<?xml version="1.0" encoding="UTF-8"?>
<!DOCTYPE html PUBLIC "-//W3C//DTD XHTML 1.0 Transitional//EN"
    "http://www.w3.org/TR/xhtml1/DTD/xhtml1-transitional.dtd">
<html xmlns="http://www.w3.org/1999/xhtml" xml:lang="en" lang="en">
 <head>
  <title>
</title>
<meta http-equiv="Content-Type" content="text/html;charset=utf-8" />
  <meta name='ocr-system' content='tesseract 3.04.00' />
  <meta name='ocr-capabilities' content='ocr_page ocr_carea ocr_par ocr_line ocrx_word'/>
</head>
<body>
  <div class='ocr_page' id='page_1' title='image "./patrologiaecurs67unkngoog_0723.png"; bbox 0 0 3750 6046; ppageno 0'>
   <div class='ocr_carea' id='block_1_1' title="bbox 8 184 1791 287">
    <p class='ocr_par' dir='ltr' id='par_1_1' title="bbox 8 184 1791 287">
     <span class='ocr_line' id='line_1_1' title="bbox 8 184 1791 287; baseline -0.01 -26"><span class='ocrx_word' id='word_1_1' title='bbox 8 282 11 287; x_wconf 85' lang='lat'>.</span> <span class='ocrx_word' id='word_1_2' title='bbox 100 184 169 261; x_wconf 79' lang='lat' dir='ltr'>ttae</span> <span class='ocrx_word' id='word_1_3' title='bbox 792 201 931 260; x_wconf 79' lang='lat' dir='ltr'>anniani</span> <span class='ocrx_word' id='word_1_4' title='bbox 950 199 982 252; x_wconf 84' lang='lat' dir='ltr'>n</span> <span class='ocrx_word' id='word_1_5' title='bbox 1009 196 1103 251; x_wconf 77' lang='lat' dir='ltr'>rara:</span> <span class='ocrx_word' id='word_1_6' title='bbox 1724 190 1791 244; x_wconf 76' lang='lat' dir='ltr'>riso</span> 
     </span>
    </p>
   </div>
   <div class='ocr_carea' id='block_1_2' title="bbox 7 315 1790 590">
    <p class='ocr_par' dir='ltr' id='par_1_2' title="bbox 7 315 1790 590">
     <span class='ocr_line' id='line_1_2' title="bbox 7 315 1790 412; baseline -0.01 -26"><span class='ocrx_word' id='word_1_7' title='bbox 7 362 10 367; x_wconf 95' lang='lat'>·</span> <span class='ocrx_word' id='word_1_8' title='bbox 90 335 187 386; x_wconf 85' lang='lat' dir='ltr'>contra</span> <span class='ocrx_word' id='word_1_9' title='bbox 203 333 334 384; x_wconf 86' lang='lat' dir='ltr'>tenorem</span> <span class='ocrx_word' id='word_1_10' title='bbox 353 330 567 401; x_wconf 84' lang='lat' dir='ltr'>privilegiorum</span> <span class='ocrx_word' id='word_1_11' title='bbox 586 330 746 402; x_wconf 82' lang='lat' dir='ltr'>apostolice</span> <span class='ocrx_word' id='word_1_12' title='bbox 766 328 840 385; x_wconf 85' lang='lat' dir='ltr'>sedis</span> <span class='ocrx_word' id='word_1_13' title='bbox 858 330 900 385; x_wconf 82' lang='lat' dir='ltr'>Si·</span> <span class='ocrx_word' id='word_1_14' title='bbox 913 328 1123 412; x_wconf 64' lang='lat' dir='ltr'>Ansurpantes</span> <span class='ocrx_word' id='word_1_15' title='bbox 1145 321 1280 376; x_wconf 88' lang='lat' dir='ltr'>canonice</span> <span class='ocrx_word' id='word_1_16' title='bbox 1306 319 1507 393; x_wconf 77' lang='lat' dir='ltr'>promulgavit,</span> <span class='ocrx_word' id='word_1_17' title='bbox 1531 335 1584 374; x_wconf 88' lang='lat' dir='ltr'>sen</span> <span class='ocrx_word' id='word_1_18' title='bbox 1608 315 1704 372; x_wconf 86' lang='lat' dir='ltr'>etiam</span> <span class='ocrx_word' id='word_1_19' title='bbox 1730 332 1790 389; x_wconf 77' lang='lat' dir='ltr'>pro</span> 
     </span>
     <span class='ocr_line' id='line_1_3' title="bbox 91 413 1790 496; baseline -0.008 -18"><span class='ocrx_word' id='word_1_20' title='bbox 91 424 220 479; x_wconf 89' lang='lat' dir='ltr'>menide</span> <span class='ocrx_word' id='word_1_21' title='bbox 239 424 391 479; x_wconf 79' lang='lat' dir='ltr'>silviniaco</span> <span class='ocrx_word' id='word_1_22' title='bbox 413 423 442 479; x_wconf 90' lang='lat' dir='ltr'>in</span> <span class='ocrx_word' id='word_1_23' title='bbox 463 425 622 495; x_wconf 91' lang='lat' dir='ltr'>primordio</span> <span class='ocrx_word' id='word_1_24' title='bbox 643 430 700 479; x_wconf 77' lang='lat' dir='ltr'>tare</span> <span class='ocrx_word' id='word_1_25' title='bbox 724 425 906 496; x_wconf 70' lang='lat' dir='ltr'>prelationis,</span> <span class='ocrx_word' id='word_1_26' title='bbox 959 416 1138 488; x_wconf 87' lang='lat' dir='ltr'>mulgavcrit,</span> <span class='ocrx_word' id='word_1_27' title='bbox 1153 433 1203 470; x_wconf 85' lang='lat' dir='ltr'>nos</span> <span class='ocrx_word' id='word_1_28' title='bbox 1217 421 1307 470; x_wconf 84' lang='lat' dir='ltr'>ratam</span> <span class='ocrx_word' id='word_1_29' title='bbox 1322 419 1350 469; x_wconf 88' lang='lat' dir='ltr'>et</span> <span class='ocrx_word' id='word_1_30' title='bbox 1365 416 1476 468; x_wconf 84' lang='lat' dir='ltr'>firmam</span> <span class='ocrx_word' id='word_1_31' title='bbox 1495 413 1659 478; x_wconf 88' lang='lat' dir='ltr'>babemus,</span> <span class='ocrx_word' id='word_1_32' title='bbox 1681 416 1713 465; x_wconf 85' lang='lat' dir='ltr'>et</span> <span class='ocrx_word' id='word_1_33' title='bbox 1728 426 1790 465; x_wconf 88' lang='lat' dir='ltr'>eam</span> 
     </span>
     <span class='ocr_line' id='line_1_4' title="bbox 92 505 1790 590; baseline -0.008 -17"><span class='ocrx_word' id='word_1_34' title='bbox 92 534 157 573; x_wconf 89' lang='lat' dir='ltr'>cnm</span> <span class='ocrx_word' id='word_1_35' title='bbox 177 518 306 572; x_wconf 83' lang='lat' dir='ltr'>nondum</span> <span class='ocrx_word' id='word_1_36' title='bbox 327 518 378 572; x_wconf 91' lang='lat' dir='ltr'>tihi</span> <span class='ocrx_word' id='word_1_37' title='bbox 400 518 568 572; x_wconf 89' lang='lat' dir='ltr'>eorumdem</span> <span class='ocrx_word' id='word_1_38' title='bbox 590 520 803 590; x_wconf 78' lang='lat' dir='ltr'>privilegiorum</span> <span class='ocrx_word' id='word_1_39' title='bbox 826 525 909 573; x_wconf 86' lang='lat' dir='ltr'>tenor</span> <span class='ocrx_word' id='word_1_40' title='bbox 958 511 1045 566; x_wconf 88' lang='lat' dir='ltr'>robur</span> <span class='ocrx_word' id='word_1_41' title='bbox 1066 511 1205 564; x_wconf 82' lang='lat' dir='ltr'>firmitatis</span> <span class='ocrx_word' id='word_1_42' title='bbox 1220 512 1366 580; x_wconf 72' lang='lat' dir='ltr'>perpetuae</span> <span class='ocrx_word' id='word_1_43' title='bbox 1384 524 1472 580; x_wconf 87' lang='lat' dir='ltr'>nsque</span> <span class='ocrx_word' id='word_1_44' title='bbox 1493 507 1532 562; x_wconf 90' lang='lat' dir='ltr'>ad</span> <span class='ocrx_word' id='word_1_45' title='bbox 1548 505 1738 577; x_wconf 72' lang='lat' dir='ltr'>condignam</span> <span class='ocrx_word' id='word_1_46' title='bbox 1752 520 1790 559; x_wconf 89' lang='lat' dir='ltr'>sa·</span> 
     </span>
    </p>
   </div>
   <div class='ocr_carea' id='block_1_3' title="bbox 91 611 907 678">
    <p class='ocr_par' dir='ltr' id='par_1_3' title="bbox 91 611 907 678">
     <span class='ocr_line' id='line_1_5' title="bbox 91 611 907 678; baseline 0.002 -12"><span class='ocrx_word' id='word_1_47' title='bbox 91 611 280 678; x_wconf 74' lang='lat' dir='ltr'>innotuisset,</span> <span class='ocrx_word' id='word_1_48' title='bbox 306 612 527 666; x_wconf 87' lang='lat' dir='ltr'>reclamantibus</span> <span class='ocrx_word' id='word_1_49' title='bbox 552 612 687 667; x_wconf 85' lang='lat' dir='ltr'>fratribus</span> <span class='ocrx_word' id='word_1_50' title='bbox 716 613 770 666; x_wconf 90' lang='lat' dir='ltr'>tuis</span> <span class='ocrx_word' id='word_1_51' title='bbox 796 630 907 668; x_wconf 87' lang='lat' dir='ltr'>conces-</span> 
     </span>
    </p>
   </div>
   <div class='ocr_carea' id='block_1_4' title="bbox 9 704 909 779">
    <p class='ocr_par' dir='ltr' id='par_1_4' title="bbox 9 704 909 779">
     <span class='ocr_line' id='line_1_6' title="bbox 9 704 909 779; baseline 0 -18"><span class='ocrx_word' id='word_1_52' title='bbox 9 756 12 761; x_wconf 88' lang='lat'>.</span> <span class='ocrx_word' id='word_1_53' title='bbox 91 705 160 759; x_wconf 88' lang='lat' dir='ltr'>sisse</span> <span class='ocrx_word' id='word_1_54' title='bbox 167 722 176 774; x_wconf 82' lang='lat'>3</span> <span class='ocrx_word' id='word_1_55' title='bbox 190 704 267 760; x_wconf 90' lang='lat' dir='ltr'>unde</span> <span class='ocrx_word' id='word_1_56' title='bbox 284 705 349 776; x_wconf 89' lang='lat' dir='ltr'>qnia</span> <span class='ocrx_word' id='word_1_57' title='bbox 365 721 415 759; x_wconf 90' lang='lat' dir='ltr'>nec</span> <span class='ocrx_word' id='word_1_58' title='bbox 430 704 508 759; x_wconf 90' lang='lat' dir='ltr'>bona</span> <span class='ocrx_word' id='word_1_59' title='bbox 525 707 610 760; x_wconf 85' lang='lat' dir='ltr'>vestri</span> <span class='ocrx_word' id='word_1_60' title='bbox 632 706 794 763; x_wconf 84' lang='lat' dir='ltr'>aionasterii</span> <span class='ocrx_word' id='word_1_61' title='bbox 815 707 909 779; x_wconf 89' lang='lat' dir='ltr'>aliqua</span> 
     </span>
    </p>
   </div>
   <div class='ocr_carea' id='block_1_5' title="bbox 89 798 910 1248">
    <p class='ocr_par' dir='ltr' id='par_1_5' title="bbox 89 798 910 1248">
     <span class='ocr_line' id='line_1_7' title="bbox 89 798 909 871; baseline 0.002 -18"><span class='ocrx_word' id='word_1_62' title='bbox 89 798 205 853; x_wconf 89' lang='lat' dir='ltr'>levitate</span> <span class='ocrx_word' id='word_1_63' title='bbox 218 798 352 865; x_wconf 90' lang='lat' dir='ltr'>diminui,</span> <span class='ocrx_word' id='word_1_64' title='bbox 366 815 417 854; x_wconf 86' lang='lat' dir='ltr'>nec</span> <span class='ocrx_word' id='word_1_65' title='bbox 431 799 578 871; x_wconf 81' lang='lat' dir='ltr'>privilegia</span> <span class='ocrx_word' id='word_1_66' title='bbox 591 801 834 870; x_wconf 79' lang='lat' dir='ltr'>praedecessorum</span> <span class='ocrx_word' id='word_1_67' title='bbox 848 818 909 856; x_wconf 91' lang='lat' dir='ltr'>nos·</span> 
     </span>
     <span class='ocr_line' id='line_1_8' title="bbox 90 892 910 966; baseline 0.002 -19"><span class='ocrx_word' id='word_1_68' title='bbox 90 896 201 947; x_wconf 90' lang='lat' dir='ltr'>trorum</span> <span class='ocrx_word' id='word_1_69' title='bbox 216 892 341 963; x_wconf 89' lang='lat' dir='ltr'>patimur</span> <span class='ocrx_word' id='word_1_70' title='bbox 354 893 463 960; x_wconf 89' lang='lat' dir='ltr'>violari,</span> <span class='ocrx_word' id='word_1_71' title='bbox 482 911 533 964; x_wconf 90' lang='lat' dir='ltr'>per</span> <span class='ocrx_word' id='word_1_72' title='bbox 548 894 698 964; x_wconf 79' lang='lat' dir='ltr'>prasentia</span> <span class='ocrx_word' id='word_1_73' title='bbox 714 895 818 966; x_wconf 87' lang='lat' dir='ltr'>scripta</span> <span class='ocrx_word' id='word_1_74' title='bbox 832 895 910 949; x_wconf 86' lang='lat' dir='ltr'>robis</span> 
     </span>
     <span class='ocr_line' id='line_1_9' title="bbox 92 987 908 1058; baseline 0.001 -17"><span class='ocrx_word' id='word_1_75' title='bbox 92 987 272 1053; x_wconf 87' lang='lat' dir='ltr'>mandamus,</span> <span class='ocrx_word' id='word_1_76' title='bbox 286 990 429 1058; x_wconf 87' lang='lat' dir='ltr'>qnatenus</span> <span class='ocrx_word' id='word_1_77' title='bbox 443 987 464 1041; x_wconf 89' lang='lat' dir='ltr'>si</span> <span class='ocrx_word' id='word_1_78' title='bbox 479 988 519 1042; x_wconf 90' lang='lat' dir='ltr'>ita</span> <span class='ocrx_word' id='word_1_79' title='bbox 531 1004 561 1042; x_wconf 89' lang='lat' dir='ltr'>sc</span> <span class='ocrx_word' id='word_1_80' title='bbox 581 1004 627 1042; x_wconf 90' lang='lat' dir='ltr'>res</span> <span class='ocrx_word' id='word_1_81' title='bbox 642 988 728 1043; x_wconf 88' lang='lat' dir='ltr'>habet</span> <span class='ocrx_word' id='word_1_82' title='bbox 746 989 781 1043; x_wconf 91' lang='lat' dir='ltr'>de</span> <span class='ocrx_word' id='word_1_83' title='bbox 804 989 908 1058; x_wconf 88' lang='lat' dir='ltr'>tabula,</span> 
     </span>
     <span class='ocr_line' id='line_1_10' title="bbox 90 1079 910 1154; baseline 0.005 -20"><span class='ocrx_word' id='word_1_84' title='bbox 90 1079 170 1135; x_wconf 92' lang='lat' dir='ltr'>illam</span> <span class='ocrx_word' id='word_1_85' title='bbox 190 1081 225 1135; x_wconf 91' lang='lat' dir='ltr'>ad</span> <span class='ocrx_word' id='word_1_86' title='bbox 246 1097 349 1135; x_wconf 88' lang='lat' dir='ltr'>manus</span> <span class='ocrx_word' id='word_1_87' title='bbox 373 1087 479 1135; x_wconf 89' lang='lat' dir='ltr'>vestras</span> <span class='ocrx_word' id='word_1_88' title='bbox 502 1087 530 1136; x_wconf 92' lang='lat' dir='ltr'>et</span> <span class='ocrx_word' id='word_1_89' title='bbox 553 1082 758 1154; x_wconf 88' lang='lat' dir='ltr'>proprietatem</span> <span class='ocrx_word' id='word_1_90' title='bbox 779 1083 910 1139; x_wconf 70' lang='lat' dir='ltr'>Ecclesiae</span> 
     </span>
     <span class='ocr_line' id='line_1_11' title="bbox 91 1174 908 1248; baseline 0.006 -20"><span class='ocrx_word' id='word_1_91' title='bbox 91 1174 228 1229; x_wconf 80' lang='lat' dir='ltr'>volociter</span> <span class='ocrx_word' id='word_1_92' title='bbox 242 1176 389 1245; x_wconf 89' lang='lat' dir='ltr'>revocetis,</span> <span class='ocrx_word' id='word_1_93' title='bbox 405 1182 432 1231; x_wconf 80' lang='lat' dir='ltr'>et</span> <span class='ocrx_word' id='word_1_94' title='bbox 451 1192 514 1247; x_wconf 83' lang='lat' dir='ltr'>quae</span> <span class='ocrx_word' id='word_1_95' title='bbox 528 1175 564 1230; x_wconf 87' lang='lat' dir='ltr'>ad</span> <span class='ocrx_word' id='word_1_96' title='bbox 582 1176 789 1248; x_wconf 84' lang='lat' dir='ltr'>proprietatem</span> <span class='ocrx_word' id='word_1_97' title='bbox 809 1194 908 1233; x_wconf 84' lang='lat' dir='ltr'>aiona-</span> 
     </span>
    </p>
   </div>
   <div class='ocr_carea' id='block_1_6' title="bbox 960 602 1641 764">
    <p class='ocr_par' dir='ltr' id='par_1_6' title="bbox 960 602 1641 764">
     <span class='ocr_line' id='line_1_12' title="bbox 960 602 1495 660; baseline -0.006 -1"><span class='ocrx_word' id='word_1_98' title='bbox 960 604 1147 660; x_wconf 84' lang='lat' dir='ltr'>tisiactiouem</span> <span class='ocrx_word' id='word_1_99' title='bbox 1164 603 1342 658; x_wconf 87' lang='lat' dir='ltr'>decernimus</span> <span class='ocrx_word' id='word_1_100' title='bbox 1354 602 1495 657; x_wconf 89' lang='lat' dir='ltr'>obtinere.</span> 
     </span>
     <span class='ocr_line' id='line_1_13' title="bbox 995 694 1641 764; baseline -0.005 -12"><span class='ocrx_word' id='word_1_101' title='bbox 995 699 1095 752; x_wconf 87' lang='lat' dir='ltr'>Datum</span> <span class='ocrx_word' id='word_1_102' title='bbox 1110 697 1272 764; x_wconf 81' lang='lat' dir='ltr'>Beneventi,</span> <span class='ocrx_word' id='word_1_103' title='bbox 1287 713 1335 752; x_wconf 83' lang='grc' dir='ltr'>ιιιι</span> <span class='ocrx_word' id='word_1_104' title='bbox 1349 696 1486 752; x_wconf 83' lang='lat' dir='ltr'>Kalendas</span> <span class='ocrx_word' id='word_1_105' title='bbox 1496 694 1641 751; x_wconf 87' lang='lat' dir='ltr'>tannarii.</span> 
     </span>
    </p>
   </div>
   <div class='ocr_carea' id='block_1_7' title="bbox 1322 810 1416 864">
    <p class='ocr_par' dir='ltr' id='par_1_7' title="bbox 1322 810 1416 864">
     <span class='ocr_line' id='line_1_14' title="bbox 1322 810 1416 864; baseline -0.021 0"><span class='ocrx_word' id='word_1_106' title='bbox 1322 810 1416 864; x_wconf 76' lang='lat' dir='ltr'>lxxv.</span> 
     </span>
    </p>
   </div>
   <div class='ocr_carea' id='block_1_8' title="bbox 962 903 1789 1133">
    <p class='ocr_par' dir='ltr' id='par_1_8' title="bbox 962 903 1789 1133">
     <span class='ocr_line' id='line_1_15' title="bbox 962 903 1789 978; baseline -0.01 -16"><span class='ocrx_word' id='word_1_107' title='bbox 962 905 1117 978; x_wconf 81' lang='lat' dir='ltr'>lltuidnino]</span> <span class='ocrx_word' id='word_1_108' title='bbox 1143 906 1445 974; x_wconf 78' lang='lat' dir='ltr'>Hierosolymitnnornm</span> <span class='ocrx_word' id='word_1_109' title='bbox 1467 906 1526 973; x_wconf 78' lang='lat' dir='ltr'>rapi</span> <span class='ocrx_word' id='word_1_110' title='bbox 1547 903 1687 974; x_wconf 81' lang='lat' dir='ltr'>praecipit</span> <span class='ocrx_word' id='word_1_111' title='bbox 1712 906 1746 956; x_wconf 88' lang='lat' dir='ltr'>nt</span> <span class='ocrx_word' id='word_1_112' title='bbox 1764 908 1789 955; x_wconf 78' lang='lat' dir='ltr'>rr</span> 
     </span>
     <span class='ocr_line' id='line_1_16' title="bbox 992 983 1786 1057; baseline -0.006 -17"><span class='ocrx_word' id='word_1_113' title='bbox 992 988 1136 1057; x_wconf 81' lang='lat' dir='ltr'>pecuniam</span> <span class='ocrx_word' id='word_1_114' title='bbox 1151 992 1176 1040; x_wconf 89' lang='lat' dir='ltr'>ct</span> <span class='ocrx_word' id='word_1_115' title='bbox 1190 1001 1285 1039; x_wconf 82' lang='lat' dir='ltr'>tranem</span> <span class='ocrx_word' id='word_1_116' title='bbox 1296 1000 1346 1054; x_wconf 85' lang='lat' dir='ltr'>prr</span> <span class='ocrx_word' id='word_1_117' title='bbox 1358 984 1415 1053; x_wconf 82' lang='lat' dir='ltr'>ejas</span> <span class='ocrx_word' id='word_1_118' title='bbox 1430 984 1550 1038; x_wconf 83' lang='lat' dir='ltr'>homines</span> <span class='ocrx_word' id='word_1_119' title='bbox 1570 983 1706 1038; x_wconf 83' lang='lat' dir='ltr'>oblatum</span> <span class='ocrx_word' id='word_1_120' title='bbox 1721 984 1786 1036; x_wconf 82' lang='lat' dir='ltr'>ciri·</span> 
     </span>
     <span class='ocr_line' id='line_1_17' title="bbox 996 1065 1473 1133; baseline -0.006 -13"><span class='ocrx_word' id='word_1_121' title='bbox 996 1068 1045 1120; x_wconf 88' lang='lat' dir='ltr'>bus</span> <span class='ocrx_word' id='word_1_122' title='bbox 1058 1066 1237 1120; x_wconf 80' lang='lat' dir='ltr'>Jrrrrnensthns</span> <span class='ocrx_word' id='word_1_123' title='bbox 1250 1067 1359 1119; x_wconf 74' lang='lat' dir='ltr'>restitui</span> <span class='ocrx_word' id='word_1_124' title='bbox 1367 1065 1473 1133; x_wconf 81' lang='lat' dir='ltr'>jubeat.</span> 
     </span>
    </p>
   </div>
   <div class='ocr_carea' id='block_1_9' title="bbox 1193 1166 1542 1237">
    <p class='ocr_par' dir='ltr' id='par_1_9' title="bbox 1193 1166 1542 1237">
     <span class='ocr_line' id='line_1_18' title="bbox 1193 1166 1542 1237; baseline 0.003 -17"><span class='ocrx_word' id='word_1_125' title='bbox 1193 1167 1364 1237; x_wconf 70' lang='lat' dir='ltr'>(Beneventi,</span> <span class='ocrx_word' id='word_1_126' title='bbox 1381 1166 1542 1233; x_wconf 74' lang='lat' dir='ltr'>Non-Dec.)</span> 
     </span>
    </p>
   </div>
   <div class='ocr_carea' id='block_1_10' title="bbox 91 1268 1787 1352">
    <p class='ocr_par' dir='ltr' id='par_1_10' title="bbox 91 1268 1787 1352">
     <span class='ocr_line' id='line_1_19' title="bbox 91 1268 1787 1352; baseline 0.004 -30"><span class='ocrx_word' id='word_1_127' title='bbox 91 1268 168 1323; x_wconf 86' lang='lat' dir='ltr'>sterii</span> <span class='ocrx_word' id='word_1_128' title='bbox 182 1269 339 1340; x_wconf 83' lang='lat' dir='ltr'>pertinent,</span> <span class='ocrx_word' id='word_1_129' title='bbox 354 1269 472 1336; x_wconf 90' lang='lat' dir='ltr'>donare,</span> <span class='ocrx_word' id='word_1_130' title='bbox 489 1269 623 1337; x_wconf 86' lang='lat' dir='ltr'>vendere,</span> <span class='ocrx_word' id='word_1_131' title='bbox 636 1271 679 1324; x_wconf 88' lang='lat' dir='ltr'>rel</span> <span class='ocrx_word' id='word_1_132' title='bbox 693 1271 911 1341; x_wconf 83' lang='lat' dir='ltr'>quomodolibet</span> <span class='ocrx_word' id='word_1_133' title='bbox 963 1278 1084 1352; x_wconf 63' lang='lat' dir='ltr'>inuitari,</span> <span class='ocrx_word' id='word_1_134' title='bbox 1103 1280 1207 1336; x_wconf 79' lang='lat' dir='ltr'>Annei.</span> <span class='ocrx_word' id='word_1_135' title='bbox 1230 1280 1374 1340; x_wconf 75' lang='lat' dir='ltr'>Gennaes..</span> <span class='ocrx_word' id='word_1_136' title='bbox 1395 1294 1440 1348; x_wconf 88' lang='lat' dir='ltr'>ap.</span> <span class='ocrx_word' id='word_1_137' title='bbox 1457 1278 1614 1345; x_wconf 80' lang='lat' dir='ltr'>ldvrasroar,</span> <span class='ocrx_word' id='word_1_138' title='bbox 1635 1281 1704 1334; x_wconf 79' lang='lat' dir='ltr'>fler.</span> <span class='ocrx_word' id='word_1_139' title='bbox 1725 1277 1787 1333; x_wconf 84' lang='lat' dir='ltr'>ital.</span> 
     </span>
    </p>
   </div>
   <div class='ocr_carea' id='block_1_11' title="bbox 90 1361 909 1618">
    <p class='ocr_par' dir='ltr' id='par_1_11' title="bbox 90 1361 909 1618">
     <span class='ocr_line' id='line_1_20' title="bbox 90 1361 909 1436; baseline 0.006 -21"><span class='ocrx_word' id='word_1_140' title='bbox 90 1361 215 1416; x_wconf 87' lang='lat' dir='ltr'>alienare</span> <span class='ocrx_word' id='word_1_141' title='bbox 225 1361 386 1417; x_wconf 87' lang='lat' dir='ltr'>nullatenus</span> <span class='ocrx_word' id='word_1_142' title='bbox 397 1363 589 1434; x_wconf 65' lang='lat' dir='ltr'>praesumatis.</span> <span class='ocrx_word' id='word_1_143' title='bbox 601 1363 731 1435; x_wconf 77' lang='lat' dir='ltr'>Alioquin</span> <span class='ocrx_word' id='word_1_144' title='bbox 743 1366 869 1436; x_wconf 79' lang='lat' dir='ltr'>graviter</span> <span class='ocrx_word' id='word_1_145' title='bbox 879 1366 909 1420; x_wconf 89' lang='lat' dir='ltr'>in</span> 
     </span>
     <span class='ocr_line' id='line_1_21' title="bbox 93 1456 516 1511; baseline 0.007 -3"><span class='ocrx_word' id='word_1_146' title='bbox 93 1471 140 1509; x_wconf 87' lang='lat' dir='ltr'>vos</span> <span class='ocrx_word' id='word_1_147' title='bbox 153 1456 290 1510; x_wconf 90' lang='lat' dir='ltr'>noveritis</span> <span class='ocrx_word' id='word_1_148' title='bbox 306 1456 516 1511; x_wconf 87' lang='lat' dir='ltr'>vindicandum.</span> 
     </span>
     <span class='ocr_line' id='line_1_22' title="bbox 127 1549 786 1618; baseline 0.005 -15"><span class='ocrx_word' id='word_1_149' title='bbox 127 1550 228 1604; x_wconf 85' lang='lat' dir='ltr'>Datum</span> <span class='ocrx_word' id='word_1_150' title='bbox 245 1550 405 1618; x_wconf 80' lang='lat' dir='ltr'>Beneventi,</span> <span class='ocrx_word' id='word_1_151' title='bbox 420 1567 447 1605; x_wconf 84' lang='grc' dir='ltr'>ιιι</span> <span class='ocrx_word' id='word_1_152' title='bbox 465 1549 595 1605; x_wconf 89' lang='lat' dir='ltr'>lialendis</span> <span class='ocrx_word' id='word_1_153' title='bbox 611 1550 786 1607; x_wconf 81' lang='lat' dir='ltr'>Decembris.</span> 
     </span>
    </p>
   </div>
   <div class='ocr_carea' id='block_1_12' title="bbox 447 1653 557 1707">
    <p class='ocr_par' dir='ltr' id='par_1_12' title="bbox 447 1653 557 1707">
     <span class='ocr_line' id='line_1_23' title="bbox 447 1653 557 1707; baseline -0.018 0"><span class='ocrx_word' id='word_1_154' title='bbox 447 1653 557 1707; x_wconf 84' lang='lat' dir='ltr'>Llllilll.</span> 
     </span>
    </p>
   </div>
   <div class='ocr_carea' id='block_1_13' title="bbox 960 1348 1787 1698">
    <p class='ocr_par' dir='ltr' id='par_1_13' title="bbox 960 1348 1787 1698">
     <span class='ocr_line' id='line_1_24' title="bbox 1238 1348 1496 1422; baseline -0.008 -16"><span class='ocrx_word' id='word_1_155' title='bbox 1238 1352 1349 1420; x_wconf 70' lang='lat' dir='ltr'>Script„</span> <span class='ocrx_word' id='word_1_156' title='bbox 1365 1350 1408 1416; x_wconf 86' lang='lat' dir='ltr'>vl,</span> <span class='ocrx_word' id='word_1_157' title='bbox 1424 1348 1496 1422; x_wconf 76' lang='lat' dir='ltr'>roo]</span> 
     </span>
     <span class='ocr_line' id='line_1_25' title="bbox 995 1450 1783 1524; baseline -0.008 -15"><span class='ocrx_word' id='word_1_158' title='bbox 995 1457 1132 1509; x_wconf 77' lang='lat' dir='ltr'>Annianus</span> <span class='ocrx_word' id='word_1_159' title='bbox 1149 1452 1417 1524; x_wconf 65' lang='lat' dir='ltr'>episcopusservus</span> <span class='ocrx_word' id='word_1_160' title='bbox 1432 1467 1583 1506; x_wconf 89' lang='lat' dir='ltr'>servorum</span> <span class='ocrx_word' id='word_1_161' title='bbox 1602 1452 1664 1520; x_wconf 85' lang='lat' dir='ltr'>Dei,</span> <span class='ocrx_word' id='word_1_162' title='bbox 1680 1450 1783 1505; x_wconf 87' lang='lat' dir='ltr'>illustri</span> 
     </span>
     <span class='ocr_line' id='line_1_26' title="bbox 962 1544 1787 1618; baseline -0.005 -16"><span class='ocrx_word' id='word_1_163' title='bbox 962 1547 1277 1618; x_wconf 80' lang='lat' dir='ltr'>hierosolymitanorum</span> <span class='ocrx_word' id='word_1_164' title='bbox 1300 1546 1373 1616; x_wconf 77' lang='lat' dir='ltr'>regi,</span> <span class='ocrx_word' id='word_1_165' title='bbox 1400 1546 1520 1600; x_wconf 89' lang='lat' dir='ltr'>salutem</span> <span class='ocrx_word' id='word_1_166' title='bbox 1543 1550 1572 1601; x_wconf 90' lang='lat' dir='ltr'>et</span> <span class='ocrx_word' id='word_1_167' title='bbox 1594 1544 1787 1616; x_wconf 88' lang='lat' dir='ltr'>apostolicam</span> 
     </span>
     <span class='ocr_line' id='line_1_27' title="bbox 960 1641 1201 1698; baseline -0.008 -2"><span class='ocrx_word' id='word_1_168' title='bbox 960 1641 1201 1698; x_wconf 86' lang='lat' dir='ltr'>benedictionem.</span> 
     </span>
    </p>
   </div>
   <div class='ocr_carea' id='block_1_14' title="bbox 21 1711 1784 1819">
    <p class='ocr_par' dir='ltr' id='par_1_14' title="bbox 21 1711 1784 1819">
     <span class='ocr_line' id='line_1_28' title="bbox 21 1711 1784 1819; baseline 0.002 -36"><span class='ocrx_word' id='word_1_169' title='bbox 21 1778 24 1783; x_wconf 92' lang='lat'>.</span> <span class='ocrx_word' id='word_1_170' title='bbox 91 1747 334 1802; x_wconf 62' lang='lat' dir='ltr'>Appurommem</span> <span class='ocrx_word' id='word_1_171' title='bbox 351 1747 589 1817; x_wconf 54' lang='lat' dir='ltr'>archiepiscoppm,</span> <span class='ocrx_word' id='word_1_172' title='bbox 606 1777 639 1787; x_wconf 76' lang='grc'><strong>-</strong></span> <span class='ocrx_word' id='word_1_173' title='bbox 658 1748 691 1801; x_wconf 69' lang='lat' dir='ltr'>Ur</span> <span class='ocrx_word' id='word_1_174' title='bbox 708 1711 949 1819; x_wconf 69' lang='lat' dir='ltr'>‹immersam-B</span> <span class='ocrx_word' id='word_1_175' title='bbox 995 1735 1036 1791; x_wconf 82' lang='lat' dir='ltr'>hd</span> <span class='ocrx_word' id='word_1_176' title='bbox 1053 1735 1151 1789; x_wconf 91' lang='lat' dir='ltr'>hocin</span> <span class='ocrx_word' id='word_1_177' title='bbox 1172 1733 1311 1788; x_wconf 87' lang='lat' dir='ltr'>eminenti</span> <span class='ocrx_word' id='word_1_178' title='bbox 1325 1734 1400 1788; x_wconf 88' lang='lat' dir='ltr'>sedis</span> <span class='ocrx_word' id='word_1_179' title='bbox 1418 1732 1581 1805; x_wconf 73' lang='lat' dir='ltr'>apostolicae</span> <span class='ocrx_word' id='word_1_180' title='bbox 1599 1733 1730 1804; x_wconf 83' lang='lat' dir='ltr'>specula,</span> <span class='ocrx_word' id='word_1_181' title='bbox 1747 1733 1784 1788; x_wconf 90' lang='lat' dir='ltr'>di-</span> 
     </span>
    </p>
   </div>
   <div class='ocr_carea' id='block_1_15' title="bbox 256 1828 744 2085">
    <p class='ocr_par' dir='ltr' id='par_1_15' title="bbox 256 1828 744 2085">
     <span class='ocr_line' id='line_1_29' title="bbox 307 1828 696 1897; baseline 0.003 -17"><span class='ocrx_word' id='word_1_182' title='bbox 307 1832 356 1881; x_wconf 85' lang='lat' dir='ltr'>nat</span> <span class='ocrx_word' id='word_1_183' title='bbox 370 1842 431 1881; x_wconf 83' lang='lat' dir='ltr'>carn</span> <span class='ocrx_word' id='word_1_184' title='bbox 444 1830 564 1897; x_wconf 83' lang='lat' dir='ltr'>episcopo</span> <span class='ocrx_word' id='word_1_185' title='bbox 579 1828 696 1881; x_wconf 79' lang='lat' dir='ltr'>llolcnsi.</span> 
     </span>
     <span class='ocr_line' id='line_1_30' title="bbox 339 1920 667 1991; baseline 0.003 -17"><span class='ocrx_word' id='word_1_186' title='bbox 339 1920 515 1991; x_wconf 85' lang='lat' dir='ltr'>(Beneventi,</span> <span class='ocrx_word' id='word_1_187' title='bbox 528 1921 592 1975; x_wconf 85' lang='lat' dir='ltr'>Dec.</span> <span class='ocrx_word' id='word_1_188' title='bbox 610 1924 667 1990; x_wconf 81' lang='lat'>20.)</span> 
     </span>
     <span class='ocr_line' id='line_1_31' title="bbox 256 2015 744 2085; baseline 0.004 -19"><span class='ocrx_word' id='word_1_189' title='bbox 256 2015 297 2085; x_wconf 85' lang='lat' dir='ltr'>[o.</span> <span class='ocrx_word' id='word_1_190' title='bbox 317 2016 451 2082; x_wconf 77' lang='lat' dir='ltr'>Boeotum,</span> <span class='ocrx_word' id='word_1_191' title='bbox 467 2016 584 2076; x_wconf 84' lang='lat' dir='ltr'>Recueil,</span> <span class='ocrx_word' id='word_1_192' title='bbox 599 2015 653 2080; x_wconf 77' lang='lat' dir='ltr'>nt,</span> <span class='ocrx_word' id='word_1_193' title='bbox 670 2015 744 2084; x_wconf 65' lang='lat'>672]</span> 
     </span>
    </p>
   </div>
   <div class='ocr_carea' id='block_1_16' title="bbox 960 1826 1787 2085">
    <p class='ocr_par' dir='ltr' id='par_1_16' title="bbox 960 1826 1787 2085">
     <span class='ocr_line' id='line_1_32' title="bbox 960 1826 1785 1898; baseline -0.002 -15"><span class='ocrx_word' id='word_1_194' title='bbox 960 1830 1026 1883; x_wconf 88' lang='lat' dir='ltr'>vina</span> <span class='ocrx_word' id='word_1_195' title='bbox 1043 1845 1139 1882; x_wconf 86' lang='lat' dir='ltr'>sumus</span> <span class='ocrx_word' id='word_1_196' title='bbox 1155 1828 1322 1898; x_wconf 85' lang='lat' dir='ltr'>disponente</span> <span class='ocrx_word' id='word_1_197' title='bbox 1338 1827 1427 1898; x_wconf 81' lang='lat' dir='ltr'>gratia</span> <span class='ocrx_word' id='word_1_198' title='bbox 1445 1826 1604 1893; x_wconf 88' lang='lat' dir='ltr'>constituti,</span> <span class='ocrx_word' id='word_1_199' title='bbox 1625 1830 1659 1881; x_wconf 88' lang='lat' dir='ltr'>ut</span> <span class='ocrx_word' id='word_1_200' title='bbox 1682 1833 1785 1882; x_wconf 78' lang='lat' dir='ltr'>nostra</span> 
     </span>
     <span class='ocr_line' id='line_1_33' title="bbox 961 1921 1787 1992; baseline -0.005 -14"><span class='ocrx_word' id='word_1_201' title='bbox 961 1922 1194 1978; x_wconf 78' lang='lat' dir='ltr'>considerationis</span> <span class='ocrx_word' id='word_1_202' title='bbox 1213 1921 1325 1976; x_wconf 88' lang='lat' dir='ltr'>oculum</span> <span class='ocrx_word' id='word_1_203' title='bbox 1346 1921 1382 1975; x_wconf 86' lang='lat' dir='ltr'>ad</span> <span class='ocrx_word' id='word_1_204' title='bbox 1405 1921 1552 1975; x_wconf 86' lang='lat' dir='ltr'>universas</span> <span class='ocrx_word' id='word_1_205' title='bbox 1567 1921 1677 1976; x_wconf 88' lang='lat' dir='ltr'>mnndi</span> <span class='ocrx_word' id='word_1_206' title='bbox 1694 1926 1787 1992; x_wconf 85' lang='lat' dir='ltr'>parles</span> 
     </span>
     <span class='ocr_line' id='line_1_34' title="bbox 961 2014 1785 2085; baseline -0.001 -16"><span class='ocrx_word' id='word_1_207' title='bbox 961 2016 1114 2071; x_wconf 82' lang='lat' dir='ltr'>extendere</span> <span class='ocrx_word' id='word_1_208' title='bbox 1133 2014 1299 2082; x_wconf 88' lang='lat' dir='ltr'>debeamus,</span> <span class='ocrx_word' id='word_1_209' title='bbox 1315 2019 1343 2068; x_wconf 87' lang='lat' dir='ltr'>et</span> <span class='ocrx_word' id='word_1_210' title='bbox 1362 2019 1394 2068; x_wconf 90' lang='lat' dir='ltr'>ut</span> <span class='ocrx_word' id='word_1_211' title='bbox 1413 2031 1457 2082; x_wconf 88' lang='lat' dir='ltr'>ea,</span> <span class='ocrx_word' id='word_1_212' title='bbox 1472 2030 1537 2085; x_wconf 70' lang='lat' dir='ltr'>qnae</span> <span class='ocrx_word' id='word_1_213' title='bbox 1550 2016 1657 2069; x_wconf 84' lang='lat' dir='ltr'>contra</span> <span class='ocrx_word' id='word_1_214' title='bbox 1667 2014 1785 2085; x_wconf 76' lang='lat' dir='ltr'>justitia·</span> 
     </span>
    </p>
   </div>
   <div class='ocr_carea' id='block_1_17' title="bbox 59 2106 1786 3877">
    <p class='ocr_par' dir='ltr' id='par_1_17' title="bbox 59 2106 1786 3877">
     <span class='ocr_line' id='line_1_35' title="bbox 126 2106 1785 2179; baseline 0.001 -18"><span class='ocrx_word' id='word_1_215' title='bbox 126 2107 231 2161; x_wconf 79' lang='lat' dir='ltr'>Adhuc</span> <span class='ocrx_word' id='word_1_216' title='bbox 242 2107 346 2162; x_wconf 90' lang='lat' dir='ltr'>summi</span> <span class='ocrx_word' id='word_1_217' title='bbox 358 2109 536 2179; x_wconf 86' lang='lat' dir='ltr'>pontilicatus</span> <span class='ocrx_word' id='word_1_218' title='bbox 551 2107 677 2162; x_wconf 85' lang='lat' dir='ltr'>officium</span> <span class='ocrx_word' id='word_1_219' title='bbox 692 2108 772 2162; x_wconf 89' lang='lat' dir='ltr'>nohis</span> <span class='ocrx_word' id='word_1_220' title='bbox 786 2111 838 2175; x_wconf 89' lang='lat' dir='ltr'>est,</span> <span class='ocrx_word' id='word_1_221' title='bbox 856 2109 907 2162; x_wconf 79' lang='lat' dir='ltr'>llo</span> <span class='ocrx_word' id='word_1_222' title='bbox 961 2109 1117 2176; x_wconf 83' lang='lat' dir='ltr'>tramitem,</span> <span class='ocrx_word' id='word_1_223' title='bbox 1133 2115 1161 2162; x_wconf 86' lang='lat' dir='ltr'>et</span> <span class='ocrx_word' id='word_1_224' title='bbox 1177 2108 1285 2162; x_wconf 89' lang='lat' dir='ltr'>ordinis</span> <span class='ocrx_word' id='word_1_225' title='bbox 1305 2107 1445 2162; x_wconf 86' lang='lat' dir='ltr'>rationem</span> <span class='ocrx_word' id='word_1_226' title='bbox 1467 2106 1623 2161; x_wconf 90' lang='lat' dir='ltr'>commissa</span> <span class='ocrx_word' id='word_1_227' title='bbox 1648 2125 1715 2161; x_wconf 87' lang='lat' dir='ltr'>esse</span> <span class='ocrx_word' id='word_1_228' title='bbox 1735 2124 1785 2162; x_wconf 91' lang='lat' dir='ltr'>no·</span> 
     </span>
     <span class='ocr_line' id='line_1_36' title="bbox 94 2201 1786 2274; baseline 0 -19"><span class='ocrx_word' id='word_1_229' title='bbox 94 2201 171 2256; x_wconf 91' lang='lat' dir='ltr'>mino</span> <span class='ocrx_word' id='word_1_230' title='bbox 186 2201 365 2271; x_wconf 86' lang='lat' dir='ltr'>disponente,</span> <span class='ocrx_word' id='word_1_231' title='bbox 383 2201 578 2270; x_wconf 86' lang='lat' dir='ltr'>commissum,</span> <span class='ocrx_word' id='word_1_232' title='bbox 594 2207 625 2256; x_wconf 92' lang='lat' dir='ltr'>ut</span> <span class='ocrx_word' id='word_1_233' title='bbox 641 2202 789 2256; x_wconf 83' lang='lat' dir='ltr'>universos</span> <span class='ocrx_word' id='word_1_234' title='bbox 806 2201 911 2257; x_wconf 84' lang='lat' dir='ltr'>Christi</span> <span class='ocrx_word' id='word_1_235' title='bbox 961 2211 1089 2269; x_wconf 88' lang='lat' dir='ltr'>senatur,</span> <span class='ocrx_word' id='word_1_236' title='bbox 1112 2220 1163 2257; x_wconf 91' lang='lat' dir='ltr'>nos</span> <span class='ocrx_word' id='word_1_237' title='bbox 1186 2205 1313 2274; x_wconf 89' lang='lat' dir='ltr'>oporteat</span> <span class='ocrx_word' id='word_1_238' title='bbox 1335 2201 1470 2255; x_wconf 89' lang='lat' dir='ltr'>attentius</span> <span class='ocrx_word' id='word_1_239' title='bbox 1494 2201 1665 2255; x_wconf 87' lang='lat' dir='ltr'>emendare..</span> <span class='ocrx_word' id='word_1_240' title='bbox 1692 2202 1786 2256; x_wconf 83' lang='lat' dir='ltr'>[tilecti</span> 
     </span>
     <span class='ocr_line' id='line_1_37' title="bbox 91 2294 1783 2367; baseline 0 -19"><span class='ocrx_word' id='word_1_241' title='bbox 91 2294 199 2365; x_wconf 74' lang='lat' dir='ltr'>tidelm,</span> <span class='ocrx_word' id='word_1_242' title='bbox 213 2296 242 2349; x_wconf 93' lang='lat' dir='ltr'>iu</span> <span class='ocrx_word' id='word_1_243' title='bbox 258 2302 398 2366; x_wconf 85' lang='lat' dir='ltr'>quantuni</span> <span class='ocrx_word' id='word_1_244' title='bbox 413 2311 479 2349; x_wconf 91' lang='lat' dir='ltr'>cum</span> <span class='ocrx_word' id='word_1_245' title='bbox 495 2297 550 2350; x_wconf 81' lang='lat' dir='ltr'>ileo</span> <span class='ocrx_word' id='word_1_246' title='bbox 571 2312 732 2367; x_wconf 90' lang='lat' dir='ltr'>possumus,</span> <span class='ocrx_word' id='word_1_247' title='bbox 748 2296 777 2351; x_wconf 91' lang='lat' dir='ltr'>in</span> <span class='ocrx_word' id='word_1_248' title='bbox 792 2313 842 2350; x_wconf 90' lang='lat' dir='ltr'>sno</span> <span class='ocrx_word' id='word_1_249' title='bbox 860 2297 908 2350; x_wconf 89' lang='lat' dir='ltr'>de·</span> <span class='ocrx_word' id='word_1_250' title='bbox 959 2301 1056 2353; x_wconf 89' lang='lat' dir='ltr'>autem</span> <span class='ocrx_word' id='word_1_251' title='bbox 1077 2297 1128 2351; x_wconf 89' lang='lat' dir='ltr'>tilii</span> <span class='ocrx_word' id='word_1_252' title='bbox 1149 2297 1234 2350; x_wconf 90' lang='lat' dir='ltr'>nostri</span> <span class='ocrx_word' id='word_1_253' title='bbox 1250 2298 1406 2351; x_wconf 80' lang='lat' dir='ltr'>tanuenses</span> <span class='ocrx_word' id='word_1_254' title='bbox 1420 2295 1492 2348; x_wconf 90' lang='lat' dir='ltr'>cives</span> <span class='ocrx_word' id='word_1_255' title='bbox 1511 2294 1622 2349; x_wconf 87' lang='lat' dir='ltr'>directa</span> <span class='ocrx_word' id='word_1_256' title='bbox 1642 2312 1740 2366; x_wconf 88' lang='lat' dir='ltr'>nuper</span> <span class='ocrx_word' id='word_1_257' title='bbox 1752 2295 1783 2349; x_wconf 90' lang='lat' dir='ltr'>ad</span> 
     </span>
     <span class='ocr_line' id='line_1_38' title="bbox 91 2388 1784 2463; baseline 0.001 -20"><span class='ocrx_word' id='word_1_258' title='bbox 91 2388 211 2444; x_wconf 87' lang='lat' dir='ltr'>beamus</span> <span class='ocrx_word' id='word_1_259' title='bbox 221 2389 287 2460; x_wconf 86' lang='lat' dir='ltr'>jure</span> <span class='ocrx_word' id='word_1_260' title='bbox 303 2389 409 2459; x_wconf 86' lang='lat' dir='ltr'>lovere,</span> <span class='ocrx_word' id='word_1_261' title='bbox 426 2393 454 2443; x_wconf 93' lang='lat' dir='ltr'>et</span> <span class='ocrx_word' id='word_1_262' title='bbox 469 2389 623 2461; x_wconf 87' lang='lat' dir='ltr'>unicuique</span> <span class='ocrx_word' id='word_1_263' title='bbox 636 2407 687 2443; x_wconf 88' lang='lat' dir='ltr'>nos</span> <span class='ocrx_word' id='word_1_264' title='bbox 703 2396 833 2461; x_wconf 87' lang='lat' dir='ltr'>oporteat</span> <span class='ocrx_word' id='word_1_265' title='bbox 847 2406 910 2461; x_wconf 89' lang='lat' dir='ltr'>pro·</span> <span class='ocrx_word' id='word_1_266' title='bbox 960 2409 1012 2446; x_wconf 89' lang='lat' dir='ltr'>nos</span> <span class='ocrx_word' id='word_1_267' title='bbox 1026 2391 1184 2463; x_wconf 79' lang='lat' dir='ltr'>quastione</span> <span class='ocrx_word' id='word_1_268' title='bbox 1202 2393 1403 2457; x_wconf 66' lang='lat' dir='ltr'>{nonstrarunt</span> <span class='ocrx_word' id='word_1_269' title='bbox 1422 2388 1496 2459; x_wconf 90' lang='lat' dir='ltr'>quod</span> <span class='ocrx_word' id='word_1_270' title='bbox 1519 2388 1657 2443; x_wconf 86' lang='lat' dir='ltr'>homines</span> <span class='ocrx_word' id='word_1_271' title='bbox 1680 2389 1724 2442; x_wconf 92' lang='lat' dir='ltr'>tui</span> <span class='ocrx_word' id='word_1_272' title='bbox 1738 2405 1784 2460; x_wconf 90' lang='lat' dir='ltr'>pe·</span> 
     </span>
     <span class='ocr_line' id='line_1_39' title="bbox 90 2482 1784 2555; baseline -0.001 -19"><span class='ocrx_word' id='word_1_273' title='bbox 90 2482 183 2553; x_wconf 89' lang='lat' dir='ltr'>priam</span> <span class='ocrx_word' id='word_1_274' title='bbox 198 2482 339 2554; x_wconf 85' lang='lat' dir='ltr'>justitiam</span> <span class='ocrx_word' id='word_1_275' title='bbox 359 2499 533 2538; x_wconf 87' lang='lat' dir='ltr'>conservare.</span> <span class='ocrx_word' id='word_1_276' title='bbox 550 2484 616 2538; x_wconf 89' lang='lat' dir='ltr'>tude</span> <span class='ocrx_word' id='word_1_277' title='bbox 636 2487 678 2539; x_wconf 85' lang='lat' dir='ltr'>est</span> <span class='ocrx_word' id='word_1_278' title='bbox 698 2485 772 2555; x_wconf 91' lang='lat' dir='ltr'>quod</span> <span class='ocrx_word' id='word_1_279' title='bbox 793 2488 908 2539; x_wconf 88' lang='lat' dir='ltr'>contro·</span> <span class='ocrx_word' id='word_1_280' title='bbox 958 2486 1072 2540; x_wconf 89' lang='lat' dir='ltr'>cuniam</span> <span class='ocrx_word' id='word_1_281' title='bbox 1093 2487 1122 2538; x_wconf 89' lang='lat' dir='ltr'>et</span> <span class='ocrx_word' id='word_1_282' title='bbox 1138 2500 1249 2551; x_wconf 86' lang='lat' dir='ltr'>navem,</span> <span class='ocrx_word' id='word_1_283' title='bbox 1271 2484 1300 2536; x_wconf 94' lang='lat' dir='ltr'>in</span> <span class='ocrx_word' id='word_1_284' title='bbox 1326 2499 1381 2553; x_wconf 90' lang='lat' dir='ltr'>qua</span> <span class='ocrx_word' id='word_1_285' title='bbox 1402 2482 1461 2553; x_wconf 91' lang='lat' dir='ltr'>ipsa</span> <span class='ocrx_word' id='word_1_286' title='bbox 1480 2482 1606 2552; x_wconf 83' lang='lat' dir='ltr'>pecunia</span> <span class='ocrx_word' id='word_1_287' title='bbox 1628 2482 1784 2549; x_wconf 82' lang='lat' dir='ltr'>serebatur,</span> 
     </span>
     <span class='ocr_line' id='line_1_40' title="bbox 90 2574 1783 2648; baseline -0.001 -19"><span class='ocrx_word' id='word_1_288' title='bbox 90 2576 221 2643; x_wconf 86' lang='lat' dir='ltr'>versiam,</span> <span class='ocrx_word' id='word_1_289' title='bbox 236 2593 298 2648; x_wconf 82' lang='lat' dir='ltr'>qum</span> <span class='ocrx_word' id='word_1_290' title='bbox 315 2577 389 2632; x_wconf 88' lang='lat' dir='ltr'>inter</span> <span class='ocrx_word' id='word_1_291' title='bbox 402 2581 428 2630; x_wconf 89' lang='lat' dir='ltr'>te</span> <span class='ocrx_word' id='word_1_292' title='bbox 447 2580 475 2631; x_wconf 91' lang='lat' dir='ltr'>et</span> <span class='ocrx_word' id='word_1_293' title='bbox 490 2578 682 2631; x_wconf 80' lang='lat' dir='ltr'>venerabilem</span> <span class='ocrx_word' id='word_1_294' title='bbox 702 2577 820 2632; x_wconf 80' lang='lat' dir='ltr'>fratrem</span> <span class='ocrx_word' id='word_1_295' title='bbox 842 2596 906 2632; x_wconf 89' lang='lat' dir='ltr'>nos·</span> <span class='ocrx_word' id='word_1_296' title='bbox 960 2579 1010 2647; x_wconf 77' lang='lat' dir='ltr'>cis,</span> <span class='ocrx_word' id='word_1_297' title='bbox 1033 2580 1111 2632; x_wconf 90' lang='lat' dir='ltr'>nulla</span> <span class='ocrx_word' id='word_1_298' title='bbox 1127 2577 1287 2632; x_wconf 85' lang='lat' dir='ltr'>rationabili</span> <span class='ocrx_word' id='word_1_299' title='bbox 1307 2593 1390 2629; x_wconf 89' lang='lat' dir='ltr'>causa</span> <span class='ocrx_word' id='word_1_300' title='bbox 1408 2575 1633 2641; x_wconf 84' lang='lat' dir='ltr'>interveniente,</span> <span class='ocrx_word' id='word_1_301' title='bbox 1654 2592 1711 2648; x_wconf 88' lang='lat' dir='ltr'>per</span> <span class='ocrx_word' id='word_1_302' title='bbox 1728 2574 1783 2628; x_wconf 81' lang='lat' dir='ltr'>vio-</span> 
     </span>
     <span class='ocr_line' id='line_1_41' title="bbox 91 2669 1785 2743; baseline 0 -20"><span class='ocrx_word' id='word_1_303' title='bbox 91 2672 166 2724; x_wconf 89' lang='lat' dir='ltr'>trnm</span> <span class='ocrx_word' id='word_1_304' title='bbox 191 2671 222 2724; x_wconf 89' lang='lat' dir='ltr'>H.</span> <span class='ocrx_word' id='word_1_305' title='bbox 247 2669 417 2743; x_wconf 70' lang='lat' dir='ltr'>[Erigonem]</span> <span class='ocrx_word' id='word_1_306' title='bbox 436 2672 585 2725; x_wconf 89' lang='lat' dir='ltr'>llolensem</span> <span class='ocrx_word' id='word_1_307' title='bbox 606 2671 853 2742; x_wconf 89' lang='lat' dir='ltr'>archiepiscopum</span> <span class='ocrx_word' id='word_1_308' title='bbox 873 2673 909 2727; x_wconf 90' lang='lat' dir='ltr'>de</span> <span class='ocrx_word' id='word_1_309' title='bbox 959 2673 1077 2727; x_wconf 90' lang='lat' dir='ltr'>lentiam</span> <span class='ocrx_word' id='word_1_310' title='bbox 1106 2671 1291 2739; x_wconf 90' lang='lat' dir='ltr'>abstulerint,</span> <span class='ocrx_word' id='word_1_311' title='bbox 1321 2674 1348 2725; x_wconf 90' lang='lat' dir='ltr'>el</span> <span class='ocrx_word' id='word_1_312' title='bbox 1376 2687 1462 2740; x_wconf 88' lang='lat' dir='ltr'>usque</span> <span class='ocrx_word' id='word_1_313' title='bbox 1491 2669 1520 2723; x_wconf 92' lang='lat' dir='ltr'>in</span> <span class='ocrx_word' id='word_1_314' title='bbox 1546 2686 1690 2741; x_wconf 79' lang='lat' dir='ltr'>proesens,</span> <span class='ocrx_word' id='word_1_315' title='bbox 1717 2670 1785 2724; x_wconf 91' lang='lat' dir='ltr'>sicut</span> 
     </span>
     <span class='ocr_line' id='line_1_42' title="bbox 90 2763 1783 2836; baseline 0 -19"><span class='ocrx_word' id='word_1_316' title='bbox 90 2764 547 2835; x_wconf 76' lang='lat' dir='ltr'>suffraganeisepiscopisdiutius</span> <span class='ocrx_word' id='word_1_317' title='bbox 565 2770 699 2836; x_wconf 80' lang='lat' dir='ltr'>agitatur,</span> <span class='ocrx_word' id='word_1_318' title='bbox 717 2766 909 2821; x_wconf 88' lang='lat' dir='ltr'>uosvolentes</span> <span class='ocrx_word' id='word_1_319' title='bbox 959 2765 1040 2820; x_wconf 91' lang='lat' dir='ltr'>nobis</span> <span class='ocrx_word' id='word_1_320' title='bbox 1066 2766 1179 2829; x_wconf 86' lang='lat' dir='ltr'>dicitnr,</span> <span class='ocrx_word' id='word_1_321' title='bbox 1202 2765 1331 2819; x_wconf 86' lang='lat' dir='ltr'>detinere</span> <span class='ocrx_word' id='word_1_322' title='bbox 1358 2768 1545 2834; x_wconf 72' lang='lat' dir='ltr'>presumunt.</span> <span class='ocrx_word' id='word_1_323' title='bbox 1569 2763 1655 2818; x_wconf 86' lang='lat' dir='ltr'>{lude</span> <span class='ocrx_word' id='word_1_324' title='bbox 1681 2763 1706 2817; x_wconf 89' lang='lat' dir='ltr'>si</span> <span class='ocrx_word' id='word_1_325' title='bbox 1732 2770 1783 2818; x_wconf 80' lang='lat' dir='ltr'>tua</span> 
     </span>
     <span class='ocr_line' id='line_1_43' title="bbox 92 2856 1782 2929; baseline -0.001 -17"><span class='ocrx_word' id='word_1_326' title='bbox 92 2857 233 2912; x_wconf 81' lang='lat' dir='ltr'>mediante</span> <span class='ocrx_word' id='word_1_327' title='bbox 250 2857 370 2929; x_wconf 85' lang='lat' dir='ltr'>justitia,</span> <span class='ocrx_word' id='word_1_328' title='bbox 389 2861 446 2914; x_wconf 86' lang='lat' dir='ltr'>Deo</span> <span class='ocrx_word' id='word_1_329' title='bbox 463 2858 597 2929; x_wconf 89' lang='lat' dir='ltr'>propitio,</span> <span class='ocrx_word' id='word_1_330' title='bbox 616 2858 785 2928; x_wconf 84' lang='lat' dir='ltr'>terminare3</span> <span class='ocrx_word' id='word_1_331' title='bbox 805 2859 907 2914; x_wconf 83' lang='lat' dir='ltr'>frater·</span> <span class='ocrx_word' id='word_1_332' title='bbox 960 2859 1119 2913; x_wconf 88' lang='lat' dir='ltr'>nobilitatis</span> <span class='ocrx_word' id='word_1_333' title='bbox 1146 2859 1285 2913; x_wconf 85' lang='lat' dir='ltr'>industria</span> <span class='ocrx_word' id='word_1_334' title='bbox 1312 2857 1428 2929; x_wconf 87' lang='lat' dir='ltr'>provida</span> <span class='ocrx_word' id='word_1_335' title='bbox 1455 2856 1690 2912; x_wconf 84' lang='lat' dir='ltr'>consideratione</span> <span class='ocrx_word' id='word_1_336' title='bbox 1718 2875 1782 2929; x_wconf 88' lang='lat' dir='ltr'>pen-</span> 
     </span>
     <span class='ocr_line' id='line_1_44' title="bbox 92 2950 1784 3024; baseline -0.001 -19"><span class='ocrx_word' id='word_1_337' title='bbox 92 2950 173 3006; x_wconf 88' lang='lat' dir='ltr'>nitati</span> <span class='ocrx_word' id='word_1_338' title='bbox 188 2956 242 3006; x_wconf 77' lang='lat' dir='ltr'>turn</span> <span class='ocrx_word' id='word_1_339' title='bbox 258 2968 308 3022; x_wconf 87' lang='lat' dir='ltr'>per</span> <span class='ocrx_word' id='word_1_340' title='bbox 322 2952 475 3023; x_wconf 89' lang='lat' dir='ltr'>apostolica</span> <span class='ocrx_word' id='word_1_341' title='bbox 488 2953 595 3022; x_wconf 85' lang='lat' dir='ltr'>scripta</span> <span class='ocrx_word' id='word_1_342' title='bbox 615 2952 793 3021; x_wconf 89' lang='lat' dir='ltr'>mandamns,</span> <span class='ocrx_word' id='word_1_343' title='bbox 809 2959 907 3023; x_wconf 91' lang='lat' dir='ltr'>quate·</span> <span class='ocrx_word' id='word_1_344' title='bbox 959 2958 1058 3020; x_wconf 85' lang='lat' dir='ltr'>sasset,</span> <span class='ocrx_word' id='word_1_345' title='bbox 1088 2970 1152 3024; x_wconf 83' lang='lat' dir='ltr'>quae</span> <span class='ocrx_word' id='word_1_346' title='bbox 1181 2953 1293 3020; x_wconf 87' lang='lat' dir='ltr'>damna,</span> <span class='ocrx_word' id='word_1_347' title='bbox 1322 2957 1390 3023; x_wconf 92' lang='lat' dir='ltr'>quot</span> <span class='ocrx_word' id='word_1_348' title='bbox 1417 2950 1687 3017; x_wconf 86' lang='lat' dir='ltr'>incommoditates,</span> <span class='ocrx_word' id='word_1_349' title='bbox 1718 2954 1784 3023; x_wconf 92' lang='lat' dir='ltr'>quot</span> 
     </span>
     <span class='ocr_line' id='line_1_45' title="bbox 91 3033 1784 3151; baseline 0.001 -53"><span class='ocrx_word' id='word_1_350' title='bbox 91 3061 145 3098; x_wconf 89' lang='lat' dir='ltr'>nus</span> <span class='ocrx_word' id='word_1_351' title='bbox 156 3045 198 3099; x_wconf 90' lang='lat' dir='ltr'>vel</span> <span class='ocrx_word' id='word_1_352' title='bbox 210 3062 275 3100; x_wconf 91' lang='lat' dir='ltr'>eum</span> <span class='ocrx_word' id='word_1_353' title='bbox 285 3046 421 3116; x_wconf 78' lang='lat' dir='ltr'>predicto</span> <span class='ocrx_word' id='word_1_354' title='bbox 434 3046 522 3101; x_wconf 86' lang='lat' dir='ltr'>fratre</span> <span class='ocrx_word' id='word_1_355' title='bbox 536 3051 632 3100; x_wconf 90' lang='lat' dir='ltr'>nostro</span> <span class='ocrx_word' id='word_1_356' title='bbox 642 3046 856 3118; x_wconf 89' lang='lat' dir='ltr'>archiepiscopo</span> <span class='ocrx_word' id='word_1_357' title='bbox 871 3046 907 3101; x_wconf 90' lang='lat' dir='ltr'>de</span> <span class='ocrx_word' id='word_1_358' title='bbox 918 3077 945 3151; x_wconf 77' lang='lat' dir='ltr'>C</span> <span class='ocrx_word' id='word_1_359' title='bbox 958 3033 1045 3103; x_wconf 87' lang='lat' dir='ltr'>etiam</span> <span class='ocrx_word' id='word_1_360' title='bbox 1061 3046 1197 3101; x_wconf 89' lang='lat' dir='ltr'>scandala</span> <span class='ocrx_word' id='word_1_361' title='bbox 1216 3049 1301 3100; x_wconf 83' lang='lat' dir='ltr'>terrae</span> <span class='ocrx_word' id='word_1_362' title='bbox 1316 3049 1383 3110; x_wconf 76' lang='lat' dir='ltr'>lum,</span> <span class='ocrx_word' id='word_1_363' title='bbox 1403 3049 1431 3099; x_wconf 86' lang='lat' dir='ltr'>et</span> <span class='ocrx_word' id='word_1_364' title='bbox 1451 3060 1540 3115; x_wconf 82' lang='lat' dir='ltr'>regno</span> <span class='ocrx_word' id='word_1_365' title='bbox 1558 3045 1613 3098; x_wconf 91' lang='lat' dir='ltr'>tibi</span> <span class='ocrx_word' id='word_1_366' title='bbox 1629 3047 1784 3100; x_wconf 73' lang='lat' dir='ltr'>commisso</span> 
     </span>
     <span class='ocr_line' id='line_1_46' title="bbox 90 3138 1782 3212; baseline 0 -19"><span class='ocrx_word' id='word_1_367' title='bbox 90 3138 277 3210; x_wconf 78' lang='lat' dir='ltr'>suffraganeis</span> <span class='ocrx_word' id='word_1_368' title='bbox 290 3139 429 3194; x_wconf 81' lang='lat' dir='ltr'>emieabili</span> <span class='ocrx_word' id='word_1_369' title='bbox 443 3140 574 3211; x_wconf 89' lang='lat' dir='ltr'>pactione</span> <span class='ocrx_word' id='word_1_370' title='bbox 588 3156 752 3211; x_wconf 90' lang='lat' dir='ltr'>componas,</span> <span class='ocrx_word' id='word_1_371' title='bbox 764 3140 808 3195; x_wconf 91' lang='lat' dir='ltr'>vel</span> <span class='ocrx_word' id='word_1_372' title='bbox 819 3157 907 3212; x_wconf 89' lang='lat' dir='ltr'>usque</span> <span class='ocrx_word' id='word_1_373' title='bbox 959 3142 1043 3212; x_wconf 88' lang='lat' dir='ltr'>hujus</span> <span class='ocrx_word' id='word_1_374' title='bbox 1074 3142 1218 3195; x_wconf 89' lang='lat' dir='ltr'>occasione</span> <span class='ocrx_word' id='word_1_375' title='bbox 1246 3140 1352 3212; x_wconf 78' lang='lat' dir='ltr'>rapina</span> <span class='ocrx_word' id='word_1_376' title='bbox 1379 3138 1488 3192; x_wconf 80' lang='lat' dir='ltr'>valeant</span> <span class='ocrx_word' id='word_1_377' title='bbox 1515 3139 1692 3209; x_wconf 86' lang='lat' dir='ltr'>provenire,</span> <span class='ocrx_word' id='word_1_378' title='bbox 1723 3155 1782 3194; x_wconf 90' lang='lat' dir='ltr'>cum</span> 
     </span>
     <span class='ocr_line' id='line_1_47' title="bbox 59 3232 1784 3305; baseline -0.001 -18"><span class='ocrx_word' id='word_1_379' title='bbox 59 3252 62 3261; x_wconf 70' lang='lat'>¹</span> <span class='ocrx_word' id='word_1_380' title='bbox 90 3232 499 3304; x_wconf 82' lang='lat' dir='ltr'>adproximamlestivitatem</span> <span class='ocrx_word' id='word_1_381' title='bbox 512 3234 646 3290; x_wconf 87' lang='lat' dir='ltr'>Omnium</span> <span class='ocrx_word' id='word_1_382' title='bbox 663 3234 827 3289; x_wconf 90' lang='lat' dir='ltr'>Sanctorum</span> <span class='ocrx_word' id='word_1_383' title='bbox 844 3235 906 3305; x_wconf 91' lang='lat' dir='ltr'>ple·</span> <span class='ocrx_word' id='word_1_384' title='bbox 959 3236 1110 3291; x_wconf 83' lang='lat' dir='ltr'>larinensis</span> <span class='ocrx_word' id='word_1_385' title='bbox 1135 3234 1231 3289; x_wconf 84' lang='lat' dir='ltr'>civitas</span> <span class='ocrx_word' id='word_1_386' title='bbox 1259 3233 1393 3305; x_wconf 80' lang='lat' dir='ltr'>gloriosa,</span> <span class='ocrx_word' id='word_1_387' title='bbox 1419 3235 1448 3286; x_wconf 89' lang='lat' dir='ltr'>et</span> <span class='ocrx_word' id='word_1_388' title='bbox 1473 3232 1578 3303; x_wconf 80' lang='lat' dir='ltr'>inclyta</span> <span class='ocrx_word' id='word_1_389' title='bbox 1606 3232 1638 3287; x_wconf 91' lang='lat' dir='ltr'>in</span> <span class='ocrx_word' id='word_1_390' title='bbox 1668 3234 1784 3288; x_wconf 85' lang='lat' dir='ltr'>remotis</span> 
     </span>
     <span class='ocr_line' id='line_1_48' title="bbox 92 3325 1783 3400; baseline 0.001 -20"><span class='ocrx_word' id='word_1_391' title='bbox 92 3342 159 3382; x_wconf 86' lang='lat' dir='ltr'>nam</span> <span class='ocrx_word' id='word_1_392' title='bbox 173 3327 198 3381; x_wconf 89' lang='lat' dir='ltr'>ei</span> <span class='ocrx_word' id='word_1_393' title='bbox 211 3327 389 3383; x_wconf 76' lang='lat' dir='ltr'>exhibiturus</span> <span class='ocrx_word' id='word_1_394' title='bbox 402 3328 445 3383; x_wconf 89' lang='lat' dir='ltr'>vel</span> <span class='ocrx_word' id='word_1_395' title='bbox 461 3331 627 3400; x_wconf 87' lang='lat' dir='ltr'>recepturus</span> <span class='ocrx_word' id='word_1_396' title='bbox 637 3328 777 3399; x_wconf 86' lang='lat' dir='ltr'>justitiam</span> <span class='ocrx_word' id='word_1_397' title='bbox 791 3334 906 3399; x_wconf 87' lang='lat' dir='ltr'>aposto·</span> <span class='ocrx_word' id='word_1_398' title='bbox 959 3330 1060 3384; x_wconf 88' lang='lat' dir='ltr'>mundi</span> <span class='ocrx_word' id='word_1_399' title='bbox 1075 3328 1203 3400; x_wconf 87' lang='lat' dir='ltr'>partibus</span> <span class='ocrx_word' id='word_1_400' title='bbox 1218 3327 1413 3398; x_wconf 87' lang='lat' dir='ltr'>potentissima</span> <span class='ocrx_word' id='word_1_401' title='bbox 1427 3325 1575 3393; x_wconf 87' lang='lat' dir='ltr'>habeatur,</span> <span class='ocrx_word' id='word_1_402' title='bbox 1591 3326 1681 3381; x_wconf 89' lang='lat' dir='ltr'>nobis</span> <span class='ocrx_word' id='word_1_403' title='bbox 1701 3328 1783 3382; x_wconf 88' lang='lat' dir='ltr'>etiam</span> 
     </span>
     <span class='ocr_line' id='line_1_49' title="bbox 90 3419 1783 3493; baseline 0 -18"><span class='ocrx_word' id='word_1_404' title='bbox 90 3419 144 3475; x_wconf 89' lang='lat' dir='ltr'>lico</span> <span class='ocrx_word' id='word_1_405' title='bbox 160 3423 188 3475; x_wconf 91' lang='lat' dir='ltr'>te</span> <span class='ocrx_word' id='word_1_406' title='bbox 206 3421 370 3493; x_wconf 87' lang='lat' dir='ltr'>conspectui</span> <span class='ocrx_word' id='word_1_407' title='bbox 393 3424 595 3493; x_wconf 55' lang='lat' dir='ltr'>repraesentem</span> <span class='ocrx_word' id='word_1_408' title='bbox 623 3421 680 3476; x_wconf 90' lang='lat' dir='ltr'>sire</span> <span class='ocrx_word' id='word_1_409' title='bbox 702 3421 842 3477; x_wconf 89' lang='lat' dir='ltr'>decanum</span> <span class='ocrx_word' id='word_1_410' title='bbox 866 3440 908 3477; x_wconf 86' lang='lat' dir='ltr'>ec·</span> <span class='ocrx_word' id='word_1_411' title='bbox 959 3440 1015 3477; x_wconf 90' lang='lat' dir='ltr'>non</span> <span class='ocrx_word' id='word_1_412' title='bbox 1037 3421 1264 3477; x_wconf 88' lang='lat' dir='ltr'>admonentibus</span> <span class='ocrx_word' id='word_1_413' title='bbox 1282 3420 1421 3475; x_wconf 87' lang='lat' dir='ltr'>debueras</span> <span class='ocrx_word' id='word_1_414' title='bbox 1438 3419 1564 3474; x_wconf 78' lang='lat' dir='ltr'>effecisse</span> <span class='ocrx_word' id='word_1_415' title='bbox 1585 3420 1669 3491; x_wconf 92' lang='lat' dir='ltr'>quod</span> <span class='ocrx_word' id='word_1_416' title='bbox 1683 3422 1783 3476; x_wconf 86' lang='lat' dir='ltr'>omnia</span> 
     </span>
     <span class='ocr_line' id='line_1_50' title="bbox 91 3513 1782 3589; baseline 0 -21"><span class='ocrx_word' id='word_1_417' title='bbox 91 3514 183 3569; x_wconf 66' lang='lat' dir='ltr'>clasiae</span> <span class='ocrx_word' id='word_1_418' title='bbox 209 3518 264 3570; x_wconf 79' lang='lat' dir='ltr'>ture</span> <span class='ocrx_word' id='word_1_419' title='bbox 284 3520 311 3570; x_wconf 90' lang='lat' dir='ltr'>et</span> <span class='ocrx_word' id='word_1_420' title='bbox 326 3515 397 3570; x_wconf 88' lang='lat' dir='ltr'>alios</span> <span class='ocrx_word' id='word_1_421' title='bbox 420 3515 593 3570; x_wconf 85' lang='lat' dir='ltr'>sufficientes</span> <span class='ocrx_word' id='word_1_422' title='bbox 618 3517 792 3587; x_wconf 87' lang='lat' dir='ltr'>responsales</span> <span class='ocrx_word' id='word_1_423' title='bbox 817 3532 907 3588; x_wconf 88' lang='lat' dir='ltr'>usque</span> <span class='ocrx_word' id='word_1_424' title='bbox 959 3532 1023 3589; x_wconf 72' lang='lat' dir='ltr'>quae</span> <span class='ocrx_word' id='word_1_425' title='bbox 1036 3516 1142 3587; x_wconf 88' lang='lat' dir='ltr'>injuste</span> <span class='ocrx_word' id='word_1_426' title='bbox 1161 3518 1189 3570; x_wconf 92' lang='lat' dir='ltr'>et</span> <span class='ocrx_word' id='word_1_427' title='bbox 1207 3531 1258 3587; x_wconf 89' lang='lat' dir='ltr'>per</span> <span class='ocrx_word' id='word_1_428' title='bbox 1276 3515 1404 3586; x_wconf 88' lang='lat' dir='ltr'>rapinam</span> <span class='ocrx_word' id='word_1_429' title='bbox 1424 3513 1516 3568; x_wconf 88' lang='lat' dir='ltr'>ablata</span> <span class='ocrx_word' id='word_1_430' title='bbox 1536 3520 1616 3582; x_wconf 88' lang='lat' dir='ltr'>sunt,</span> <span class='ocrx_word' id='word_1_431' title='bbox 1637 3515 1782 3587; x_wconf 72' lang='lat' dir='ltr'>praedietis</span> 
     </span>
     <span class='ocr_line' id='line_1_51' title="bbox 90 3607 1781 3680; baseline 0 -18"><span class='ocrx_word' id='word_1_432' title='bbox 90 3607 128 3662; x_wconf 90' lang='lat' dir='ltr'>ad</span> <span class='ocrx_word' id='word_1_433' title='bbox 137 3607 299 3679; x_wconf 85' lang='lat' dir='ltr'>proximum</span> <span class='ocrx_word' id='word_1_434' title='bbox 314 3610 472 3663; x_wconf 90' lang='lat' dir='ltr'>terminum</span> <span class='ocrx_word' id='word_1_435' title='bbox 487 3625 545 3664; x_wconf 90' lang='lat' dir='ltr'>non</span> <span class='ocrx_word' id='word_1_436' title='bbox 561 3608 676 3664; x_wconf 81' lang='lat' dir='ltr'>differas</span> <span class='ocrx_word' id='word_1_437' title='bbox 688 3609 840 3664; x_wconf 89' lang='lat' dir='ltr'>destinare.</span> <span class='ocrx_word' id='word_1_438' title='bbox 854 3612 906 3665; x_wconf 86' lang='lat' dir='ltr'>Vo-</span> <span class='ocrx_word' id='word_1_439' title='bbox 957 3610 1148 3665; x_wconf 84' lang='lat' dir='ltr'>teanensibus</span> <span class='ocrx_word' id='word_1_440' title='bbox 1161 3615 1256 3663; x_wconf 87' lang='lat' dir='ltr'>assent</span> <span class='ocrx_word' id='word_1_441' title='bbox 1272 3609 1301 3662; x_wconf 92' lang='lat' dir='ltr'>in</span> <span class='ocrx_word' id='word_1_442' title='bbox 1317 3609 1463 3679; x_wconf 82' lang='lat' dir='ltr'>integrum</span> <span class='ocrx_word' id='word_1_443' title='bbox 1480 3607 1623 3662; x_wconf 90' lang='lat' dir='ltr'>restituta.</span> <span class='ocrx_word' id='word_1_444' title='bbox 1638 3608 1682 3663; x_wconf 83' lang='lat' dir='ltr'>Ne</span> <span class='ocrx_word' id='word_1_445' title='bbox 1697 3609 1781 3680; x_wconf 82' lang='lat' dir='ltr'>igitur</span> 
     </span>
     <span class='ocr_line' id='line_1_52' title="bbox 90 3700 1780 3774; baseline -0.001 -18"><span class='ocrx_word' id='word_1_446' title='bbox 90 3700 186 3756; x_wconf 86' lang='lat' dir='ltr'>lamus</span> <span class='ocrx_word' id='word_1_447' title='bbox 201 3703 277 3757; x_wconf 90' lang='lat' dir='ltr'>enim</span> <span class='ocrx_word' id='word_1_448' title='bbox 295 3706 334 3771; x_wconf 90' lang='lat' dir='ltr'>ut,</span> <span class='ocrx_word' id='word_1_449' title='bbox 349 3708 447 3758; x_wconf 89' lang='lat' dir='ltr'>nostro</span> <span class='ocrx_word' id='word_1_450' title='bbox 465 3703 672 3758; x_wconf 89' lang='lat' dir='ltr'>interveniente</span> <span class='ocrx_word' id='word_1_451' title='bbox 689 3703 813 3774; x_wconf 91' lang='lat' dir='ltr'>judicio,</span> <span class='ocrx_word' id='word_1_452' title='bbox 828 3709 906 3758; x_wconf 89' lang='lat' dir='ltr'>utre·</span> <span class='ocrx_word' id='word_1_453' title='bbox 957 3704 1043 3759; x_wconf 88' lang='lat' dir='ltr'>iidem</span> <span class='ocrx_word' id='word_1_454' title='bbox 1062 3705 1227 3771; x_wconf 85' lang='lat' dir='ltr'>tanuenses,</span> <span class='ocrx_word' id='word_1_455' title='bbox 1244 3701 1348 3774; x_wconf 90' lang='lat' dir='ltr'>aliique</span> <span class='ocrx_word' id='word_1_456' title='bbox 1368 3718 1466 3755; x_wconf 89' lang='lat' dir='ltr'>versus</span> <span class='ocrx_word' id='word_1_457' title='bbox 1483 3705 1522 3770; x_wconf 90' lang='lat' dir='ltr'>te,</span> <span class='ocrx_word' id='word_1_458' title='bbox 1542 3701 1586 3755; x_wconf 91' lang='lat' dir='ltr'>vel</span> <span class='ocrx_word' id='word_1_459' title='bbox 1601 3701 1705 3757; x_wconf 86' lang='lat' dir='ltr'>tldeles</span> <span class='ocrx_word' id='word_1_460' title='bbox 1720 3709 1780 3757; x_wconf 82' lang='lat' dir='ltr'>taos</span> 
     </span>
     <span class='ocr_line' id='line_1_53' title="bbox 89 3787 1780 3877; baseline 0.001 -27"><span class='ocrx_word' id='word_1_461' title='bbox 89 3811 144 3867; x_wconf 89' lang='lat' dir='ltr'>qne</span> <span class='ocrx_word' id='word_1_462' title='bbox 158 3812 224 3868; x_wconf 89' lang='lat' dir='ltr'>pars</span> <span class='ocrx_word' id='word_1_463' title='bbox 238 3796 267 3851; x_wconf 91' lang='lat' dir='ltr'>in</span> <span class='ocrx_word' id='word_1_464' title='bbox 279 3797 424 3852; x_wconf 87' lang='lat' dir='ltr'>audientia</span> <span class='ocrx_word' id='word_1_465' title='bbox 438 3800 535 3851; x_wconf 88' lang='lat' dir='ltr'>nostra</span> <span class='ocrx_word' id='word_1_466' title='bbox 550 3813 632 3851; x_wconf 89' lang='lat' dir='ltr'>suam</span> <span class='ocrx_word' id='word_1_467' title='bbox 641 3797 784 3867; x_wconf 86' lang='lat' dir='ltr'>justitiam</span> <span class='ocrx_word' id='word_1_468' title='bbox 803 3814 904 3853; x_wconf 86' lang='lat' dir='ltr'>consc-</span> <span class='ocrx_word' id='word_1_469' title='bbox 957 3798 1083 3853; x_wconf 89' lang='lat' dir='ltr'>habeant</span> <span class='ocrx_word' id='word_1_470' title='bbox 1104 3797 1221 3852; x_wconf 86' lang='lat' dir='ltr'>ulterius</span> <span class='ocrx_word' id='word_1_471' title='bbox 1243 3797 1390 3851; x_wconf 86' lang='lat' dir='ltr'>materiam</span> <span class='ocrx_word' id='word_1_472' title='bbox 1408 3787 1615 3877; x_wconf 80' lang='lat' dir='ltr'>conquerendi.</span> <span class='ocrx_word' id='word_1_473' title='bbox 1638 3796 1780 3852; x_wconf 88' lang='lat' dir='ltr'>nobilitati</span> 
     </span>
    </p>
   </div>
   <div class='ocr_carea' id='block_1_18' title="bbox 91 3894 771 4055">
    <p class='ocr_par' dir='ltr' id='par_1_18' title="bbox 91 3894 771 4055">
     <span class='ocr_line' id='line_1_54' title="bbox 91 3894 207 3960; baseline 0.026 -18"><span class='ocrx_word' id='word_1_474' title='bbox 91 3894 207 3960; x_wconf 87' lang='lat' dir='ltr'>quatur.</span> 
     </span>
     <span class='ocr_line' id='line_1_55' title="bbox 127 3983 771 4055; baseline 0.003 -19"><span class='ocrx_word' id='word_1_475' title='bbox 127 3983 228 4038; x_wconf 86' lang='lat' dir='ltr'>Datum</span> <span class='ocrx_word' id='word_1_476' title='bbox 243 3984 404 4055; x_wconf 70' lang='lat' dir='ltr'>heumann,</span> <span class='ocrx_word' id='word_1_477' title='bbox 419 4000 467 4040; x_wconf 83' lang='lat' dir='ltr'>nn</span> <span class='ocrx_word' id='word_1_478' title='bbox 482 3984 622 4040; x_wconf 81' lang='lat' dir='ltr'>Kalendas</span> <span class='ocrx_word' id='word_1_479' title='bbox 634 3985 771 4039; x_wconf 84' lang='lat' dir='ltr'>tannarii.</span> 
     </span>
    </p>
   </div>
   <div class='ocr_carea' id='block_1_19' title="bbox 440 4088 547 4142">
    <p class='ocr_par' dir='ltr' id='par_1_19' title="bbox 440 4088 547 4142">
     <span class='ocr_line' id='line_1_56' title="bbox 440 4088 547 4142; baseline 0 0"><span class='ocrx_word' id='word_1_480' title='bbox 440 4088 547 4142; x_wconf 82' lang='lat' dir='ltr'>txxlv.</span> 
     </span>
    </p>
   </div>
   <div class='ocr_carea' id='block_1_20' title="bbox 89 4179 907 4254">
    <p class='ocr_par' dir='ltr' id='par_1_20' title="bbox 89 4179 907 4254">
     <span class='ocr_line' id='line_1_57' title="bbox 89 4179 907 4254; baseline 0.005 -20"><span class='ocrx_word' id='word_1_481' title='bbox 89 4179 136 4235; x_wconf 81' lang='lat' dir='ltr'>Ad</span> <span class='ocrx_word' id='word_1_482' title='bbox 152 4182 289 4236; x_wconf 81' lang='lat' dir='ltr'>universos</span> <span class='ocrx_word' id='word_1_483' title='bbox 307 4182 414 4237; x_wconf 73' lang='lat' dir='ltr'>clericos</span> <span class='ocrx_word' id='word_1_484' title='bbox 431 4188 455 4237; x_wconf 86' lang='lat' dir='ltr'>et</span> <span class='ocrx_word' id='word_1_485' title='bbox 471 4183 551 4237; x_wconf 84' lang='lat' dir='ltr'>laicos</span> <span class='ocrx_word' id='word_1_486' title='bbox 565 4197 615 4252; x_wconf 86' lang='lat' dir='ltr'>pcr</span> <span class='ocrx_word' id='word_1_487' title='bbox 633 4182 772 4237; x_wconf 81' lang='lat' dir='ltr'>tioteasem</span> <span class='ocrx_word' id='word_1_488' title='bbox 792 4186 907 4254; x_wconf 86' lang='lat' dir='ltr'>procta-</span> 
     </span>
    </p>
   </div>
   <div class='ocr_carea' id='block_1_21' title="bbox 957 3888 1779 4244">
    <p class='ocr_par' dir='ltr' id='par_1_21' title="bbox 957 3888 1779 4244">
     <span class='ocr_line' id='line_1_58' title="bbox 958 3888 1779 3962; baseline -0.002 -16"><span class='ocrx_word' id='word_1_489' title='bbox 958 3896 1013 3947; x_wconf 81' lang='lat' dir='ltr'>tua</span> <span class='ocrx_word' id='word_1_490' title='bbox 1028 3908 1080 3962; x_wconf 90' lang='lat' dir='ltr'>per</span> <span class='ocrx_word' id='word_1_491' title='bbox 1094 3890 1249 3962; x_wconf 90' lang='lat' dir='ltr'>apostolica</span> <span class='ocrx_word' id='word_1_492' title='bbox 1263 3891 1366 3962; x_wconf 87' lang='lat' dir='ltr'>scripta</span> <span class='ocrx_word' id='word_1_493' title='bbox 1376 3888 1578 3962; x_wconf 81' lang='lat' dir='ltr'>praecipientes</span> <span class='ocrx_word' id='word_1_494' title='bbox 1592 3891 1779 3958; x_wconf 87' lang='lat' dir='ltr'>mandamus,</span> 
     </span>
     <span class='ocr_line' id='line_1_59' title="bbox 957 3983 1779 4058; baseline 0.001 -19"><span class='ocrx_word' id='word_1_495' title='bbox 957 3991 1108 4058; x_wconf 89' lang='lat' dir='ltr'>quatenns,</span> <span class='ocrx_word' id='word_1_496' title='bbox 1133 3985 1205 4040; x_wconf 90' lang='lat' dir='ltr'>sieut</span> <span class='ocrx_word' id='word_1_497' title='bbox 1226 3984 1454 4039; x_wconf 89' lang='lat' dir='ltr'>benedictionem</span> <span class='ocrx_word' id='word_1_498' title='bbox 1478 3985 1507 4036; x_wconf 89' lang='lat' dir='ltr'>et</span> <span class='ocrx_word' id='word_1_499' title='bbox 1530 3983 1657 4054; x_wconf 75' lang='lat' dir='ltr'>gratiam</span> <span class='ocrx_word' id='word_1_500' title='bbox 1687 4001 1779 4040; x_wconf 86' lang='lat' dir='ltr'>sacro·</span> 
     </span>
     <span class='ocr_line' id='line_1_60' title="bbox 957 4075 1779 4134; baseline -0.001 0"><span class='ocrx_word' id='word_1_501' title='bbox 957 4086 1061 4134; x_wconf 81' lang='lat' dir='ltr'>sanctae</span> <span class='ocrx_word' id='word_1_502' title='bbox 1075 4081 1210 4134; x_wconf 79' lang='lat' dir='ltr'>llomanse</span> <span class='ocrx_word' id='word_1_503' title='bbox 1226 4077 1323 4132; x_wconf 92' lang='lat' dir='ltr'>matris</span> <span class='ocrx_word' id='word_1_504' title='bbox 1337 4083 1391 4133; x_wconf 83' lang='lat' dir='ltr'>tue</span> <span class='ocrx_word' id='word_1_505' title='bbox 1406 4076 1536 4132; x_wconf 74' lang='lat' dir='ltr'>Ecclesia</span> <span class='ocrx_word' id='word_1_506' title='bbox 1550 4075 1704 4133; x_wconf 83' lang='lat' dir='ltr'>desideras</span> <span class='ocrx_word' id='word_1_507' title='bbox 1717 4079 1779 4133; x_wconf 88' lang='lat' dir='ltr'>reli·</span> 
     </span>
     <span class='ocr_line' id='line_1_61' title="bbox 958 4171 1779 4244; baseline 0 -17"><span class='ocrx_word' id='word_1_508' title='bbox 958 4189 1037 4241; x_wconf 90' lang='lat' dir='ltr'>nere,</span> <span class='ocrx_word' id='word_1_509' title='bbox 1061 4172 1213 4244; x_wconf 88' lang='lat' dir='ltr'>pecuniam</span> <span class='ocrx_word' id='word_1_510' title='bbox 1231 4171 1362 4227; x_wconf 89' lang='lat' dir='ltr'>similiter</span> <span class='ocrx_word' id='word_1_511' title='bbox 1377 4174 1405 4226; x_wconf 85' lang='lat' dir='ltr'>et</span> <span class='ocrx_word' id='word_1_512' title='bbox 1417 4187 1517 4225; x_wconf 86' lang='lat' dir='ltr'>rrarem</span> <span class='ocrx_word' id='word_1_513' title='bbox 1539 4173 1717 4227; x_wconf 89' lang='lat' dir='ltr'>memoratis</span> <span class='ocrx_word' id='word_1_514' title='bbox 1735 4174 1779 4227; x_wconf 84' lang='lat' dir='ltr'>la·</span> 
     </span>
    </p>
   </div>
   <div class='ocr_carea' id='block_1_22' title="bbox 125 4262 1778 4432">
    <p class='ocr_par' dir='ltr' id='par_1_22' title="bbox 125 4262 1778 4432">
     <span class='ocr_line' id='line_1_62' title="bbox 125 4262 1778 4336; baseline 0.004 -22"><span class='ocrx_word' id='word_1_515' title='bbox 125 4262 195 4315; x_wconf 84' lang='lat' dir='ltr'>ctam</span> <span class='ocrx_word' id='word_1_516' title='bbox 209 4264 377 4317; x_wconf 84' lang='lat' dir='ltr'>constitutos.</span> <span class='ocrx_word' id='word_1_517' title='bbox 393 4293 426 4302; x_wconf 96' lang='lat'>-</span> <span class='ocrx_word' id='word_1_518' title='bbox 441 4262 587 4332; x_wconf 78' lang='lat' dir='ltr'>Confirmet</span> <span class='ocrx_word' id='word_1_519' title='bbox 603 4266 766 4317; x_wconf 84' lang='lat' dir='ltr'>sententium</span> <span class='ocrx_word' id='word_1_520' title='bbox 787 4267 908 4335; x_wconf 74' lang='lat' dir='ltr'>[inponis</span> <span class='ocrx_word' id='word_1_521' title='bbox 957 4267 1113 4321; x_wconf 88' lang='lat' dir='ltr'>nuensibns</span> <span class='ocrx_word' id='word_1_522' title='bbox 1134 4267 1219 4321; x_wconf 85' lang='lat' dir='ltr'>facias</span> <span class='ocrx_word' id='word_1_523' title='bbox 1239 4264 1345 4336; x_wconf 90' lang='lat' dir='ltr'>absque</span> <span class='ocrx_word' id='word_1_524' title='bbox 1366 4264 1421 4318; x_wconf 94' lang='lat' dir='ltr'>ulla</span> <span class='ocrx_word' id='word_1_525' title='bbox 1441 4263 1636 4319; x_wconf 86' lang='lat' dir='ltr'>diminutione</span> <span class='ocrx_word' id='word_1_526' title='bbox 1658 4267 1778 4321; x_wconf 87' lang='lat' dir='ltr'>restitui.</span> 
     </span>
     <span class='ocr_line' id='line_1_63' title="bbox 127 4343 1778 4432; baseline 0.002 -36"><span class='ocrx_word' id='word_1_527' title='bbox 127 4343 324 4413; x_wconf 80' lang='lat' dir='ltr'>archiepiscopi</span> <span class='ocrx_word' id='word_1_528' title='bbox 346 4346 375 4397; x_wconf 86' lang='lat' dir='ltr'>in</span> <span class='ocrx_word' id='word_1_529' title='bbox 397 4343 583 4410; x_wconf 72' lang='lat' dir='ltr'>rrrnlcsnctores</span> <span class='ocrx_word' id='word_1_530' title='bbox 603 4347 628 4396; x_wconf 90' lang='lat' dir='ltr'>et</span> <span class='ocrx_word' id='word_1_531' title='bbox 650 4348 810 4412; x_wconf 81' lang='lat' dir='ltr'>occupantes</span> <span class='ocrx_word' id='word_1_532' title='bbox 837 4344 907 4397; x_wconf 86' lang='lat' dir='ltr'>bono</span> <span class='ocrx_word' id='word_1_533' title='bbox 957 4360 984 4416; x_wconf 70' lang='lat' dir='ltr'>qi</span> <span class='ocrx_word' id='word_1_534' title='bbox 998 4361 1073 4415; x_wconf 62' lang='lat' dir='ltr'>enin,</span> <span class='ocrx_word' id='word_1_535' title='bbox 1088 4377 1173 4432; x_wconf 66' lang='lat' dir='ltr'>supe,</span> <span class='ocrx_word' id='word_1_536' title='bbox 1188 4359 1289 4414; x_wconf 65' lang='lat' dir='ltr'>eodem</span> <span class='ocrx_word' id='word_1_537' title='bbox 1305 4358 1420 4430; x_wconf 62' lang='lat' dir='ltr'>negotio</span> <span class='ocrx_word' id='word_1_538' title='bbox 1434 4358 1468 4412; x_wconf 70' lang='lat' dir='ltr'>ad</span> <span class='ocrx_word' id='word_1_539' title='bbox 1483 4373 1568 4413; x_wconf 62' lang='lat' dir='ltr'>aures</span> <span class='ocrx_word' id='word_1_540' title='bbox 1585 4362 1700 4414; x_wconf 59' lang='lat' dir='ltr'>nostras</span> <span class='ocrx_word' id='word_1_541' title='bbox 1711 4376 1778 4432; x_wconf 69' lang='lat' dir='ltr'>que.</span> 
     </span>
    </p>
   </div>
   <div class='ocr_carea' id='block_1_23' title="bbox 24 4423 904 5714">
    <p class='ocr_par' dir='ltr' id='par_1_23' title="bbox 126 4423 415 4478">
     <span class='ocr_line' id='line_1_64' title="bbox 126 4423 415 4478; baseline 0.003 -2"><span class='ocrx_word' id='word_1_542' title='bbox 126 4423 304 4477; x_wconf 85' lang='lat' dir='ltr'>ecotesiostr&#39;en</span> <span class='ocrx_word' id='word_1_543' title='bbox 321 4423 415 4478; x_wconf 86' lang='lat' dir='ltr'>lotorn.</span> 
     </span>
    </p>

    <p class='ocr_par' dir='ltr' id='par_1_24' title="bbox 332 4516 662 4683">
     <span class='ocr_line' id='line_1_65' title="bbox 332 4516 662 4587; baseline -0.006 -15"><span class='ocrx_word' id='word_1_544' title='bbox 332 4517 508 4587; x_wconf 79' lang='lat' dir='ltr'>(Beneventi,</span> <span class='ocrx_word' id='word_1_545' title='bbox 525 4518 590 4572; x_wconf 83' lang='lat' dir='ltr'>Ilec.</span> <span class='ocrx_word' id='word_1_546' title='bbox 604 4516 662 4585; x_wconf 78' lang='grc'>20.)</span> 
     </span>
     <span class='ocr_line' id='line_1_66' title="bbox 385 4612 613 4683; baseline -0.004 -17"><span class='ocrx_word' id='word_1_547' title='bbox 385 4612 478 4682; x_wconf 83' lang='lat' dir='ltr'>[lbid.,</span> <span class='ocrx_word' id='word_1_548' title='bbox 492 4630 522 4683; x_wconf 90' lang='lat' dir='ltr'>p.</span> <span class='ocrx_word' id='word_1_549' title='bbox 538 4612 613 4681; x_wconf 55' lang='lat'>673]</span> 
     </span>
    </p>

    <p class='ocr_par' dir='ltr' id='par_1_25' title="bbox 24 4702 904 5714">
     <span class='ocr_line' id='line_1_67' title="bbox 123 4702 904 4775; baseline -0.004 -16"><span class='ocrx_word' id='word_1_550' title='bbox 123 4705 236 4769; x_wconf 83' lang='lat' dir='ltr'>Quoties</span> <span class='ocrx_word' id='word_1_551' title='bbox 251 4722 268 4760; x_wconf 90' lang='lat' dir='ltr'>a</span> <span class='ocrx_word' id='word_1_552' title='bbox 282 4705 416 4761; x_wconf 84' lang='lat' dir='ltr'>fratribus</span> <span class='ocrx_word' id='word_1_553' title='bbox 431 4705 532 4759; x_wconf 90' lang='lat' dir='ltr'>nostris</span> <span class='ocrx_word' id='word_1_554' title='bbox 547 4703 767 4775; x_wconf 86' lang='lat' dir='ltr'>archiepiscopis</span> <span class='ocrx_word' id='word_1_555' title='bbox 783 4703 826 4758; x_wconf 89' lang='lat' dir='ltr'>vel</span> <span class='ocrx_word' id='word_1_556' title='bbox 842 4702 904 4774; x_wconf 87' lang='lat' dir='ltr'>epi·</span> 
     </span>
     <span class='ocr_line' id='line_1_68' title="bbox 89 4797 904 4869; baseline 0 -18"><span class='ocrx_word' id='word_1_557' title='bbox 89 4797 188 4869; x_wconf 90' lang='lat' dir='ltr'>scopis,</span> <span class='ocrx_word' id='word_1_558' title='bbox 201 4804 229 4854; x_wconf 86' lang='lat' dir='ltr'>et</span> <span class='ocrx_word' id='word_1_559' title='bbox 244 4799 280 4854; x_wconf 89' lang='lat' dir='ltr'>ab</span> <span class='ocrx_word' id='word_1_560' title='bbox 293 4800 356 4854; x_wconf 89' lang='lat' dir='ltr'>aliis</span> <span class='ocrx_word' id='word_1_561' title='bbox 370 4799 555 4854; x_wconf 85' lang='lat' dir='ltr'>ecclesiarum</span> <span class='ocrx_word' id='word_1_562' title='bbox 576 4797 698 4869; x_wconf 87' lang='lat' dir='ltr'>praelatis</span> <span class='ocrx_word' id='word_1_563' title='bbox 717 4798 746 4851; x_wconf 91' lang='lat' dir='ltr'>in</span> <span class='ocrx_word' id='word_1_564' title='bbox 768 4798 904 4852; x_wconf 86' lang='lat' dir='ltr'>malelee-</span> 
     </span>
     <span class='ocr_line' id='line_1_69' title="bbox 89 4891 903 4963; baseline -0.001 -18"><span class='ocrx_word' id='word_1_565' title='bbox 89 4894 165 4946; x_wconf 88' lang='lat' dir='ltr'>tores</span> <span class='ocrx_word' id='word_1_566' title='bbox 179 4895 208 4946; x_wconf 88' lang='lat' dir='ltr'>ct</span> <span class='ocrx_word' id='word_1_567' title='bbox 218 4893 285 4963; x_wconf 86' lang='lat' dir='ltr'>jura</span> <span class='ocrx_word' id='word_1_568' title='bbox 299 4892 487 4948; x_wconf 85' lang='lat' dir='ltr'>ecelesiastica</span> <span class='ocrx_word' id='word_1_569' title='bbox 500 4896 670 4963; x_wconf 89' lang='lat' dir='ltr'>occupantes</span> <span class='ocrx_word' id='word_1_570' title='bbox 683 4891 825 4945; x_wconf 88' lang='lat' dir='ltr'>sententia</span> <span class='ocrx_word' id='word_1_571' title='bbox 837 4906 903 4960; x_wconf 92' lang='lat' dir='ltr'>pro-</span> 
     </span>
     <span class='ocr_line' id='line_1_70' title="bbox 89 4984 904 5057; baseline 0 -20"><span class='ocrx_word' id='word_1_572' title='bbox 89 4991 214 5057; x_wconf 81' lang='lat' dir='ltr'>rogatur,</span> <span class='ocrx_word' id='word_1_573' title='bbox 239 4986 372 5041; x_wconf 89' lang='lat' dir='ltr'>convenit</span> <span class='ocrx_word' id='word_1_574' title='bbox 394 5003 444 5039; x_wconf 92' lang='lat' dir='ltr'>nos</span> <span class='ocrx_word' id='word_1_575' title='bbox 467 4985 596 5039; x_wconf 89' lang='lat' dir='ltr'>eamdem</span> <span class='ocrx_word' id='word_1_576' title='bbox 620 4984 790 5038; x_wconf 90' lang='lat' dir='ltr'>senteutiam</span> <span class='ocrx_word' id='word_1_577' title='bbox 811 4989 904 5038; x_wconf 85' lang='lat' dir='ltr'>ratam</span> 
     </span>
     <span class='ocr_line' id='line_1_71' title="bbox 88 5077 903 5151; baseline -0.002 -19"><span class='ocrx_word' id='word_1_578' title='bbox 88 5077 210 5147; x_wconf 88' lang='lat' dir='ltr'>habere;</span> <span class='ocrx_word' id='word_1_579' title='bbox 226 5084 255 5135; x_wconf 90' lang='lat' dir='ltr'>et</span> <span class='ocrx_word' id='word_1_580' title='bbox 274 5086 305 5135; x_wconf 91' lang='lat' dir='ltr'>ut</span> <span class='ocrx_word' id='word_1_581' title='bbox 326 5080 385 5151; x_wconf 88' lang='lat' dir='ltr'>ipsa</span> <span class='ocrx_word' id='word_1_582' title='bbox 406 5080 516 5134; x_wconf 88' lang='lat' dir='ltr'>tirmius</span> <span class='ocrx_word' id='word_1_583' title='bbox 540 5077 707 5132; x_wconf 83' lang='lat' dir='ltr'>observetur</span> <span class='ocrx_word' id='word_1_584' title='bbox 727 5078 808 5132; x_wconf 92' lang='lat' dir='ltr'>omni</span> <span class='ocrx_word' id='word_1_585' title='bbox 830 5081 903 5131; x_wconf 84' lang='lat' dir='ltr'>tern-</span> 
     </span>
     <span class='ocr_line' id='line_1_72' title="bbox 24 5170 903 5245; baseline -0.002 -19"><span class='ocrx_word' id='word_1_586' title='bbox 24 5178 27 5185; x_wconf 84' lang='lat'>&#39;</span> <span class='ocrx_word' id='word_1_587' title='bbox 88 5187 167 5241; x_wconf 91' lang='lat' dir='ltr'>pore,</span> <span class='ocrx_word' id='word_1_588' title='bbox 184 5177 295 5245; x_wconf 86' lang='lat' dir='ltr'>oportet</span> <span class='ocrx_word' id='word_1_589' title='bbox 314 5190 366 5229; x_wconf 90' lang='lat' dir='ltr'>uos</span> <span class='ocrx_word' id='word_1_590' title='bbox 378 5190 441 5229; x_wconf 91' lang='lat' dir='ltr'>eam</span> <span class='ocrx_word' id='word_1_591' title='bbox 460 5170 712 5244; x_wconf 75' lang='lat' dir='ltr'>apostolicaesedis</span> <span class='ocrx_word' id='word_1_592' title='bbox 734 5171 903 5225; x_wconf 86' lang='lat' dir='ltr'>anctoritate</span> 
     </span>
     <span class='ocr_line' id='line_1_73' title="bbox 88 5264 903 5339; baseline -0.002 -20"><span class='ocrx_word' id='word_1_593' title='bbox 88 5265 213 5321; x_wconf 89' lang='lat' dir='ltr'>llrmare.</span> <span class='ocrx_word' id='word_1_594' title='bbox 227 5268 293 5322; x_wconf 88' lang='lat' dir='ltr'>lade</span> <span class='ocrx_word' id='word_1_595' title='bbox 308 5272 351 5323; x_wconf 88' lang='lat' dir='ltr'>est</span> <span class='ocrx_word' id='word_1_596' title='bbox 363 5267 440 5339; x_wconf 93' lang='lat' dir='ltr'>quod</span> <span class='ocrx_word' id='word_1_597' title='bbox 453 5265 672 5321; x_wconf 87' lang='lat' dir='ltr'>universitatem</span> <span class='ocrx_word' id='word_1_598' title='bbox 684 5270 807 5319; x_wconf 88' lang='lat' dir='ltr'>vestram</span> <span class='ocrx_word' id='word_1_599' title='bbox 823 5264 903 5318; x_wconf 90' lang='lat' dir='ltr'>voln-</span> 
     </span>
     <span class='ocr_line' id='line_1_74' title="bbox 89 5357 903 5433; baseline -0.002 -19"><span class='ocrx_word' id='word_1_600' title='bbox 89 5376 154 5414; x_wconf 91' lang='lat' dir='ltr'>mus</span> <span class='ocrx_word' id='word_1_601' title='bbox 168 5376 226 5415; x_wconf 92' lang='lat' dir='ltr'>uon</span> <span class='ocrx_word' id='word_1_602' title='bbox 241 5360 341 5427; x_wconf 84' lang='lat' dir='ltr'>latere,</span> <span class='ocrx_word' id='word_1_603' title='bbox 356 5360 432 5433; x_wconf 92' lang='lat' dir='ltr'>qnod</span> <span class='ocrx_word' id='word_1_604' title='bbox 447 5376 500 5415; x_wconf 90' lang='lat' dir='ltr'>nos</span> <span class='ocrx_word' id='word_1_605' title='bbox 520 5357 824 5415; x_wconf 82' lang='lat' dir='ltr'>excommunicationis</span> <span class='ocrx_word' id='word_1_606' title='bbox 838 5374 903 5413; x_wconf 91' lang='lat' dir='ltr'>sen·</span> 
     </span>
     <span class='ocr_line' id='line_1_75' title="bbox 86 5453 902 5524; baseline -0.002 -16"><span class='ocrx_word' id='word_1_607' title='bbox 86 5453 215 5520; x_wconf 74' lang='lat' dir='ltr'>tentiam</span> <span class='ocrx_word' id='word_1_608' title='bbox 231 5469 319 5524; x_wconf 88' lang='lat' dir='ltr'>qnam</span> <span class='ocrx_word' id='word_1_609' title='bbox 338 5454 508 5509; x_wconf 88' lang='lat' dir='ltr'>venerabilis</span> <span class='ocrx_word' id='word_1_610' title='bbox 528 5455 615 5509; x_wconf 84' lang='lat' dir='ltr'>frater</span> <span class='ocrx_word' id='word_1_611' title='bbox 634 5460 731 5509; x_wconf 87' lang='lat' dir='ltr'>noster</span> <span class='ocrx_word' id='word_1_612' title='bbox 745 5454 827 5524; x_wconf 81' lang='lat' dir='ltr'>lingo</span> <span class='ocrx_word' id='word_1_613' title='bbox 848 5453 902 5507; x_wconf 87' lang='lat' dir='ltr'>Do-</span> 
     </span>
     <span class='ocr_line' id='line_1_76' title="bbox 87 5544 904 5618; baseline -0.004 -15"><span class='ocrx_word' id='word_1_614' title='bbox 87 5545 177 5603; x_wconf 85' lang='lat' dir='ltr'>lensis</span> <span class='ocrx_word' id='word_1_615' title='bbox 193 5546 423 5618; x_wconf 81' lang='lat' dir='ltr'>archiepiscopus</span> <span class='ocrx_word' id='word_1_616' title='bbox 441 5547 471 5602; x_wconf 89' lang='lat' dir='ltr'>in</span> <span class='ocrx_word' id='word_1_617' title='bbox 490 5549 628 5604; x_wconf 79' lang='lat' dir='ltr'>loannem</span> <span class='ocrx_word' id='word_1_618' title='bbox 650 5547 800 5602; x_wconf 77' lang='lat' dir='ltr'>holensem</span> <span class='ocrx_word' id='word_1_619' title='bbox 823 5549 853 5601; x_wconf 89' lang='lat' dir='ltr'>et</span> <span class='ocrx_word' id='word_1_620' title='bbox 873 5544 904 5600; x_wconf 92' lang='lat' dir='ltr'>in</span> 
     </span>
     <span class='ocr_line' id='line_1_77' title="bbox 88 5639 903 5714; baseline -0.001 -17"><span class='ocrx_word' id='word_1_621' title='bbox 88 5644 205 5697; x_wconf 76' lang='lat' dir='ltr'>ceteros</span> <span class='ocrx_word' id='word_1_622' title='bbox 230 5639 493 5713; x_wconf 81' lang='lat' dir='ltr'>archiepiscopatus</span> <span class='ocrx_word' id='word_1_623' title='bbox 513 5642 557 5698; x_wconf 88' lang='lat' dir='ltr'>sui</span> <span class='ocrx_word' id='word_1_624' title='bbox 574 5641 643 5713; x_wconf 87' lang='lat' dir='ltr'>jura</span> <span class='ocrx_word' id='word_1_625' title='bbox 666 5657 718 5714; x_wconf 88' lang='lat' dir='ltr'>per</span> <span class='ocrx_word' id='word_1_626' title='bbox 739 5639 903 5697; x_wconf 87' lang='lat' dir='ltr'>violentiam</span> 
     </span>
    </p>
   </div>
   <div class='ocr_carea' id='block_1_24' title="bbox 109 5778 408 5850">
    <p class='ocr_par' dir='ltr' id='par_1_26' title="bbox 109 5778 408 5850">
     <span class='ocr_line' id='line_1_78' title="bbox 109 5778 408 5850; baseline -0.003 -15"><span class='ocrx_word' id='word_1_627' title='bbox 109 5778 239 5850; x_wconf 56' lang='grc' dir='ltr'>Μῶα,</span> <span class='ocrx_word' id='word_1_628' title='bbox 251 5778 408 5835; x_wconf 69' lang='lat' dir='ltr'>Biterrensi.</span> 
     </span>
    </p>
   </div>
   <div class='ocr_carea' id='block_1_25' title="bbox 916 4451 1777 4525">
    <p class='ocr_par' dir='ltr' id='par_1_27' title="bbox 916 4451 1777 4525">
     <span class='ocr_line' id='line_1_79' title="bbox 916 4451 1777 4525; baseline -0.001 -17"><span class='ocrx_word' id='word_1_629' title='bbox 916 4451 1079 4523; x_wconf 88' lang='lat' dir='ltr'>Drimonia</span> <span class='ocrx_word' id='word_1_630' title='bbox 1099 4454 1156 4509; x_wconf 88' lang='lat' dir='ltr'>nlla</span> <span class='ocrx_word' id='word_1_631' title='bbox 1178 4453 1337 4525; x_wconf 89' lang='lat' dir='ltr'>pervenerit</span> <span class='ocrx_word' id='word_1_632' title='bbox 1354 4452 1468 4518; x_wconf 90' lang='lat' dir='ltr'>iterata,</span> <span class='ocrx_word' id='word_1_633' title='bbox 1484 4451 1577 4506; x_wconf 83' lang='lat' dir='ltr'>faeere</span> <span class='ocrx_word' id='word_1_634' title='bbox 1594 4469 1654 4508; x_wconf 92' lang='lat' dir='ltr'>non</span> <span class='ocrx_word' id='word_1_635' title='bbox 1672 4453 1777 4525; x_wconf 89' lang='lat' dir='ltr'>poteri·</span> 
     </span>
    </p>
   </div>
   <div class='ocr_carea' id='block_1_26' title="bbox 954 4544 1779 5164">
    <p class='ocr_par' dir='ltr' id='par_1_28' title="bbox 954 4544 1779 5164">
     <span class='ocr_line' id='line_1_80' title="bbox 955 4544 1779 4620; baseline 0.001 -18"><span class='ocrx_word' id='word_1_636' title='bbox 955 4565 1029 4615; x_wconf 90' lang='lat' dir='ltr'>mus,</span> <span class='ocrx_word' id='word_1_637' title='bbox 1045 4548 1113 4620; x_wconf 91' lang='lat' dir='ltr'>quin</span> <span class='ocrx_word' id='word_1_638' title='bbox 1126 4547 1155 4602; x_wconf 91' lang='lat' dir='ltr'>in</span> <span class='ocrx_word' id='word_1_639' title='bbox 1169 4552 1275 4602; x_wconf 89' lang='lat' dir='ltr'>terram</span> <span class='ocrx_word' id='word_1_640' title='bbox 1291 4552 1370 4600; x_wconf 87' lang='lat' dir='ltr'>tuam</span> <span class='ocrx_word' id='word_1_641' title='bbox 1384 4561 1435 4616; x_wconf 90' lang='lat' dir='ltr'>pro</span> <span class='ocrx_word' id='word_1_642' title='bbox 1449 4544 1537 4616; x_wconf 91' lang='lat' dir='ltr'>ipsius</span> <span class='ocrx_word' id='word_1_643' title='bbox 1552 4544 1726 4602; x_wconf 85' lang='lat' dir='ltr'>detentione</span> <span class='ocrx_word' id='word_1_644' title='bbox 1738 4564 1779 4603; x_wconf 88' lang='lat' dir='ltr'>ra·</span> 
     </span>
     <span class='ocr_line' id='line_1_81' title="bbox 954 4638 1779 4714; baseline 0 -18"><span class='ocrx_word' id='word_1_645' title='bbox 954 4642 1031 4714; x_wconf 78' lang='lat' dir='ltr'>pinne</span> <span class='ocrx_word' id='word_1_646' title='bbox 1058 4641 1170 4713; x_wconf 81' lang='lat' dir='ltr'>gravius</span> <span class='ocrx_word' id='word_1_647' title='bbox 1193 4640 1376 4695; x_wconf 88' lang='lat' dir='ltr'>vindicemus.</span> <span class='ocrx_word' id='word_1_648' title='bbox 1405 4638 1596 4693; x_wconf 74' lang='lat' dir='ltr'>Nihilominus</span> <span class='ocrx_word' id='word_1_649' title='bbox 1622 4641 1713 4696; x_wconf 85' lang='lat' dir='ltr'>etiam</span> <span class='ocrx_word' id='word_1_650' title='bbox 1742 4642 1779 4696; x_wconf 91' lang='lat' dir='ltr'>di-</span> 
     </span>
     <span class='ocr_line' id='line_1_82' title="bbox 955 4732 1779 4806; baseline 0.001 -17"><span class='ocrx_word' id='word_1_651' title='bbox 955 4736 1072 4791; x_wconf 88' lang='lat' dir='ltr'>lectioni</span> <span class='ocrx_word' id='word_1_652' title='bbox 1086 4741 1141 4789; x_wconf 87' lang='lat' dir='ltr'>tuae</span> <span class='ocrx_word' id='word_1_653' title='bbox 1155 4734 1339 4806; x_wconf 72' lang='lat' dir='ltr'>presentium</span> <span class='ocrx_word' id='word_1_654' title='bbox 1358 4732 1528 4788; x_wconf 79' lang='lat' dir='ltr'>austeritate</span> <span class='ocrx_word' id='word_1_655' title='bbox 1542 4734 1731 4805; x_wconf 86' lang='lat' dir='ltr'>mandamus,</span> <span class='ocrx_word' id='word_1_656' title='bbox 1748 4740 1779 4790; x_wconf 92' lang='lat' dir='ltr'>ut</span> 
     </span>
     <span class='ocr_line' id='line_1_83' title="bbox 954 4825 1776 4900; baseline 0.005 -19"><span class='ocrx_word' id='word_1_657' title='bbox 954 4828 1182 4884; x_wconf 89' lang='lat' dir='ltr'>vicecomitatum</span> <span class='ocrx_word' id='word_1_658' title='bbox 1204 4826 1362 4894; x_wconf 74' lang='lat' dir='ltr'>accaronis,</span> <span class='ocrx_word' id='word_1_659' title='bbox 1380 4831 1408 4881; x_wconf 89' lang='lat' dir='ltr'>et</span> <span class='ocrx_word' id='word_1_660' title='bbox 1425 4825 1479 4880; x_wconf 88' lang='lat' dir='ltr'>alia</span> <span class='ocrx_word' id='word_1_661' title='bbox 1491 4826 1566 4897; x_wconf 87' lang='lat' dir='ltr'>jura,</span> <span class='ocrx_word' id='word_1_662' title='bbox 1590 4844 1656 4900; x_wconf 83' lang='lat' dir='ltr'>qnae</span> <span class='ocrx_word' id='word_1_663' title='bbox 1676 4829 1713 4884; x_wconf 89' lang='lat' dir='ltr'>ad</span> <span class='ocrx_word' id='word_1_664' title='bbox 1734 4831 1776 4885; x_wconf 85' lang='lat' dir='ltr'>Ja-</span> 
     </span>
     <span class='ocr_line' id='line_1_84' title="bbox 955 4921 1778 4993; baseline 0.002 -17"><span class='ocrx_word' id='word_1_665' title='bbox 955 4923 1110 4977; x_wconf 90' lang='lat' dir='ltr'>nuensinm</span> <span class='ocrx_word' id='word_1_666' title='bbox 1127 4923 1175 4993; x_wconf 86' lang='lat' dir='ltr'>jus</span> <span class='ocrx_word' id='word_1_667' title='bbox 1196 4922 1341 4993; x_wconf 90' lang='lat' dir='ltr'>pertinere</span> <span class='ocrx_word' id='word_1_668' title='bbox 1362 4926 1530 4988; x_wconf 86' lang='lat' dir='ltr'>noscuntur,</span> <span class='ocrx_word' id='word_1_669' title='bbox 1552 4937 1602 4975; x_wconf 85' lang='lat' dir='ltr'>eos</span> <span class='ocrx_word' id='word_1_670' title='bbox 1625 4921 1778 4978; x_wconf 75' lang='lat' dir='ltr'>daretem</span> 
     </span>
     <span class='ocr_line' id='line_1_85' title="bbox 954 5012 1777 5089; baseline 0.001 -18"><span class='ocrx_word' id='word_1_671' title='bbox 954 5016 1071 5088; x_wconf 87' lang='lat' dir='ltr'>paciiice</span> <span class='ocrx_word' id='word_1_672' title='bbox 1091 5016 1246 5086; x_wconf 85' lang='lat' dir='ltr'>possidere,</span> <span class='ocrx_word' id='word_1_673' title='bbox 1269 5019 1297 5069; x_wconf 89' lang='lat' dir='ltr'>et</span> <span class='ocrx_word' id='word_1_674' title='bbox 1315 5013 1376 5067; x_wconf 89' lang='lat' dir='ltr'>sine</span> <span class='ocrx_word' id='word_1_675' title='bbox 1396 5013 1455 5067; x_wconf 90' lang='lat' dir='ltr'>nlla</span> <span class='ocrx_word' id='word_1_676' title='bbox 1476 5012 1693 5084; x_wconf 89' lang='lat' dir='ltr'>inquietatione</span> <span class='ocrx_word' id='word_1_677' title='bbox 1715 5034 1777 5089; x_wconf 82' lang='lat' dir='ltr'>per·</span> 
     </span>
     <span class='ocr_line' id='line_1_86' title="bbox 956 5109 1063 5164; baseline 0 0"><span class='ocrx_word' id='word_1_678' title='bbox 956 5109 1063 5164; x_wconf 88' lang='lat' dir='ltr'>mittas.</span> 
     </span>
    </p>
   </div>
   <div class='ocr_carea' id='block_1_27' title="bbox 952 5217 1781 5721">
    <p class='ocr_par' dir='ltr' id='par_1_29' title="bbox 952 5217 1781 5721">
     <span class='ocr_line' id='line_1_87' title="bbox 987 5217 1781 5283; baseline 0 -12"><span class='ocrx_word' id='word_1_679' title='bbox 987 5223 1016 5271; x_wconf 89' lang='lat' dir='ltr'>ln</span> <span class='ocrx_word' id='word_1_680' title='bbox 1045 5219 1133 5271; x_wconf 83' lang='lat' dir='ltr'>eodem</span> <span class='ocrx_word' id='word_1_681' title='bbox 1161 5217 1237 5268; x_wconf 87' lang='lat' dir='ltr'>modo</span> <span class='ocrx_word' id='word_1_682' title='bbox 1267 5218 1394 5282; x_wconf 84' lang='lat' dir='ltr'>scriptum</span> <span class='ocrx_word' id='word_1_683' title='bbox 1423 5224 1461 5269; x_wconf 85' lang='lat' dir='ltr'>est</span> <span class='ocrx_word' id='word_1_684' title='bbox 1496 5219 1664 5283; x_wconf 80' lang='lat' dir='ltr'>Tripolitana</span> <span class='ocrx_word' id='word_1_685' title='bbox 1692 5223 1781 5273; x_wconf 80' lang='lat' dir='ltr'>conniti</span> 
     </span>
     <span class='ocr_line' id='line_1_88' title="bbox 953 5288 1779 5358; baseline -0.001 -15"><span class='ocrx_word' id='word_1_686' title='bbox 953 5292 1114 5343; x_wconf 78' lang='lat' dir='ltr'>Antiocheno</span> <span class='ocrx_word' id='word_1_687' title='bbox 1143 5289 1261 5354; x_wconf 69' lang='lat' dir='ltr'>paricipi</span> <span class='ocrx_word' id='word_1_688' title='bbox 1292 5288 1339 5339; x_wconf 84' lang='lat' dir='ltr'>sut</span> <span class='ocrx_word' id='word_1_689' title='bbox 1369 5291 1651 5343; x_wconf 70' lang='lat' dir='ltr'>excommunicationis</span> <span class='ocrx_word' id='word_1_690' title='bbox 1682 5306 1779 5358; x_wconf 83' lang='lat' dir='ltr'>poena;</span> 
     </span>
     <span class='ocr_line' id='line_1_89' title="bbox 953 5360 1781 5429; baseline 0.001 -14"><span class='ocrx_word' id='word_1_691' title='bbox 953 5363 1113 5415; x_wconf 77' lang='lat' dir='ltr'>Antiocheno</span> <span class='ocrx_word' id='word_1_692' title='bbox 1136 5360 1300 5424; x_wconf 78' lang='lat' dir='ltr'>patriarcha</span> <span class='ocrx_word' id='word_1_693' title='bbox 1325 5361 1405 5411; x_wconf 83' lang='lat' dir='ltr'>etionr</span> <span class='ocrx_word' id='word_1_694' title='bbox 1428 5374 1478 5424; x_wconf 81' lang='lat' dir='ltr'>per·</span> <span class='ocrx_word' id='word_1_695' title='bbox 1501 5361 1651 5424; x_wconf 81' lang='lat' dir='ltr'>apostolice</span> <span class='ocrx_word' id='word_1_696' title='bbox 1677 5366 1781 5429; x_wconf 82' lang='lat' dir='ltr'>seriptn</span> 
     </span>
     <span class='ocr_line' id='line_1_90' title="bbox 952 5431 1781 5500; baseline 0.002 -15"><span class='ocrx_word' id='word_1_697' title='bbox 952 5435 1086 5500; x_wconf 75' lang='lat' dir='ltr'>pracepit,</span> <span class='ocrx_word' id='word_1_698' title='bbox 1105 5438 1135 5484; x_wconf 87' lang='lat' dir='ltr'>nt</span> <span class='ocrx_word' id='word_1_699' title='bbox 1152 5431 1296 5497; x_wconf 81' lang='lat' dir='ltr'>prinoipem</span> <span class='ocrx_word' id='word_1_700' title='bbox 1317 5431 1506 5483; x_wconf 78' lang='lat' dir='ltr'>Antiochenam</span> <span class='ocrx_word' id='word_1_701' title='bbox 1524 5436 1781 5498; x_wconf 68' lang='lat' dir='ltr'>excommunicent,</span> 
     </span>
     <span class='ocr_line' id='line_1_91' title="bbox 953 5500 1781 5571; baseline 0.002 -16"><span class='ocrx_word' id='word_1_702' title='bbox 953 5506 1007 5557; x_wconf 88' lang='lat' dir='ltr'>nisi</span> <span class='ocrx_word' id='word_1_703' title='bbox 1024 5505 1152 5569; x_wconf 76' lang='lat' dir='ltr'>predicto</span> <span class='ocrx_word' id='word_1_704' title='bbox 1171 5500 1334 5567; x_wconf 84' lang='lat' dir='ltr'>adimpleret.</span> <span class='ocrx_word' id='word_1_705' title='bbox 1354 5501 1466 5566; x_wconf 81' lang='lat' dir='ltr'>Scripsit</span> <span class='ocrx_word' id='word_1_706' title='bbox 1482 5502 1561 5553; x_wconf 83' lang='lat' dir='ltr'>etiam</span> <span class='ocrx_word' id='word_1_707' title='bbox 1583 5506 1710 5571; x_wconf 80' lang='lat' dir='ltr'>episeopo</span> <span class='ocrx_word' id='word_1_708' title='bbox 1734 5506 1781 5557; x_wconf 76' lang='lat' dir='ltr'>st·</span> 
     </span>
     <span class='ocr_line' id='line_1_92' title="bbox 954 5572 1781 5639; baseline 0.001 -11"><span class='ocrx_word' id='word_1_709' title='bbox 954 5576 1077 5628; x_wconf 80' lang='lat' dir='ltr'>turicensi</span> <span class='ocrx_word' id='word_1_710' title='bbox 1099 5581 1165 5639; x_wconf 80' lang='lat'>(29),</span> <span class='ocrx_word' id='word_1_711' title='bbox 1185 5573 1338 5638; x_wconf 64' lang='lat' dir='ltr'>rotinense,</span> <span class='ocrx_word' id='word_1_712' title='bbox 1356 5577 1382 5623; x_wconf 87' lang='lat' dir='ltr'>et</span> <span class='ocrx_word' id='word_1_713' title='bbox 1402 5572 1647 5633; x_wconf 69' lang='lat' dir='ltr'>emmeranensi</span> <span class='ocrx_word' id='word_1_714' title='bbox 1660 5576 1781 5629; x_wconf 63' lang='lat' dir='ltr'>sem</span> 
     </span>
     <span class='ocr_line' id='line_1_93' title="bbox 953 5644 1781 5721; baseline -0.001 -22"><span class='ocrx_word' id='word_1_715' title='bbox 953 5648 1026 5721; x_wconf 37' lang='lat' dir='ltr'>dnm·</span> <span class='ocrx_word' id='word_1_716' title='bbox 1042 5647 1160 5713; x_wconf 78' lang='lat' dir='ltr'>Attente,</span> <span class='ocrx_word' id='word_1_717' title='bbox 1185 5650 1208 5697; x_wconf 91' lang='lat' dir='ltr'>et</span> <span class='ocrx_word' id='word_1_718' title='bbox 1236 5646 1408 5707; x_wconf 72' lang='lat' dir='ltr'>biterrenses,</span> <span class='ocrx_word' id='word_1_719' title='bbox 1434 5644 1459 5696; x_wconf 83' lang='lat' dir='ltr'>tt</span> <span class='ocrx_word' id='word_1_720' title='bbox 1483 5644 1645 5711; x_wconf 62' lang='lat' dir='ltr'>Apamense</span> <span class='ocrx_word' id='word_1_721' title='bbox 1672 5660 1781 5705; x_wconf 64' lang='lat' dir='ltr'>uson-</span> 
     </span>
    </p>
   </div>
   <div class='ocr_carea' id='block_1_28' title="bbox 0 0 1880 6046">
    <p class='ocr_par' dir='ltr' id='par_1_30' title="bbox 0 0 1880 6046">
     <span class='ocr_line' id='line_1_94' title="bbox 0 0 1880 6046; baseline 0 1"><span class='ocrx_word' id='word_1_722' title='bbox 0 0 1880 6046; x_wconf 95' lang='lat' dir='ltr'> </span> 
     </span>
    </p>
   </div>
  </div>
 </body>
</html>
