3750 6046
104 208 172 269 lidi
790 208 926 267 ioannis
943 206 1075 268 cintia.

104 336 175 388 duos
189 333 251 385 illos
265 331 455 384 sanctissimos
475 344 557 384 senes
580 334 644 385 vita
667 335 814 398 presentis
830 347 918 398 agone
930 347 958 420 Α
968 339 1060 385 uentus
1072 333 1151 385 nestri
1165 332 1234 385 diem
1247 332 1341 383 dir-ina
1351 331 1511 383 revelatione
1520 335 1709 396 praeuertisse

104 405 281 458 laudabiliter
306 406 498 455 consummato
520 418 594 454 mors
621 406 747 469 eriperet,
770 405 799 455 in
824 406 918 456 locum
969 410 1017 461 tat,
1029 407 1104 469 cujas
1122 404 1213 454 ordine
1232 408 1255 453 et
1273 402 1382 454 consilio
1396 404 1488 454 amnia
1503 415 1591 465 opera
1608 408 1698 451 restra

104 479 213 530 abbatis
226 475 360 527 suffectus
372 479 424 537 est,
438 489 576 540 rupesque
589 475 659 538 illas,
679 477 707 525 in
720 477 823 541 quibus
835 476 919 527 habi·
968 481 1072 540 pentae,
1085 475 1166 526 donec
1189 474 1312 525 eolatrtas
1331 475 1380 524 Dei
1400 473 1513 538 perfecte
1533 472 1709 537 adimpleam

105 547 394 609 taverant‚daserens,
416 548 604 598 eremitorium
628 552 791 599 construere
813 549 920 599 curavit
969 549 1034 613 quia
1052 547 1254 610 provinciam
1280 560 1363 612 quam
1389 544 1519 596 mittebat
1543 544 1629 607 illos,
1655 545 1709 595 iere

104 635 190 686 prope
204 621 308 671 llumen
324 620 478 681 Barosinm,
495 620 523 669 in
543 621 689 671 cacumine
710 622 822 680 montis,
837 622 920 683 cujus
969 620 1022 671 sub
1046 618 1202 670 infidelium
1225 621 1292 682 jugo
1313 616 1432 681 jacebat,
1456 629 1507 667 eos
1530 615 1570 665 ad
1596 621 1709 666 morien

104 692 306 743 inaccessibilis
321 690 437 740 altitudo
449 695 478 741 et
489 691 642 754 fragosius,
659 690 777 741 arduum
798 695 826 741 et
846 691 919 741 diiii·
970 691 1079 743 Cbristo
1111 690 1225 740 tirmiter
1256 688 1431 740 subeundam
1464 687 1626 738 exhortans
1663 699 1709 736 cor

105 764 186 815 cilem
202 762 308 813 aditum
325 761 542 812 ascendentibus
562 762 675 825 praebet,
689 762 848 827 ibidemque
862 767 919 812 tam
969 762 1125 826 repromisit
1148 764 1288 811 aelernam.
1317 760 1402 825 igitur
1423 763 1488 822 post
1520 757 1665 808 melliflua
1698 771 1709 804 t

103 834 163 898 ipse
189 847 272 899 quam
291 834 385 884 caeteri
405 833 502 882 fratres
517 846 609 884 amore
627 833 748 884 coelestis
766 835 862 897 patriae
877 834 919 882 in·
969 835 1072 898 quaesi
1087 846 1165 882 arnor
1186 830 1371 895 suppeditavit
1390 829 1513 891 divinus,
1533 833 1565 881 et
1591 832 1657 892 post
1678 828 1709 877 sit

104 905 240 956 flammati
256 905 412 969 angelicam
435 906 630 968 potiusquam
653 905 804 955 humanam
825 917 919 969 coepe·
970 906 1112 956 charitatis
1144 903 1303 967 amplexae,
1327 901 1441 953 dilectos
1470 901 1547 951 tilios
1578 913 1650 950 snos
1683 914 1709 963 pv

104 981 170 1027 runt
181 976 282 1027 ducere
297 977 395 1025 vitam.
969 975 1163 1027 benedictione
1184 975 1305 1023 munitos
1325 975 1353 1022 in
1376 986 1444 1036 pace
1463 972 1587 1033 dimisit,
1603 973 1654 1034 qui
1667 972 1707 1021 ira

137 1048 222 1098 Fama
241 1051 336 1099 autem
357 1046 524 1097 venerabilis
548 1046 599 1095 viri
624 1059 673 1110 per
689 1046 920 1110 circumjacentes
969 1049 1028 1098 suis
1042 1046 1227 1097 valedicentes
1242 1045 1343 1109 egressi
1363 1048 1458 1094 sunta
1474 1056 1560 1094 sacro
1586 1041 1709 1093 Claraera

105 1120 232 1183 regiones
251 1118 307 1168 late
329 1117 440 1177 diffusa,
455 1117 490 1167 ad
509 1131 590 1167 aures
612 1117 727 1167 ilenrici
742 1117 851 1168 comitis
864 1118 919 1168 Lu·
970 1119 1106 1170 coenobio.

104 1190 213 1241 eltaniae
246 1194 382 1253 pervenit,
411 1190 459 1254 qui
492 1202 556 1239 eum
589 1189 770 1252 personaliter
801 1188 919 1239 visitans
1000 1190 1055 1241 Sed
1077 1192 1135 1252 jam
1156 1188 1190 1239 ad
1209 1189 1345 1238 ioannem
1365 1191 1493 1237 nostrum
1517 1188 1706 1237 convertamu

105 1263 220 1325 ejusque
245 1261 403 1312 humilitate
426 1264 454 1312 et
476 1264 638 1325 paupertate
660 1273 716 1309 non
740 1259 920 1310 mediocriter
970 1274 1090 1312 monem.
1110 1261 1184 1310 Dum
1199 1259 1273 1310 enim
1287 1259 1350 1309 baec
1364 1262 1516 1323 agerentur
1533 1258 1565 1306 in
1581 1254 1709 1317 Galliae

105 1330 259 1383 aedificatus
290 1336 351 1396 post
384 1332 458 1381 varia
490 1332 585 1396 patriae
617 1330 740 1381 coelestis
766 1330 917 1394 colloquia,
969 1335 1043 1384 sicut
1058 1338 1086 1383 et
1107 1333 1178 1382 Patri
1203 1334 1306 1389 nostro,
1327 1331 1410 1380 etiam
1428 1330 1565 1393 apparuit
1589 1328 1709 1392 Baptista

105 1402 248 1453 humiliter
266 1401 431 1466 deprecatus
449 1406 645 1466 estquatenus
669 1402 728 1451 suis
748 1401 920 1451 orationibus
970 1407 1066 1455 tiorem
1081 1400 1311 1454 eumlaclensde
1329 1400 1453 1452 adventu
1468 1401 1590 1449 illorum
1615 1405 1709 1449 octor

103 1487 119 1524 a
144 1474 203 1525 Deo
226 1473 323 1535 tilium,
344 1487 429 1538 quem
449 1473 619 1537 principatus
639 1474 683 1522 sui
707 1472 847 1523 haeredem
876 1486 920 1522 re·
970 1476 1097 1534 chorum,
1112 1485 1182 1538 quos
1214 1471 1248 1522 ad
1281 1473 1444 1536 erigendum
1479 1471 1653 1523 coenobium
1683 1481 1709 1519 aa

106 1545 253 1609 linqueret,
269 1545 433 1608 impetraret.
447 1542 499 1595 Cui
514 1557 579 1593 mox
592 1543 691 1594 beatus
701 1543 743 1592 vir
757 1543 919 1607 prophetico
969 1546 1056 1598 abbas
1072 1545 1208 1606 mittebat,
1224 1545 1385 1608 praecipiens
1400 1546 1425 1594 el
1440 1547 1473 1593 ut
1488 1546 1595 1593 saucia
1609 1554 1707 1592 eorum

104 1617 202 1680 spiritu
223 1615 324 1680 plenus
345 1615 487 1679 respondit
510 1631 515 1664 :
543 1632 556 1661 e
580 1613 706 1677 Confide,
726 1614 848 1674 domine,
871 1614 920 1663 ba·
970 1619 1046 1668 deria
1066 1617 1099 1667 ad
1128 1621 1251 1680 optatum
1276 1615 1439 1680 perduceret
1463 1614 1568 1668 tinem,
1596 1625 1703 1675 eosque

105 1687 185 1738 bebis
207 1689 281 1737 enim
307 1687 406 1748 tilium,
422 1687 488 1738 belli
512 1690 540 1738 et
560 1688 637 1750 pacis
651 1686 780 1749 operibus
800 1686 1122 1784 clarumerincipem
1144 1692 1170 1738 et
1184 1688 1292 1737 nobiles
1306 1692 1386 1737 terrae
1407 1686 1584 1736 auctoritate
1597 1697 1651 1733 sua
1674 1696 1709 1733 rat

105 1758 297 1822 obtinebitque
312 1772 413 1810 nomen
428 1772 560 1821 magnum
576 1758 758 1808 interamnae
779 1757 919 1821 principes
969 1765 1081 1824 gratos;
1104 1772 1232 1809 asserens
1253 1758 1455 1808 monasterium
1477 1755 1555 1806 illud
1581 1756 1707 1805 laturum

107 1836 195 1890 terrae,
211 1835 239 1880 ei
260 1830 313 1880 erit
336 1834 422 1879 terror
442 1828 596 1879 infidelium
618 1832 647 1878 el
672 1828 810 1890 flagellum
832 1841 920 1892 patta-
970 1832 1076 1882 clarum
1088 1831 1268 1882 seminarium
1281 1830 1425 1887 virtutum,
1439 1825 1629 1891 ostenditque
1643 1826 1710 1875 illil

105 1913 213 1949 norum.
235 1918 249 1945 o
272 1900 318 1950 Sic
340 1900 419 1960 dixit,
435 1901 475 1951 sic
502 1899 678 1964 postmodum
704 1898 814 1949 accidit.
842 1899 920 1949 The·
970 1905 998 1953 in
1030 1914 1087 1966 quo
1113 1900 1292 1950 adventantes
1319 1898 1472 1949 monachos
1505 1899 1659 1948 inveniret.
1688 1896 1709 1959 Q

106 1984 167 2021 resa
185 1971 260 2020 enim
278 1971 402 2036 praedicti
426 1971 536 2022 comitis
560 1984 633 2021 uxor
652 1970 777 2033 concepit
793 1973 821 2019 et
834 1982 920 2033 pepe·
969 1975 1051 2025 dietis
1072 1973 1215 2035 disparuit,
1231 1975 1256 2020 et
1278 1970 1376 2022 beatus
1395 1971 1449 2020 Dei
1471 1968 1605 2019 famulus
1626 1968 1709 2032 plenu

106 2040 141 2089 rit
153 2040 326 2104 alphonsum
336 2042 504 2107 Henriquez‚
516 2043 564 2106 qui
577 2042 666 2091 honor
679 2047 705 2091 et
718 2041 804 2103 gloria
816 2041 919 2091 exstitit
970 2045 1120 2096 saltatione
1146 2048 1174 2094 et
1199 2044 1294 2093 laetitia
1318 2044 1369 2093 iter
1392 2042 1526 2105 arripuit,
1542 2045 1581 2102 et,
1597 2044 1661 2104 post
1690 2040 1709 2089 al

105 2110 310 2175 Portugaleusis
351 2115 489 2172 nationis,
522 2118 548 2164 et
589 2112 803 2162 tundamentum
843 2113 920 2175 regni
970 2117 1029 2167 dies
1050 2116 1155 2180 quihus
1171 2128 1220 2179 per
1240 2112 1391 2164 horrendas
1417 2117 1445 2162 et
1467 2116 1570 2162 vastas
1593 2111 1709 2162 eremis

106 2182 264 2233 Lusitania.
284 2183 412 2248 Cumque
433 2189 510 2248 pater
533 2186 592 2247 ejus
615 2189 677 2247 post
698 2182 831 2247 praeclara
851 2183 919 2233 iaci·
970 2189 1049 2238 dines
1070 2186 1136 2238 binc
1159 2186 1224 2236 inde
1244 2185 1343 2236 erravit
1363 2183 1541 2242 discurrens,
1566 2182 1709 2233 claraevall

104 2266 182 2313 nora,
198 2252 326 2303 ultimum
343 2256 470 2318 spiritum
496 2256 609 2315 elllaret,
629 2256 701 2304 sicut
725 2256 811 2317 regni,
828 2254 869 2305 sic
893 2259 920 2303 et
970 2258 1123 2309 monachos
1150 2256 1184 2307 ad
1210 2270 1239 2305 se
1264 2255 1406 2304 verrientes
1430 2253 1565 2314 offendit,
1586 2267 1646 2303 non
1668 2266 1709 2317 prr

105 2325 215 2388 pletatis
238 2326 289 2376 luit
313 2327 410 2387 hares,
433 2332 619 2391 sanctumque
644 2327 780 2376 ioannem
807 2323 919 2376 Ciritam
970 2328 1468 2388 Lamecenslcirltate,cu1'usrexa
1492 2326 1643 2375 Lusitanis
1657 2329 1709 2375 ante

105 2409 215 2446 summo
230 2398 449 2461 prosequebatur
468 2411 570 2458 amore,
586 2395 620 2445 ad
644 2409 767 2460 eumque
788 2397 816 2445 in
838 2395 921 2446 rebus
971 2413 1120 2450 eosaunos
1142 2398 1278 2457 devictus,
1291 2400 1401 2460 rejectis
1423 2397 1642 2447 Mabumetanis
1663 2410 1709 2446 rer

105 2465 209 2526 arduis,
233 2471 364 2532 tanquam
389 2468 423 2518 ad
448 2468 574 2518 divinam
596 2467 750 2527 oraculum,
775 2467 920 2531 confugie-
970 2471 1054 2521 fldem
1078 2471 1223 2533 amplexus
1245 2470 1335 2519 iuerat
1356 2468 1541 2519 catholicam.
1564 2467 1640 2530 Quis
1660 2480 1709 2517 ree

105 2536 162 2597 bat,
177 2551 343 2603 semperque
361 2538 452 2590 dicere
475 2538 601 2588 solebat:
624 2536 742 2587 Facilius
763 2550 780 2585 a
801 2537 921 2594 Domino,
970 2555 1067 2591 vorum
1089 2541 1191 2592 christi
1207 2541 1292 2590 enimi
1307 2538 1520 2602 jucunditatem
1534 2552 1653 2589 narrare
1669 2539 1709 2587 sul

105 2620 186 2671 quam
207 2609 240 2658 ab
263 2610 355 2661 amicis
377 2611 451 2669 meis,
465 2608 597 2674 quidquid
618 2607 673 2658 vult
696 2608 820 2670 impetrat
836 2606 920 2658 aibas
970 2618 1111 2678 cumpost
1125 2613 1199 2676 tonat
1215 2612 1390 2662 incommoda
1405 2612 1520 2662 itineris
1542 2612 1695 2673 variasque

105 2679 230 2730 ioannes.
970 2685 1088 2736 latiores
1110 2689 1138 2735 et
1159 2685 1309 2747 angustias,
1323 2683 1434 2733 beatum
1457 2683 1610 2734 ioannem
1635 2682 1708 2732 dirae

421 2768 540 2821 cApUT
558 2770 604 2819 111,
971 2762 998 2807 et
1011 2761 1116 2820 patrem
1128 2756 1180 2805 sibi
1194 2770 1209 2804 a
1221 2755 1302 2806 beato
1318 2754 1459 2805 Bernardo
1475 2755 1671 2805 constitutum
1687 2753 1709 2803 in

427 2873 431 2882 .
560 2873 565 2883 .
971 2828 1046 2878 riuti
1071 2826 1133 2887 Cui,
1156 2828 1217 2890 post
1242 2825 1377 2875 humilem
1405 2825 1628 2881 salutationem,
1656 2823 1709 2887 epis

106 2873 218 2924 Sanciae
226 2874 344 2923 ioannes
355 2873 474 2937 Baptista
489 2874 564 2922 Patri
581 2875 675 2924 nostro
689 2871 826 2922 Bernarda
836 2883 920 2934 appa·
969 2898 1137 2948 saumissimi
1159 2897 1246 2947 Patris
1263 2896 1349 2946 nostri
1372 2895 1511 2946 Bernardi
1535 2896 1588 2946 mli
1610 2900 1705 2946 tenore

137 2956 208 3001 rens,
230 2943 265 2992 ad
290 2942 494 2993 construendum
522 2942 682 3001 canceium,
709 2943 737 2991 in
763 2942 920 3006 Hispaniam
970 2967 1295 3033 scriptammdjdemm·

135 3015 254 3078 precipit
276 3015 379 3065 mittere
399 3013 548 3072 monachas,
564 3028 630 3078 quos
646 3014 740 3063 (licina
761 3012 920 3063 revelatione

136 3085 287 3136 admonitus
301 3086 331 3135 B.
345 3085 464 3135 loannes
479 3086 565 3135 cirita
578 3085 607 3134 in
631 3086 726 3135 itinere
750 3072 956 3145 advertentesC
971 3076 1089 3141 Epistola
1113 3074 1182 3126 bessii
1212 3075 1303 3125 Putris
1327 3075 1412 3125 nostri
1440 3074 1591 3125 Bernardi
1614 3074 1709 3126 abbati

136 3155 225 3207 obuios
236 3156 353 3219 suscipit.
1184 3146 1287 3197 beatum
1298 3146 1429 3196 ioannem
1445 3146 1580 3197 Ciriiam.

136 3259 197 3311 Hoc
224 3259 323 3311 eodem
347 3264 472 3322 tempore
499 3260 715 3323 gloriosissimus
745 3260 826 3311 Pater
853 3262 917 3311 Bar·
1000 3261 1097 3312 Exstat
1117 3261 1190 3311 inter
1212 3259 1344 3322 epistolas
1365 3258 1394 3311 S.
1417 3259 1562 3311 Bernardi
1586 3260 1709 3312 editioni

103 3330 218 3393 nardus,
239 3331 323 3381 radiis
352 3331 462 3381 virtutis
490 3334 518 3381 et
543 3331 676 3381 doctrinae
704 3335 793 3381 totum
820 3330 919 3382 Cbris-
969 3338 1018 3384 trae
1037 3346 1113 3383 num.
1138 3333 1193 3383 titt.
1219 3330 1289 3382 Vide
1311 3328 1474 3394 Patroioaiae
1501 3335 1521 3381 t.
1553 3329 1709 3383 cnxxxit

102 3401 209 3451 danum
231 3402 328 3453 orbem
351 3402 522 3461 illuminans,
539 3414 648 3452 summa
674 3414 738 3452 cum
766 3402 867 3464 pietate
890 3406 918 3453 et
967 3404 1023 3455 669.

103 3474 318 3523 mansuetudine
351 3471 566 3523 Claraevallense
599 3471 793 3523 moderabatur
825 3486 918 3525 coeno·
999 3476 1059 3525 Hac
1089 3474 1173 3538 igitur
1197 3473 1317 3537 perlecta
1347 3472 1486 3536 epistola,
1519 3486 1642 3523 summo
1672 3486 1708 3536 pe

102 3541 190 3593 bium.
213 3543 266 3594 Cui
290 3556 363 3594 anno
384 3543 495 3593 Domini
517 3544 588 3603 lilii,
606 3544 737 3608 vigesima
759 3549 856 3608 quarta
873 3544 918 3596 die
967 3545 1069 3609 gaudio
1090 3545 1189 3595 beatus
1205 3546 1342 3605 ioannes,
1365 3556 1433 3594 oum
1461 3544 1626 3596 monacbis
1649 3544 1709 3596 Clar

101 3613 179 3664 iunii
210 3619 273 3678 post
305 3614 462 3678 vigiliarum
495 3614 602 3677 laudes,
621 3614 739 3664 orationi
771 3617 800 3665 in
832 3616 917 3667 choro
967 3616 1101 3676 lensibus,
1115 3615 1289 3680 Alpbonsum
1304 3614 1463 3678 principem
1481 3616 1535 3679 qui
1555 3620 1629 3668 tunc
1649 3630 1709 3681 apa·

103 3687 251 3748 insistenti,
267 3687 297 3736 B.
311 3687 434 3737 ioannes
457 3686 578 3749 Baptista
600 3699 633 3736 eo
656 3685 753 3736 babitu
771 3690 798 3736 et
820 3687 916 3749 forma,
967 3700 1095 3738 maranes
1111 3687 1277 3748 morabatur,
1291 3685 1412 3736 decrevit
1433 3685 1531 3747 adira,
1545 3693 1581 3738 ut
1603 3687 1641 3739 ab
1654 3701 1709 3739 eor

102 3770 158 3822 qua
181 3757 217 3808 ab
235 3757 362 3808 Ecclesia
380 3757 567 3807 communiter
590 3756 758 3821 depingitur,
781 3759 917 3821 apparuit,
967 3758 1138 3809 libetlocum
1152 3757 1272 3821 eligendi
1287 3755 1321 3806 ad
1335 3757 1573 3808 construendum
1592 3772 1700 3809 novum

102 3828 229 3892 dixitque
252 3830 297 3879 ei:
321 3829 361 3879 Ad
382 3827 493 3878 salntem
513 3827 806 3892 pluriamaainraranr,
821 3828 917 3893 quidus
967 3829 1045 3879 bium
1069 3827 1228 3878 facultatem
1249 3827 1394 3878 obtineret.
1419 3826 1498 3878 Cum
1523 3836 1629 3881 autem
1644 3830 1709 3881 ade

101 3898 224 3950 doctrirm
237 3899 306 3950 deest
333 3897 460 3962 lanaeque
484 3912 501 3947 a
525 3900 570 3947 oia
597 3899 755 3950 salvationis
777 3899 915 3959 aberrant,
966 3899 1168 3963 pervenissent,
1184 3897 1386 3948 humanissime
1404 3911 1421 3947 a
1437 3899 1578 3963 principe
1598 3901 1709 3965 excepti

103 3969 208 4032 aeneia
228 3968 275 4020 tibi
291 3968 397 4034 aliquos
417 3983 449 4019 es
470 3970 604 4020 mortariis
630 3970 683 4021 tuis
707 3970 743 4020 ad
766 3970 917 4022 remotiores
967 3970 1015 4034 qui
1037 3983 1132 4020 eorum
1158 3968 1272 4019 babitus
1294 3971 1503 4032 paupertatem,
1519 3969 1709 4036 modestiam

100 4044 191 4104 partes
210 4040 345 4103 Hispania
366 4039 495 4103 reiepare,
510 4039 713 4103 quibnsdioiaa
734 4039 917 4090 misericordia
966 4045 1021 4091 tem
1050 4039 1273 4104 profundamque
1301 4038 1493 4089 bumilitatem
1528 4042 1709 4092 considerant

101 4111 215 4161 ostendet
239 4109 332 4167 locam,
359 4112 512 4174 quonjam
539 4112 575 4161 ad
600 4111 803 4162 construendum
830 4124 914 4161 carro·
967 4124 1080 4162 causam
1109 4111 1215 4161 itineris
1240 4114 1269 4161 et
1293 4110 1435 4160 adventus
1459 4123 1621 4162 servorum
1650 4112 1702 4163 Dei

101 4180 173 4232 Mam
190 4181 273 4246 clepit,
286 4180 331 4232 aii
345 4182 434 4245 piures
447 4182 544 4232 anima
557 4184 610 4233 lieo
623 4183 784 4247 quotidiana
797 4186 916 4246 carparis
965 4183 1042 4242 laxit,
1058 4196 1123 4233 cum
1141 4194 1208 4233 ecce
1227 4181 1311 4232 simili
1323 4194 1371 4232 eos
1383 4182 1541 4247 privilegio
1557 4185 1709 4236 munitos<

99 4251 236 4316 cordisque
261 4254 438 4303 maceratione
466 4252 546 4302 astrati
575 4252 735 4317 acceptabile
759 4254 916 4317 sacrificium
966 4254 1096 4316 inpace:

101 4322 252 4388 offerentur.
281 4326 311 4374 ln
338 4326 412 4388 cajus
437 4325 479 4373 rei
501 4325 676 4375 testimonium
700 4323 748 4375 ioc
772 4338 821 4388 pro
847 4331 916 4377 serto
996 4335 1171 4386 Aepeonsns
1209 4330 1415 4398 alariosissimas
1458 4331 1524 4384 deas
1567 4339 1593 4385 et
1636 4335 1684 4385 Det

100 4392 258 4455 asseratidi,
275 4394 346 4459 qaod
364 4408 503 4460 nunqnam
518 4396 545 4445 ia
565 4396 652 4446 eadem
678 4396 732 4445 laco
757 4397 834 4460 ripae
853 4396 916 4459 defi·
968 4404 1193 4469 portugalensium
1229 4402 1366 4468 princepe,
1396 4401 1521 4455 illustria
1555 4406 1665 4458 comiti,
1699 4407 1709 4455 t

99 4466 148 4516 ciet
168 4468 338 4526 nranmticas,
353 4466 477 4530 templum
498 4473 588 4517 autem
601 4465 800 4518 consecrabitur
813 4441 990 4524 nominiDet
1021 4477 1118 4539 „9522oe
1144 4475 1260 4526 rems,
1290 4473 1375 4537 ptrue,
1402 4475 1500 4538 ωαψς·
1536 4489 1653 4541 quoqu
1677 4475 1709 4540 pti

98 4549 165 4588 meo.
193 4535 303 4600 Quibus
333 4538 416 4589 dictis
439 4539 582 4602 disparuit.
612 4540 716 4590 Beatus
740 4551 806 4588 vero
835 4538 915 4588 Pater
965 4559 1054 4610 nepes,

98 4606 256 4659 Bernardus
270 4610 345 4658 omni
362 4608 542 4660 admiratione
552 4610 661 4674 plenus,
674 4608 806 4673 usquead
817 4609 915 4659 horam
997 4618 1048 4665 Pro
1078 4615 1192 4666 rentedio
1217 4614 1313 4665 anime
1338 4628 1400 4664 mese
1430 4620 1455 4664 et
1488 4625 1644 4680 pareatum
1669 4633 1709 4670 m

97 4683 215 4739 sextam,
230 4678 296 4743 quid
319 4679 372 4729 sibl
394 4679 542 4730 accidisset
563 4682 699 4744 cogitans,
717 4680 832 4743 Deoque
853 4693 914 4744 gra·
964 4688 1038 4747 sacia
1051 4686 1135 4745 vobin,
1150 4686 1238 4737 adiali
1252 4686 1352 4736 ioanni
1367 4686 1458 4737 Cirita
1480 4695 1509 4738 et
1531 4691 1678 4752 fratribus
1697 4706 1709 4756 q

98 4749 200 4800 tiarum
215 4752 339 4801 actiones
357 4751 523 4815 impendens
543 4752 738 4815 perseveravit.
756 4751 915 4817 volensque
965 4758 1063 4808 bircam
1082 4764 1154 4817 sant,
1170 4758 1291 4809 chartam
1305 4762 1329 4807 et
1350 4763 1458 4808 cautam
1479 4772 1517 4810 ne
1530 4765 1597 4826 qaia
1611 4777 1661 4815 eos
1676 4765 1709 4814 iar

99 4820 270 4873 exsecutioni
296 4820 428 4872 mandare
459 4823 548 4873 sancti
585 4822 702 4872 ioannis
730 4828 913 4886 praeceptum,
964 4829 1033 4893 qnod
1054 4829 1168 4887 audatie,
1183 4835 1206 4879 et
1230 4828 1338 4890 [aciatis
1358 4832 1563 4882 monasterium
1579 4834 1690 4885 ordinis

97 4894 296 4944 iutercaeteros
309 4890 530 4944 claraevallensis
547 4893 669 4944 coenobii
684 4892 759 4943 viros
779 4895 913 4959 egregios,
965 4899 1097 4949 Benedicti
1118 4900 1150 4950 de
1172 4914 1242 4951 noea
1265 4898 1469 4962 reformatione,
1485 4902 1521 4953 de
1545 4905 1601 4956 isto
1622 4906 1708 4959 arada.

98 4965 147 5030 qui
166 4965 325 5016 innocentis
346 4965 411 5015 vitae
432 4966 530 5015 merito
552 4964 611 5014 Deo
633 4964 752 5015 fideliter
773 4965 914 5015 ministra·
963 4970 1060 5027 solam,
1073 4969 1118 5020 ubi
1135 4969 1261 5033 feceritis,
1277 4971 1311 5021 sit
1331 4971 1443 5021 dominii
1457 4976 1558 5035 nostri,
1577 4982 1605 5025 et
1624 4978 1651 5027 si
1670 4976 1701 5026 de

96 5034 174 5096 bant,
186 5039 259 5098 octo,
275 5039 371 5100 utpote
383 5037 531 5087 sanctitate
545 5037 711 5101 praecipuos,
724 5040 752 5087 et
772 5036 807 5086 ad
828 5037 914 5101 peril·
964 5041 1056 5103 Interit,
1069 5047 1174 5091 ematur
1192 5042 1293 5092 nostris
1313 5044 1444 5105 aspersis.
1473 5046 1510 5094 Et
1532 5046 1558 5096 si
1574 5047 1709 5113 aliquisd

98 5106 230 5156 ciendum
243 5110 298 5156 turn
313 5106 433 5156 arduum
452 5120 523 5170 opus
538 5107 652 5157 idoneos
667 5106 759 5171 elegit,
775 5107 913 5158 Boemun·
963 5112 1039 5163 callis
1060 5117 1159 5163 nostres
1179 5112 1220 5164 vei
1238 5112 1270 5162 de
1294 5111 1433 5168 miiitidas,
1445 5122 1552 5167 eontra
1574 5119 1625 5169 iras
1648 5132 1709 5169 sene

98 5175 165 5227 dum
191 5177 307 5238 scilicet,
336 5177 530 5239 Aldebertum‚
558 5178 705 5235 ioannem,
732 5178 912 5241 Bernardum,
964 5182 1121 5233 maledictus
1135 5197 1152 5232 a
1168 5186 1221 5233 Deo
1243 5188 1265 5233 et
1287 5196 1344 5233 cum
1358 5183 1433 5235 luda
1448 5187 1595 5241 traditore
1618 5193 1649 5240 in
1667 5190 1709 5253 iai

97 5246 291 5309 Cisinandum,
315 5248 472 5300 Bolaadum
498 5254 526 5300 et
555 5248 685 5311 ilianum,
714 5249 817 5313 quibus
843 5251 914 5301 Boe·
964 5258 1059 5304 tortus.

96 5318 220 5369 mundus
243 5320 331 5371 abbas
347 5319 506 5384 praetlcitnr.
521 5318 691 5385 Eisdemque
705 5322 820 5372 seorsim
833 5333 914 5373 voca·
997 5325 1078 5375 Facta
1091 5324 1186 5376 altaria
1200 5325 1273 5375 cauti
1286 5324 1361 5389 apttd
1380 5325 1577 5392 Wimaranee,
1597 5332 1709 5385 [obad

97 5389 143 5449 tia,
158 5390 248 5441 saneti
260 5391 376 5441 ioannis
391 5390 475 5442 verba
496 5390 599 5452 retulit,
613 5389 794 5457 divinamque
815 5391 914 5443 volun·
964 5395 1005 5454 tii,
1020 5410 1067 5445 era
1083 5397 1154 5447 itis.

95 5460 181 5511 tatem
195 5461 325 5524 exposuit
338 5461 374 5511 de
388 5460 575 5513 construendo
596 5474 670 5512 noro
696 5462 864 5514 monasterio
885 5464 914 5513 in
996 5466 1049 5530 Epa
1062 5465 1234 5529 supradictus
1246 5467 1370 5531 princepe
1381 5464 1454 5519 banc
1467 5469 1603 5525 abortae·
1610 5474 1709 5541 propri

95 5528 319 5583 occidentalibus
339 5532 465 5596 partibus
486 5532 637 5597 Hispanias,
654 5537 682 5584 at
703 5533 732 5582 in
746 5532 808 5585 loco
828 5547 913 5599 quem
964 5535 1043 5587 nibus
1056 5535 1162 5587 roboro.

95 5602 137 5656 eis
159 5600 271 5667 mgnum
293 5600 495 5655 demonstraret
510 5605 635 5666 eoeleste,
658 5605 687 5655 et
706 5602 807 5668 adjecit
827 5617 833 5654 :
856 5604 913 5655 iia·
995 5606 1107 5672 Egressi
1135 5620 1203 5673 ergo
1230 5606 1330 5659 beatus
1358 5608 1488 5663 ioannes
1518 5614 1554 5665 et
1586 5614 1709 5669 medab

93 5673 186 5726 teian
213 5672 243 5723 in
265 5672 362 5723 itinere
382 5672 487 5725 obviam
510 5679 632 5725 sanctam
663 5674 804 5739 quemdam
832 5675 913 5727 esni
964 5678 1090 5730 eamdem
1108 5678 1185 5730 riam
1197 5680 1383 5731 reversisunt
1398 5694 1405 5729 :
1419 5680 1597 5737 admonitus
1612 5688 1709 5739 erint

87 5742 227 5807 mliorem,
250 5741 422 5813 isneipaiitis
444 5745 515 5808 cita,
527 5745 634 5799 nemim
657 5747 789 5811 ioannem,
803 5746 848 5815 qai
865 5748 913 5801 ad·
965 5746 1133 5803 venerabilis
1155 5748 1241 5805 abas
1259 5762 1296 5803 ne
1315 5750 1540 5821 progrederetur
1556 5756 1709 5823 ulmam
