3750 6046
414 180 570 241 lllSTOth
589 180 858 241 ecclesusncn.
873 210 908 225 ·-
920 176 1007 239 PARS
1027 182 1048 237 l.
1064 210 1100 223 -
1116 170 1180 237 llll.
1200 180 1234 236 ll.
1608 178 1659 237 ¹30

72 305 210 379 operibus
223 305 366 376 laborans,
381 305 467 361 beato
481 307 537 361 fine
557 306 642 361 ritum
662 322 794 362 consum·
804 328 833 401 Α
845 306 874 362 in
892 307 1011 363 nomine
1030 323 1096 363 meo
1117 305 1258 361 demonia
1276 303 1381 376 ejicite,
1398 302 1529 360 infirmos
1547 311 1657 371 cinutc,

846 403 973 457 mortuos
993 401 1136 470 contuse,
1152 399 1244 457 excite
1263 414 1384 471 puerum
1405 398 1491 455 istum
1515 403 1546 453 ut
1564 397 1660 455 omnis

72 500 96 552 et
114 496 164 551 alii
183 496 282 568 plnres
298 495 328 551 iu
344 494 466 550 Ecclesia
484 493 533 549 [ici
553 495 625 549 mire
642 494 793 564 tulsernnt,
844 495 905 551 brec
926 495 1011 551 turba
1030 500 1167 567 agnoscet
1187 493 1255 566 quie
1277 497 1306 549 tn
1329 509 1361 547 es
1380 494 1466 561 Dens,
1487 495 1517 548 et
1538 509 1596 549 nou
1617 497 1660 551 est

72 590 220 647 rheamm
234 591 384 646 Ductorem
399 588 528 661 gentium
541 587 571 643 in
586 589 643 644 ilde
656 589 795 644 catholice
843 588 917 645 elius
930 594 1033 661 praeter
1045 593 1073 646 te
1086 589 1136 661 qui
1149 604 1215 645 cum
1226 589 1310 643 Patre
1322 590 1351 643 et
1362 586 1469 658 Spiritu
1480 590 1577 643 sancto
1588 586 1659 643 viris

72 684 93 740 ιι
112 691 193 753 suut,
210 690 240 740 et
259 685 290 740 in
310 683 444 739 cathedra
459 683 619 754 magistrali
638 683 673 738 ed
693 698 794 755 regen·
845 687 874 738 et
891 699 996 755 regnes
1013 683 1043 738 iu
1061 683 1166 739 smoule
1180 683 1360 739 saeculorum.
1373 683 1475 737 Amen.
1491 703 1506 733 u
1522 685 1594 738 Puer
1608 700 1658 739 au-

72 779 202 851 npulum
220 778 270 834 bei
284 794 338 849 per
357 776 468 833 diversa
486 777 547 832 loce
567 776 724 848 prudenter
741 776 794 832 dis
843 780 903 833 tam
923 777 1093 847 exsurrexit,
1112 783 1141 834 et
1160 777 1283 833 adurens
1302 778 1429 845 Petrum,
1447 775 1545 832 dixit:
1563 797 1577 828 ι
1596 776 1659 833 Vidi

80 875 162 929 suut.
191 873 264 928 Num
290 872 379 927 Lucas
403 870 559 943 Bithyniae,
584 870 662 925 Titus
686 871 793 936 Crete,
844 872 997 928 Dominum
1010 873 1108 929 lesum
1121 871 1267 930 Christum
1275 869 1429 943 jubentem
1446 870 1558 944 angelis
1575 872 1659 929 etdi-

72 984 79 1023 ι
97 965 234 1032 Troadae,
253 964 420 1021 Timotheus
439 967 468 1020 et
488 963 649 1036 Archippus
668 963 699 1019 iu
719 963 792 1031 hsie,
843 971 957 1023 centem
970 984 978 1022 :
993 967 1036 1023 nd
1051 966 1221 1039 petitionem
1234 965 1321 1021 amici
1334 965 1392 1021 mei
1404 966 1481 1024 Petri
1492 965 1661 1023 restituetur

72 1062 148 1116 imus
173 1059 292 1126 arelati,
320 1058 470 1114 Onesimus
495 1057 609 1130 Ephesi,
639 1058 794 1114 Sosthenes
844 1062 990 1133 orphanus
1004 1059 1209 1117 uuicnsriduae
1224 1058 1308 1116 metri
1324 1076 1391 1115 sna.
1406 1080 1420 1111 n
1436 1060 1544 1132 Populo
1559 1067 1660 1117 antem

72 1154 113 1223 hi,
143 1152 282 1225 tychicus
313 1152 417 1225 Paphi,
443 1152 593 1224 Dionysius
622 1151 795 1224 Areopagitu
845 1172 902 1211 una
920 1171 988 1211 voce
1008 1155 1149 1211 clamante
1169 1171 1176 1210 :
1196 1155 1309 1210 «Unus
1328 1154 1458 1211 estbens
1477 1169 1658 1227 quemprm·

72 1264 106 1316 s,
134 1246 287 1319 Epaphras
312 1246 437 1303 Colossis
460 1251 491 1302 et
516 1247 629 1302 Erectus
655 1245 794 1317 Philippis
843 1250 921 1307 dicet
937 1251 1045 1318 Petrus,
1065 1271 1081 1301 s
1101 1249 1203 1305 Simon
1224 1247 1437 1321 transfiguravit
1455 1265 1485 1305 se
1507 1248 1537 1303 iu
1558 1248 1660 1305 canino

72 1340 114 1397 lei
133 1341 345 1413 expenderunt,
360 1339 546 1411 ethnicosque
561 1343 650 1397 coetus
663 1339 700 1395 de
717 1342 794 1395 teue-
843 1343 934 1415 cepite
946 1346 976 1400 et
987 1344 1074 1416 coepit
1084 1343 1194 1416 fugere.
1205 1344 1302 1410 Porro,
1314 1341 1398 1414 plebe
1411 1339 1491 1399 illurn
1504 1342 1659 1411 retinente,

72 1436 232 1504 momntiae,
252 1434 339 1490 veluti
359 1434 450 1506 pisces
469 1433 507 1489 de
526 1433 668 1506 profundo
688 1433 792 1505 pelagi,
844 1442 873 1492 et
887 1438 918 1492 iu
936 1436 1035 1510 ignem
1054 1438 1168 1493 mittere
1182 1437 1305 1507 volente,
1320 1438 1421 1492 Petrus
1437 1435 1468 1492 iu
1485 1437 1615 1495 medium
1629 1454 1660 1493 se

72 1546 126 1585 ren
149 1529 278 1586 veritatis
301 1532 515 1603 pertraxerunt.
538 1528 657 1583 Justitiee
678 1543 793 1599 quoqne
843 1529 922 1587 misit
932 1531 1084 1605 ipsumque
1098 1530 1239 1587 liberavit.
1256 1552 1270 1581 ιι
1285 1530 1429 1602 Magister,
1443 1530 1547 1603 iuquit,
1561 1533 1661 1588 noster

72 1640 101 1679 ιιι
113 1622 191 1679 sicut
204 1623 275 1679 elios
289 1622 456 1690 docuerunt,
471 1622 511 1677 sic
526 1621 556 1677 iu
571 1621 665 1677 verbis
678 1625 707 1675 et
720 1621 790 1677 ecti-
842 1641 897 1681 uos
910 1625 1007 1681 docuit
1021 1628 1053 1681 ut
1069 1642 1121 1697 pro
1136 1626 1219 1681 malis
1234 1624 1312 1680 boue
1324 1624 1485 1681 reddamus.
1501 1646 1516 1677 e
1528 1625 1661 1681 Eradens

72 1718 101 1773 is
119 1720 292 1773 tenuerunt.
313 1716 437 1772 Nomina
457 1731 528 1787 ergo
548 1730 648 1771 eorum
669 1714 700 1770 ιιι
718 1698 939 1792 libroBitaque
965 1719 1080 1788 Simon,
1106 1718 1142 1774 ad
1167 1718 1349 1788 llercellum,
1375 1735 1463 1792 quem
1484 1718 1661 1791 jampridem

72 1812 176 1883 ieripta
195 1814 264 1865 suut
281 1815 310 1866 et
323 1810 493 1882 sapientiem
507 1824 608 1865 eorum
629 1813 715 1881 atque
733 1809 793 1865 lau·
842 1813 1003 1882 seduxerat,
1020 1813 1114 1882 reuit3
1134 1813 1353 1886 immanemque
1371 1830 1484 1882 cenem,
1508 1829 1595 1885 quem
1614 1814 1661 1870 vix

72 1921 155 1962 mnes
168 1904 269 1977 pupuli
282 1903 523 1977 pronuntiabunt.
842 1907 937 1964 terrea
953 1911 1056 1965 ceteue
1068 1908 1196 1964 vinctum
1210 1908 1336 1977 tenebat,
1352 1907 1383 1963 iu
1401 1908 1533 1980 ingressu
1552 1907 1659 1979 ligurit.

72 2000 117 2057 do
131 2000 259 2072 dignum
271 2005 315 2053 cst
328 2003 360 2053 ιιι
370 1997 406 2053 de
420 1996 588 2070 triumphali
602 2002 695 2053 morte
707 2011 791 2052 sauc-
843 2022 858 2051 ιι
886 2002 1052 2069 Videamus,
1080 2002 1193 2074 inquit,
1222 2003 1245 2058 si
1272 2002 1388 2072 Petrus,
1415 2002 1465 2074 qui
1492 2001 1592 2059 solitus
1618 2007 1662 2059 est

85 2094 205 2167 loqum,
230 2097 261 2148 et
286 2093 393 2147 scriem
418 2091 591 2147 narrationis
617 2107 650 2147 ex
674 2092 791 2146 Panum
841 2095 939 2152 venire
954 2096 991 2152 od
1011 2099 1049 2166 te,
1065 2096 1169 2169 poterit
1191 2095 1348 2169 ingredi.»
1367 2095 1470 2154 Deinde
1489 2102 1554 2168 post
1573 2112 1661 2153 uuam

72 2189 150 2245 eutis
174 2187 318 2243 veraciter
342 2200 502 2259 prosequar
528 2184 650 2258 qualiter
675 2184 792 2256 gloriosi
841 2190 941 2245 horam
959 2192 1061 2246 Petrus
1077 2190 1165 2259 veuit,
1185 2191 1318 2262 tactoque
1335 2190 1427 2246 crucis
1446 2189 1540 2263 siguo,
1556 2206 1660 2247 canem

72 2299 110 2338 ιω
133 2288 233 2349 terroe,
253 2278 386 2335 vexillum
407 2279 467 2335 reri
490 2280 574 2334 tosue
596 2277 733 2335 nobiliter
753 2278 793 2334 fe·
842 2283 955 2338 solvens
972 2283 1014 2339 ait
1034 2301 1042 2338 :
1065 2304 1080 2334 ιι
1103 2283 1180 2340 Vnde
1202 2286 1233 2339 et
1253 2283 1372 2356 loquere
1393 2283 1505 2341 simoni
1530 2305 1537 2338 ι
1559 2284 1660 2341 meins

85 2374 327 2449 repromissionis
342 2378 449 2429 terrem
464 2372 662 2441 obtinuerunt,
678 2377 707 2427 et
722 2387 792 2444 quo·
841 2377 1000 2433 ministerio
1021 2377 1185 2434 daemonum
1205 2377 1338 2451 decipere
1357 2377 1508 2449 populum,
1526 2394 1580 2450 pro
1598 2395 1657 2450 quo

72 2486 93 2525 u
117 2470 180 2525 ritu
200 2485 252 2523 sua
271 2483 332 2524 sese
350 2467 520 2535 dilexerunt,
537 2466 577 2522 iia
598 2470 628 2522 ιι
648 2468 678 2521 in
697 2469 791 2521 moti&
840 2471 967 2530 Christus
978 2471 1053 2528 tudit
1065 2471 1237 2543 sauguinem
1249 2487 1344 2528 suum.
1357 2493 1372 2523 n
1387 2470 1535 2527 llarcellns
1549 2475 1657 2541 autem,

72 2564 172 2619 juon
186 2567 265 2629 snut,
277 2561 327 2618 sed
346 2577 402 2616 uno
419 2559 520 2633 spiritu
537 2559 679 2628 ardentes,
693 2562 792 2615 coutm
841 2570 919 2622 tauta
945 2565 1087 2621 mirabilia
1111 2565 1225 2635 ridens,
1254 2565 1290 2622 ad
1318 2567 1434 2622 Petrum
1463 2565 1604 2635 cucurrit,
1630 2572 1660 2623 et

74 2674 107 2713 m
126 2657 272 2713 Censorem
288 2658 318 2710 et
330 2655 474 2712 Simonem
487 2656 601 2726 Eegnm
614 2656 711 2711 Rome
727 2670 790 2710 cer·
841 2658 964 2731 genibus
982 2660 1045 2730 ejus
1062 2660 1238 2730 provolutus,
1254 2658 1285 2714 in
1304 2658 1393 2716 domo
1412 2675 1463 2716 sue
1476 2659 1558 2717 illum
1572 2676 1657 2717 exce·

72 2758 107 2821 ιι,
122 2767 242 2823 unoque
258 2749 315 2819 die,
330 2750 412 2805 hoste
427 2748 546 2817 devicto,
563 2749 686 2805 ooelestie
699 2764 791 2820 regna
841 2754 893 2826 pit,
915 2753 1067 2810 Simonem
1090 2768 1158 2809 vero
1180 2768 1247 2809 cum
1272 2752 1410 2810 dedecore
1432 2754 1552 2826 expulit.
1574 2755 1660 2812 Canis

74 2852 122 2904 ut.
841 2850 940 2903 autem
963 2847 1083 2903 blundus
1103 2847 1237 2903 omnibns
1258 2846 1375 2903 effectus
1397 2852 1451 2916 est,
1474 2848 1567 2907 solum
1592 2864 1659 2905 reru

72 2940 151 2997 ellus
170 2939 262 3011 igitur
281 2939 437 3005 Romanus,
454 2936 540 2993 Marci
559 2936 687 3009 proetecti
705 2935 790 3004 tilius,
841 2941 985 2998 Simonem
1003 2947 1169 3014 persecutus
1185 2944 1239 2997 est.
1254 2940 1348 3006 Quem
1367 2956 1434 2998 cnm
1453 2940 1579 2999 misisset
1595 2943 1661 2999 snb·

83 3035 220 3107 apostolo
233 3033 398 3105 beptizetus,
409 3031 512 3087 sanctis
521 3030 694 3102 martyribus
702 3031 791 3087 Nereo
840 3039 886 3091 tns
907 3052 946 3104 se,
970 3039 1105 3091 currente
1130 3036 1213 3092 Petro
1234 3039 1264 3092 et
1285 3036 1428 3093 clamante
1450 3051 1457 3091 :
1481 3056 1496 3087 ιι
1520 3038 1657 3110 Principio

72 3130 151 3197 illem
173 3128 225 3199 qui
244 3126 314 3182 dnm
333 3141 387 3198 pro
407 3125 464 3181 ilde
477 3125 581 3183 Christi
602 3125 632 3179 ιιι
652 3084 829 3180 l'ontiauaC
841 3128 904 3197 tibi,
918 3130 948 3185 in
967 3130 1084 3187 nomine
1102 3130 1218 3186 Domini
1235 3130 1325 3186 nostri
1341 3131 1408 3186 lesu
1423 3130 1538 3199 Christi,
1553 3135 1658 3189 utnon

74 3223 261 3291 exsularent,
277 3221 375 3293 ibique
393 3225 494 3275 contra
513 3219 658 3275 maleficos
674 3218 791 3275 Furium
840 3224 912 3293 ttgas
927 3240 1054 3280 morsum
1075 3224 1105 3279 iu
1125 3225 1253 3296 aliquem
1272 3230 1385 3296 purtem
1405 3225 1533 3297 corporis
1555 3227 1627 3299 ejus,
1643 3250 1657 3279 ιι

72 3332 153 3388 crxm,
168 3315 294 3371 Simonis
309 3314 381 3386 htegi
396 3313 559 3385 discipulos,
575 3313 686 3369 invictis
699 3328 790 3369 esser·
840 3318 953 3374 nullum
972 3318 1090 3390 quidem
1111 3319 1274 3375 membrum
1291 3319 1354 3389 ejus
1370 3319 1536 3391 contingere
1556 3322 1657 3393 potnit,

72 3429 93 3467 ιι
114 3410 249 3467 veritatis
269 3408 397 3482 quotidie
417 3408 596 3476 dimicarent,
616 3408 645 3462 in
668 3407 792 3479 Epistola
840 3412 892 3467 sed
904 3412 945 3468 ite
956 3412 1099 3469 morsibus
1111 3411 1282 3469 vestimenta
1295 3412 1357 3483 eJ'os
1368 3413 1528 3470 attrectavit
1539 3418 1571 3470 ut
1583 3416 1660 3471 nulla

83 3504 314 3580 perversitatem
345 3502 470 3559 Simonis
495 3502 569 3573 ltegi
598 3508 627 3558 et
652 3501 789 3557 inuocau-
841 3521 906 3576 pars
925 3505 1050 3577 corporis
1072 3506 1133 3577 ejus
1154 3508 1229 3561 tecta
1249 3511 1421 3562 remaneret.
1442 3507 1543 3563 Omnis
1561 3511 1658 3565 autem

72 3599 150 3658 utri.
178 3598 278 3655 ltetert
303 3596 448 3669 siquidem
473 3596 550 3668 quod
576 3595 701 3669 quedam
727 3594 790 3662 die,
841 3599 975 3670 populns,
996 3604 1026 3655 et
1045 3598 1191 3672 praepos
1211 3598 1293 3670 pueri
1314 3603 1381 3670 post
1400 3614 1468 3655 eum
1489 3600 1573 3657 simul
1591 3616 1659 3657 cum

72 3695 171 3752 ιιιιιοιι
201 3694 319 3748 Petrum
347 3695 483 3763 argueret
509 3695 538 3746 et
565 3705 684 3760 megrim
711 3689 790 3745 dice·
840 3692 1658 3767 cenecucnrrerunt,eumquecumululatuqnasilupnm

72 3789 250 3863 ‚putumque
273 3787 435 3842 Romanum
457 3784 488 3840 in
512 3785 574 3857 ejus
597 3783 695 3840 odium
718 3782 792 3839 cxci·
844 3784 944 3858 [extre]
966 3802 1061 3842 muros
1083 3785 1204 3842 civitatis
1226 3786 1384 3857 ejecerunt.
1406 3786 1455 3843 llle
1474 3803 1550 3856 vero,
1573 3789 1659 3859 hujus

72 3882 161 3939 nbito
180 3880 269 3937 vidua
288 3896 354 3935 cum
372 3879 485 3952 ingenti
504 3878 589 3935 turba
605 3877 746 3934 transibat
762 3878 792 3932 et
841 3880 958 3951 pudoris
970 3880 1159 3953 opprobrium
1177 3897 1234 3936 uon
1250 3879 1355 3951 terens,
1371 3896 1424 3953 per
1442 3897 1531 3937 uuum
1549 3898 1658 3938 anuum

72 3978 94 4034 is
118 3975 241 4032 vocibus
263 3990 331 4030 cum
351 3974 431 4030 luctu
453 3973 572 4029 unicum
592 3972 684 4028 filium
707 3986 791 4026 suum
841 3990 984 4047 nusquam
996 3975 1168 4047 comparuit.
1180 3976 1278 4030 Postea
1287 3975 1393 4031 Neroni
1405 3976 1508 4031 cesari
1522 3976 1658 4045 innotuit,

72 4078 110 4130 at.
128 4072 212 4127 ‘lunc
231 4071 333 4125 Petrus
349 4070 389 4125 eit
402 4068 626 4125 assentatoribus
644 4066 766 4123 Simonis
782 4082 790 4122 ι
841 4069 1024 4142 hominisque
1039 4069 1158 4141 maligni
1177 4068 1312 4124 amicitiis
1330 4069 1413 4141 peior
1429 4070 1554 4141 pessimo
1567 4086 1658 4144 copu-

72 4167 130 4223 lite
148 4164 188 4220 ad
207 4164 346 4219 teretrum
361 4169 390 4219 et
408 4161 542 4235 deponite
561 4163 720 4217 mortuum.
737 4159 790 4225 Qui
840 4163 916 4219 letus
927 4163 1052 4219 inhaesit.

72 4258 233 4319 nciuverit
254 4274 333 4325 enm,
355 4257 441 4329 hujus
464 4272 531 4313 vera
552 4255 623 4312 tides
644 4270 706 4311 esse
727 4270 790 4310 cra·
876 4257 1130 4329 Appmpinquente
1158 4256 1280 4313 termino
1306 4258 1454 4330 apostolici
1481 4258 1658 4331 certaminis,

72 4378 85 4405 ι
100 4353 189 4421 Quod
208 4368 276 4408 cum
293 4351 407 4408 iecisset
426 4351 558 4424 pupulus,
578 4350 649 4406 dixit
667 4349 766 4405 Simon
781 4364 788 4403 ε
841 4350 973 4423 apperuit
989 4352 1128 4407 nomines
1149 4353 1231 4409 Petro
1245 4352 1375 4425 apostolo
1395 4369 1449 4424 per
1463 4353 1603 4410 visionem
1619 4355 1660 4411 di·

91 4449 122 4505 si
141 4446 317 4504 suscitavero
332 4442 930 4538 illum,interficietisPetrumt»1)ceuss
949 4444 1076 4501 «Simon
1098 4450 1127 4501 et
1144 4446 1221 4501 Nero
1239 4447 1318 4518 pleni
1342 4446 1490 4503 daemouiis
1508 4448 1659 4503 adversum

74 4541 236 4616 respondit
262 4558 270 4597 ι
297 4562 312 4592 ιι
336 4541 435 4596 Virum
462 4540 650 4595 incendemus
673 4553 751 4593 eum.
774 4556 790 4590 o
841 4544 870 4595 tc
889 4537 1025 4610 cogitant.
1044 4539 1106 4594 Noli
1126 4540 1239 4609 timere,
1257 4543 1325 4612 quia
1347 4548 1441 4597 tecum
1462 4556 1515 4612 ego
1537 4557 1610 4610 sum,
1629 4548 1658 4598 et

72 4640 173 4706 imon,
187 4635 326 4692 invocetis
341 4634 501 4702 demoniis,
515 4632 674 4689 ministerio
691 4648 792 4688 eornm
842 4633 915 4689 dabo
929 4632 980 4689 tibi
991 4633 1111 4704 apostoli
1129 4635 1211 4689 Pauli
1227 4634 1374 4701 solatium,
1391 4635 1442 4707 qni
1459 4651 1523 4690 cras
1536 4636 1659 4692 Romam

72 4747 158 4806 igere
175 4734 210 4784 ut
223 4733 389 4786 moreretur
406 4743 519 4800 corpus.
532 4727 614 4794 Quod
634 4727 732 4800 populi
750 4726 790 4781 ri·
840 4727 1029 4799 ingredietur.
1049 4728 1122 4783 Cum
1140 4743 1198 4799 quo
1218 4733 1283 4801 post
1304 4734 1417 4800 septem
1439 4745 1553 4786 meuses
1573 4729 1658 4786 simul

73 4828 233 4899 eoeperuut
244 4825 369 4880 clamare
386 4823 416 4880 iu
437 4823 552 4879 leudem
569 4822 694 4879 Simonis
713 4824 742 4876 et
760 4820 791 4876 iu
841 4821 958 4878 hebebis
979 4826 1080 4878 contra
1099 4821 1245 4879 Simonem
1265 4822 1387 4879 bellum.
1402 4824 1437 4880 Et
1455 4828 1606 4897 postquam
1620 4825 1659 4881 ri·

72 4938 126 4980 ern
149 4920 237 4976 Petri.
259 4920 358 4975 Petrus
379 4922 486 4987 autenm
507 4918 553 4974 vix
580 4916 730 4989 impetrato
753 4914 789 4971 si·
844 4916 939 4972 ceritis
958 4921 988 4971 et
1006 4916 1168 4988 dejeceritis
1187 4932 1255 4973 enm
1269 4923 1299 4974 et
1312 4917 1502 4990 deposueritis
1520 4918 1550 4974 ιιι
1568 4919 1659 4976 iuter-

80 5016 131 5073 ιιι
150 5014 190 5070 ad
206 5014 344 5086 populum
366 5030 373 5069 :
396 5034 410 5064 ι
425 5014 454 5070 Si
473 5013 551 5081 vivit,
567 5013 709 5084 loquatur,
728 5026 789 5066 am·
841 5026 921 5079 unm,
937 5010 1022 5067 simnl
1042 5011 1080 5066 ed
1098 5028 1146 5067 mc
1162 5011 1248 5067 ambo
1268 5012 1388 5068 venietis
1405 5013 1535 5069 victores.
1551 5036 1567 5065 ιι
1581 5014 1660 5079 Quod

72 5108 196 5180 incipiat
206 5107 313 5177 cibum,
329 5111 489 5163 revertatur
506 5106 542 5163 ed
563 5106 681 5161 domum
700 5120 789 5160 snam.
842 5111 871 5160 et
897 5106 1003 5161 tectum
1030 5108 1083 5162 est.
1109 5106 1180 5160 Nam
1205 5105 1261 5161 alie
1287 5106 1334 5163 die
1359 5107 1438 5163 veuit
1461 5107 1576 5165 Paulus.
1598 5109 1661 5174 Quo

72 5222 109 5274 n,
125 5202 223 5259 sciatis
240 5218 291 5259 vos
308 5201 365 5258 felli
379 5218 396 5258 e
410 5202 535 5259 Simone.
552 5223 566 5251 »ι
581 5199 705 5272 Populus
722 5215 790 5254 varo
842 5199 943 5256 ordine
967 5216 998 5255 se
1020 5199 1165 5269 viderunt,
1187 5206 1217 5256 et
1237 5204 1302 5273 post
1324 5204 1435 5274 septem
1457 5218 1571 5258 meuses
1593 5216 1659 5259 com

72 5314 112 5357 ee
134 5297 267 5353 clamarit
282 5313 290 5352 :
307 5317 321 5347 ιι
335 5296 392 5352 ltisi
413 5298 466 5352 hoc
487 5295 585 5351 Simon
604 5294 715 5361 iecerit,
730 5309 789 5364 pce·
840 5294 956 5350 Simone
974 5295 1136 5350 cositlictum
1158 5294 1331 5365 babuerunt,
1345 5300 1460 5352 sanctus
1479 5297 1565 5352 Linus
1583 5313 1659 5370 pepe

72 5394 179 5451 ιιιιιιιι·
189 5406 278 5464 quam
292 5392 377 5447 Petro
392 5390 536 5462 imposuit.
553 5412 567 5439 ι
581 5388 677 5445 Simon
694 5392 790 5443 auteur
842 5387 985 5443 enerravit
999 5392 1029 5443 et
1043 5404 1159 5443 omnem
1173 5390 1281 5445 textum
1294 5390 1434 5464 passionis
1448 5406 1548 5448 eorum
1562 5392 1659 5449 Graec

72 5506 77 5543 ι
95 5502 133 5543 se
150 5486 268 5556 iratum,
282 5484 385 5558 lugere
404 5484 497 5557 petiit.
511 5484 564 5541 Sed
584 5483 706 5555 pupulus
723 5497 791 5537 eum
841 5496 975 5539 sermone
987 5482 1024 5539 ad
1038 5482 1171 5539 Ecclesim
1184 5483 1338 5540 orientales
1351 5485 1472 5558 scripsit.

72 5580 176 5657 agenti
200 5579 420 5655 exprobratione
447 5579 551 5635 tenuit.
577 5578 655 5633 Tunc
680 5579 790 5643 Petrus,
860 5578 928 5633 lllll.
947 5578 1193 5648 sequentialem
1211 5579 1393 5648 apostotonon
1412 5582 1489 5637 Petri
1504 5586 1531 5638 at
1548 5583 1640 5640 Ponti.

72 5692 132 5737 eus
149 5690 257 5734 manus
268 5690 335 5732 suas
349 5674 388 5730 ad
401 5673 516 5744 coeluru,
531 5672 622 5730 dixit:
641 5668 792 5727 anonim
878 5670 947 5727 lude
966 5670 1039 5727 siout
1054 5670 1125 5728 olim
1142 5673 1227 5746 ocepi,
1242 5673 1375 5746 quiedam
1389 5674 1462 5731 mihi
1480 5675 1551 5733 libet
1563 5692 1659 5735 excar-

72 5776 173 5841 uisu,
193 5770 243 5853 qui
263 5770 346 5831 nobis
364 5769 513 5847 discipulis
533 5768 588 5827 tuis
602 5766 699 5827 dixisti
716 5788 723 5824 ι
738 5768 790 5839 lte,
839 5780 909 5845 pere
935 5766 966 5825 et
992 5764 1159 5827 intermisse
1180 5766 1340 5829 uerborum
1359 5768 1483 5851 rupim
1502 5770 1679 5851 prunetum
