3750 6046
59 186 109 242 233
332 206 334 211 ·
476 188 633 246 HISTORIA
652 190 917 248 ECCLESthTlCh.
934 222 968 230 —
981 190 1067 247 PARS
1087 192 1119 247 ll.
1135 220 1169 233 -
1187 193 1249 248 ΗΒ.
1272 184 1317 248 lll.
1695 196 1747 255 234

58 307 138 363 bium
151 309 233 382 apud
250 308 419 367 bernaicum
436 313 468 368 iu
484 314 593 370 honore
614 321 719 370 sancta
737 316 785 371 bei
802 316 881 387 geni·
934 317 1058 371 Pastores
1074 322 1168 372 autem
1190 322 1296 372 sanctae
1314 319 1363 371 Ilei
1384 318 1515 374 Ecclesiae
1534 320 1686 390 prefatum
1703 324 1744 376 ri·

61 401 139 456 tricis
153 402 253 459 tlarire
268 404 403 461 condidit.
933 426 996 464 rum
1009 426 1060 480 pro
1079 410 1224 466 nobilitate
1241 416 1269 466 et
1285 411 1424 482 religione
1438 412 1597 483 elegerunt,
1613 431 1745 486 novoque

93 495 239 552 Defuncto
255 502 353 554 antem
374 499 514 555 Richards
534 502 706 571 Guunoride‚
727 503 881 559 bichardus
932 503 1105 559 monasterio
1128 504 1203 574 quod
1227 504 1411 560 inchoaverat
1434 507 1633 576 praefecerunt.
1660 508 1753 579 Cujus

55 589 182 659 juvenis,
206 590 282 647 nlius
305 593 379 664 ejus,
400 594 542 662 successit,
565 601 592 651 et
611 595 657 652 rix
679 613 754 651 anno
777 614 834 653 uuo
853 600 882 651 el
931 596 1080 667 regiminis
1091 601 1229 668 tempore,
1246 597 1420 654 Lanirancus
1431 601 1627 668 ethnselmus,
1642 601 1746 674 aliique

57 682 181 739 dimidio
194 684 301 739 ducatu
313 686 422 756 potitus
441 686 520 743 obiit.
537 688 643 744 Deinde
663 690 814 746 lietbertus
827 690 880 744 ira·
930 690 1064 761 profundi
1082 690 1216 761 sophistae
1232 690 1299 746 illuc
1314 692 1348 746 ad
1366 692 1476 748 scholas
1496 693 1600 749 Christi
1613 710 1745 766 perrexe-

58 784 100 830 ter
112 777 178 848 ejus
191 778 384 851 principatum
405 781 588 837 Narmanniae
608 783 744 854 suscepit,
768 788 796 839 et
816 800 878 854 sep·
928 786 1013 849 tunt,
1029 783 1123 856 ibique
1138 785 1294 840 Willelmus
1307 785 1400 841 Geroii
1412 785 1497 856 tilius,
1514 791 1544 841 el
1557 788 1638 859 ilugo
1652 804 1747 844 comes

57 875 115 924 tem
128 872 219 927 aunis
231 872 395 928 acdimidio
415 874 564 946 insigniter
583 878 685 946 lenuit,
705 880 879 948 patrumque
929 875 1062 944 Melleuti,
1085 877 1191 950 aliique
1214 879 1340 949 praeclari
1366 879 1472 934 milites
1489 880 1620 936 militiam
1640 881 1744 937 Christi

58 979 175 1020 suorum
190 982 309 1039 sequax,
323 970 551 1025 cerasiacensem
561 969 704 1024 abbatiam
718 969 878 1026 instaurare
930 976 1151 1041 assumpserunt.
1174 971 1225 1039 lbi,
1247 987 1336 1043 usque
1357 972 1452 1040 hodie,
1473 973 1554 1029 multi
1578 975 1743 1031 elericorum

57 1059 150 1128 coepit.
165 1059 285 1116 Timore
300 1077 366 1117 vero
383 1061 431 1117 Dei
451 1068 648 1135 compunctus,
665 1069 811 1119 terrenum
827 1064 877 1120 ho·
929 1068 959 1118 et
984 1063 1119 1119 laicorum
1147 1064 1198 1119 sub
1227 1065 1378 1121 monachili
1406 1067 1550 1122 schemate
1579 1068 1691 1136 vivunt,
1717 1076 1746 1125 et

57 1167 156 1206 norem
167 1153 296 1225 reliquit,
306 1157 501 1227 etspontaneo
512 1156 876 1229 peregrinationearrepta‚
929 1159 1027 1212 contra
1051 1157 1177 1212 Zabulon
1205 1157 1374 1214 dimicantes
1398 1161 1455 1215 beo
1479 1161 1657 1217 laudabiliter
1681 1180 1742 1217 ser-

57 1244 220 1316 sepulcrum
241 1247 354 1303 llomini
372 1248 450 1320 quod
470 1256 512 1305 est
532 1251 562 1305 in
580 1251 733 1305 Jerusalem
750 1250 833 1319 adiit,
850 1253 878 1306 el
928 1250 1017 1306 riunt.

57 1338 120 1393 inde
137 1338 266 1409 rediens,
281 1341 358 1412 apud
375 1343 496 1398 Nicaeam
518 1343 616 1399 urbem
633 1343 782 1415 bithyniae,
802 1362 877 1400 anno
964 1343 1098 1400 Uulridus
1114 1345 1149 1399 de
1163 1347 1279 1415 vetulis,
1293 1347 1407 1402 Turoldi
1426 1347 1511 1415 lilius,
1531 1348 1586 1403 duo
1604 1350 1740 1419 coenobia,

55 1431 87 1485 ab
106 1431 316 1490 iucarnatioue
336 1435 451 1491 Domini
474 1439 540 1492 roas
561 1436 641 1492 obiit.
661 1438 750 1493 Porro
775 1438 877 1493 Willel-
927 1453 1016 1493 riuum
1033 1438 1236 1494 monachorum
1252 1443 1280 1494 et
1293 1440 1367 1495 aliud
1386 1441 1656 1510 sanctimonialium,
1678 1445 1742 1499 Pra-

56 1541 118 1580 mus
130 1525 209 1582 filius
223 1526 296 1598 ejus,
313 1528 362 1600 qui
377 1533 444 1584 tunc
457 1536 521 1585 octo
541 1546 681 1586 annorum
697 1534 768 1598 erat,
788 1531 875 1587 duca·
928 1532 1001 1587 tellis
1015 1533 1168 1600 inchoarit,
1184 1549 1247 1604 qua
1269 1535 1407 1607 hogerius
1421 1535 1456 1589 de
1475 1536 1648 1593 bellomonte
1667 1536 1741 1593 illius

56 1626 115 1673 turn
136 1620 374 1677 Normannorum
393 1623 525 1695 suscepit,
540 1626 569 1678 et
588 1623 745 1680 multorum
764 1624 877 1680 insidiis
927 1625 989 1696 ejus
1002 1627 1123 1682 multum
1136 1627 1253 1695 amarit,
1269 1627 1349 1683 etde
1366 1627 1525 1684 redditibus
1539 1630 1661 1701 propriis
1675 1646 1738 1704 gra·

58 1713 231 1768 serculorum
244 1713 404 1787 impetitus,
420 1731 465 1772 rur
480 1716 562 1772 annis
574 1723 687 1773 strenue
699 1719 799 1773 tenuit.
815 1721 915 1793 lpsess
928 1721 1022 1773 tanter
1036 1717 1146 1775 ditarit.

58 1812 206 1876 parentum
222 1824 341 1863 suorum
356 1809 449 1865 studia
461 1811 542 1882 sequi
555 1826 624 1882 erga
640 1811 690 1866 llei
708 1813 816 1867 cultum
831 1829 874 1866 sa·
962 1811 1133 1880 willelmus,
1162 1813 1282 1869 Osberni
1308 1814 1397 1881 filius,
1426 1815 1481 1869 duo
1511 1817 1682 1872 monasteria
1710 1819 1739 1872 in

58 1901 136 1971 tegit,
158 1901 277 1974 lleoqne
297 1903 419 1971 invente,
438 1903 540 1959 divitiis
557 1909 586 1959 et
603 1907 741 1976 potestate
760 1922 875 1961 omnem
925 1904 1041 1977 proprio
1059 1906 1149 1962 londo
1169 1906 1304 1976 condidit,
1324 1923 1415 1962 uirum
1435 1908 1516 1975 Lirm,
1531 1912 1560 1964 el
1578 1909 1654 1966 aliud
1674 1910 1742 1968 Cor·

58 1998 168 2064 patrum
195 2011 315 2050 suorum
338 1996 457 2067 gloriam
481 1997 666 2054 transcendit.
681 1998 762 2071 Apud
785 1999 874 2054 Cado·
925 1998 1027 2065 meliis,
1046 1999 1094 2053 ubi
1113 1999 1173 2072 ipse
1194 2000 1328 2056 humatus
1345 2001 1474 2072 quiescit.
1497 2001 1552 2056 dlii
1571 2004 1656 2058 etiam
1672 2004 1738 2059 Nor·

59 2103 136 2141 nrum
152 2087 212 2143 duo
227 2089 359 2145 coenobia
371 2091 527 2146 construxit
540 2109 547 2147 ε
560 2108 652 2147 uuum
667 2094 875 2149 monachorum
926 2107 1099 2146 mannerum
1121 2109 1254 2163 proceres
1273 2094 1399 2165 plurimi,
1414 2101 1498 2165 prout
1518 2101 1662 2166 poterant,
1677 2112 1739 2152 mo-

60 2182 85 2233 in
111 2181 224 2236 honore
252 2183 343 2238 saneti
370 2184 504 2255 Stephani
533 2186 769 2258 protomartyris,
797 2186 875 2240 aliud
926 2184 1082 2240 nachorum
1096 2202 1146 2240 seu
1161 2187 1365 2241 monacharum
1380 2187 1521 2243 demusin
1538 2188 1657 2244 dirersis
1671 2191 1740 2245 loeis
1787 2226 1792 2237 .

60 2274 319 2331 sanctimonialium
333 2277 361 2331 in
376 2278 486 2335 honore
502 2282 603 2335 sanctae
616 2278 773 2335 Trinitatis.
927 2278 1137 2333 construebant.

93 2368 219 2424 Baroues
239 2370 432 2441 h'ormannire,
454 2372 614 2445 principum
629 2389 746 2428 suorum
762 2376 874 2428 tantum
960 2372 1065 2427 llorum
1079 2372 1217 2444 exemplis
1232 2373 1359 2445 liugada
1373 2374 1738 2432 Grentemaisnilioetllot·

63 2462 198 2518 lerrorem
211 2480 282 2535 erga
296 2471 424 2520 sanctam
437 2466 604 2537 religionem
617 2468 757 2533 videntes,
770 2466 875 2522 imitari
924 2465 1021 2520 bertus
1034 2466 1222 2522 vehementer
1241 2467 1382 2537 provocati
1404 2468 1579 2524 devorerunt
1598 2472 1627 2524 et
1640 2469 1692 2541 ipsi
1705 2486 1737 2526 ex

61 2556 235 2624 affectarunt,
258 2560 287 2613 et
306 2558 342 2613 ad
364 2559 455 2615 simile
477 2576 548 2631 opus
570 2577 599 2616 sc
621 2577 742 2633 suosque
767 2561 875 2616 anricus
924 2559 1156 2629 possessionibus,
1173 2574 1243 2631 quas
1258 2560 1323 2631 jure
1342 2560 1523 2617 haereditario
1543 2561 1736 2632 possidebant,

63 2666 106 2719 pro
115 2651 209 2705 salute
220 2652 384 2708 animarum
395 2669 509 2708 suarum
520 2654 689 2709 excitarunt.
700 2655 778 2709 Unus
787 2655 874 2710 alium
925 2668 976 2722 pro
996 2653 1085 2706 salute
1099 2669 1150 2707 sua
1169 2658 1196 2708 et
1210 2668 1263 2725 pro
1285 2653 1374 2710 salute
1395 2655 1558 2710 animarum
1579 2657 1737 2712 antecesso-

63 2744 87 2796 in
98 2743 174 2799 bono
184 2760 272 2815 opere
284 2745 434 2801 festinabat
447 2747 559 2818 praeire,
571 2748 873 2819 eleemosynarumque
925 2763 989 2800 rum
1002 2762 1121 2802 snorum
1135 2746 1295 2802 coenobium
1311 2754 1486 2804 construere.

63 2838 189 2908 largitate
211 2837 338 2909 digniter
360 2855 505 2911 superare.
527 2841 652 2914 Quisque
675 2844 822 2912 potentum
845 2858 873 2896 se
959 2840 1049 2912 igitur
1063 2857 1129 2895 cnm
1149 2840 1225 2912 apud
1246 2842 1416 2897 Nuceretum
1434 2841 1529 2896 villam
1547 2859 1630 2899 suam
1645 2860 1735 2917 prope

62 2930 197 2986 derisione
218 2929 338 3003 dignum
358 2932 513 3004 judicabat,
534 2934 555 2988 si
576 2934 693 2990 clericos
708 2941 757 2991 aut
773 2952 871 2991 mona·
924 2933 1206 2989 Grentemaisnilium
1224 2934 1365 2989 aedificare
1382 2935 1543 2990 coenobium
1565 2937 1737 3005 statuissent,

61 3024 164 3080 cbosin
179 3039 231 3080 sua
246 3026 421 3096 possessione
435 3027 471 3082 ad
487 3027 536 3083 llei
558 3027 689 3084 militiam
713 3019 798 3083 rebus
820 3046 871 3084 ne·
920 3026 1097 3098 jamjamque
1125 3027 1205 3098 operi
1230 3026 1407 3094 insisterent,
1434 3028 1470 3083 ad
1495 3044 1578 3084 aures
1604 3029 1736 3087 Willelmi
1838 3028 1842 3035 ’

61 3118 181 3173 renuis
194 3135 254 3174 non
269 3120 457 3176 sustentabat.
882 3087 973 3174 Clilii
993 3119 1084 3175 Geroii
1106 3120 1237 3175 avunculi
1257 3120 1298 3175 soi
1321 3123 1453 3193 pervenit
1471 3122 1546 3193 quod
1563 3129 1679 3194 nepotes
1694 3125 1737 3180 sui

89 3211 180 3284 Igitur
192 3211 333 3284 llogerius
347 3213 383 3268 de
393 3214 498 3270 Toenio
509 3215 670 3271 coenobium
682 3216 871 3286 Castellionis,
924 3214 1044 3284 tinguet
1063 3213 1215 3269 liutbertus
1235 3212 1377 3270 edificare
1395 3214 1555 3271 coenobium
1576 3216 1739 3287 coepissent.

61 3304 122 3360 alias
134 3305 171 3360 de
185 3304 307 3361 Conchis
320 3307 486 3376 construxit,
503 3307 552 3363 ubi
568 3307 709 3364 Gilbertus
723 3307 819 3376 abhas,
831 3308 873 3364 vir
924 3305 971 3360 llic
989 3306 1129 3361 nimirum
1142 3307 1171 3361 in
1187 3308 1290 3362 saeculo
1309 3307 1390 3363 miles
1408 3307 1502 3364 tuerat
1520 3325 1636 3381 magne
1654 3311 1738 3366 subli-

61 3415 166 3472 nagnae
181 3399 339 3455 honestatis
352 3403 383 3454 et
395 3400 553 3471 sapientiae,
569 3401 750 3457 laudabiliter
762 3401 870 3458 tloruit.
922 3399 1038 3469 irritatis,
1059 3398 1187 3455 hostibus
1209 3400 1342 3456 terribilis
1364 3406 1392 3456 et
1412 3401 1509 3456 amicis
1528 3401 1631 3460 tidelis.
1654 3402 1738 3460 Filios

59 3493 217 3549 bescelinus
239 3494 273 3549 de
294 3493 392 3550 Archia
419 3499 495 3550 extra
523 3511 618 3550 muros
646 3495 814 3566 Rothomagi
840 3496 870 3550 in
922 3497 951 3548 et
968 3492 1068 3548 iratres
1082 3494 1242 3565 multosque
1258 3499 1374 3565 nepotes
1387 3494 1417 3549 in
1437 3495 1522 3550 armis
1541 3499 1671 3567 potentes
1690 3498 1736 3553 ha·

10 3652 12 3665 Ι
59 3592 148 3642 monte
175 3587 286 3643 Sancta
311 3587 455 3643 Trinitatis
484 3589 660 3657 coenobium,
685 3589 760 3661 quod
786 3589 871 3661 vulgo
921 3586 991 3655 buit,
1019 3586 1203 3658 hostibusque
1228 3586 1328 3642 ricinis
1352 3602 1401 3642 seu
1426 3588 1512 3659 longe
1534 3589 1631 3659 positis
1656 3589 1735 3645 valde

10 3694 12 3737 3
58 3680 159 3736 Sanctae
180 3681 344 3737 Catharinae
365 3680 478 3750 dicitur,
499 3681 642 3752 tundarit3
665 3682 711 3738 cui
736 3698 871 3739 veneran-
921 3678 1038 3735 feroces.
1061 3681 1140 3734 Hunc
1162 3678 1330 3747 Willelmus,
1352 3686 1542 3751 cognomento
1563 3682 1736 3747 talavacius,

59 3773 103 3828 dus
116 3775 207 3830 abbas
220 3773 392 3830 lsembertus
407 3776 545 3845 sapientia
559 3779 589 3831 et
603 3775 743 3846 religione
759 3776 871 3847 pollens
921 3772 1054 3828 Willolmi
1071 3772 1255 3828 belesmensis
1269 3773 1354 3842 lilius,
1372 3774 1409 3829 ad
1421 3775 1534 3847 nuptias
1549 3792 1613 3830 suas
1630 3776 1733 3833 invita·

59 3867 177 3938 prefuit.
921 3868 969 3934 rit,
988 3883 1112 3938 eumque
1125 3866 1165 3922 nil
1178 3867 1244 3922 mali
1256 3867 1459 3940 suspicantem,
1476 3869 1537 3924 sine
1552 3874 1631 3925 reatu
1646 3869 1736 3924 oculis

10 3978 12 3997 ι
87 3962 253 4017 willermus
277 3963 411 4017 hucensis
437 3978 541 4032 comes,
568 3963 705 4018 instinctu
727 3962 869 4035 religiosas
919 3962 1048 4032 privavit,
1061 3961 1272 4035 amputatisque
1292 3961 1461 4034 genitalibus
1473 3962 1642 4035 auriumque
1659 3980 1735 4019 sum·

10 4192 14 4243 l

56 4056 179 4128 conjugis
199 4071 259 4110 sua
281 4054 461 4125 Lezscelinae,
484 4055 625 4111 abbatiam
648 4056 755 4112 Sanctus
775 4057 869 4112 Maria
920 4055 1066 4111 mitatibus
1091 4054 1242 4111 crudeliter
1270 4056 1442 4129 deturparit.
1471 4056 1549 4112 Unde
1575 4073 1627 4129 pro
1655 4061 1736 4114 tanto

56 4148 274 4220 superstratum
291 4149 365 4204 ulva
383 4149 556 4218 construxit,
572 4150 653 4220 cujus
672 4150 804 4222 regimen
820 4150 867 4205 Ai-
919 4148 1046 4206 facinore
1065 4166 1184 4221 perosus
1202 4150 1309 4205 cuncus
1326 4150 1417 4204 iactus
1436 4155 1487 4218 est,
1501 4155 1605 4237 etpost
1626 4151 1734 4224 aliquot

55 4242 153 4298 nardus
184 4241 374 4310 Teutonicus,
405 4243 449 4297 vir
474 4242 622 4299 sanctitate
650 4248 679 4298 et
708 4243 868 4300 litterarum
919 4242 1056 4315 temporis
1074 4259 1090 4296 a
1110 4243 1166 4297 lilio
1184 4243 1470 4299 etiamsuonomine
1489 4245 1656 4300 hrnullbds
1673 4250 1733 4302 toto

10 4400 12 4405 Ι
55 4336 167 4392 scientia
182 4334 334 4409 preditus,
348 4336 397 4391 diu
411 4337 512 4392 tenuit.
919 4337 1089 4391 honoresue
1103 4337 1209 4407 ejectus
1223 4340 1274 4391 est.

81 4431 225 4503 Tempore
264 4429 400 4485 liodberti
437 4429 532 4498 ducis,
567 4431 740 4487 Gislebertus
774 4447 906 4528 comesD
951 4430 1106 4488 Geroianus
1136 4429 1294 4486 Willetmns
1317 4430 1395 4485 omni
1423 4431 1480 4485 vita
1503 4447 1550 4484 sua
1576 4432 1732 4488 Ecclesiam

53 4523 190 4580 llrionnioe
206 4523 240 4577 in
255 4539 364 4594 pagum
384 4523 607 4579 vimmacensem
628 4540 694 4580 cum
714 4523 803 4579 tribus
821 4541 866 4579 ar·
919 4523 967 4578 bei
986 4523 1092 4591 dilexit,
1108 4529 1137 4579 et
1159 4523 1312 4577 monachos
1328 4527 1356 4577 et
1373 4523 1499 4592 clericos,
1522 4523 1649 4595 aliosque
1663 4526 1731 4580 reli-

10 4612 12 4675 i
53 4623 194 4674 natorum
211 4616 340 4672 millibus
354 4617 566 4688 expeditionem
578 4619 659 4688 lecil;
679 4618 728 4673 sed
743 4618 770 4673 ci
787 4618 869 4689 jrrxta
919 4617 1151 4690 giososhomines
1168 4616 1329 4671 honorarit.
1345 4615 1389 4670 Bis
1410 4617 1439 4670 in
1458 4617 1614 4672 Jerusalem
1635 4618 1731 4688 sepul·

10 4688 14 4745 l

52 4711 226 4768 desiderium
237 4726 320 4765 suum
333 4726 468 4783 prospere
479 4727 538 4767 non
547 4712 688 4767 successit.
698 4712 768 4767 Nam
779 4712 869 4784 lngel·
918 4728 997 4767 crum
1019 4710 1131 4766 llomini
1147 4709 1265 4781 expetiit
1283 4726 1289 4763 :
1307 4710 1396 4764 semel
1414 4709 1481 4764 dum
1501 4709 1652 4766 incolumis
1672 4718 1734 4768 crat

52 4820 153 4861 rannus
168 4805 284 4861 Pontici
304 4820 397 4861 comes
418 4821 483 4860 cum
502 4804 594 4861 valida
614 4806 750 4861 manuel
770 4804 868 4860 obrius
918 4810 946 4861 et
963 4804 1150 4876 prosperitate
1172 4803 1318 4876 preditus,
1338 4803 1501 4875 iterumque
1525 4810 1587 4876 post
1610 4804 1729 4862 intorto·

51 4896 105 4963 luit,
126 4897 345 4970 commissoque
366 4899 530 4968 certamine,
552 4900 656 4957 rictum
677 4916 743 4956 cum
762 4901 819 4955 suis
836 4900 865 4954 in
917 4899 998 4953 nium
1012 4898 1085 4970 quod
1103 4898 1127 4952 ei
1150 4891 1276 4952 evenisse
1297 4895 1455 4953 retulimus.
1472 4899 1536 4953 Post
1549 4897 1672 4954 reditum
1687 4916 1730 4955 se-

52 4992 142 5066 lngam
167 4992 274 5064 coegit,
298 4996 327 5047 et
347 5009 382 5048 ex
403 4993 579 5066 fugientibus
603 4995 708 5050 multos
721 4994 806 5066 cepit,
822 4994 865 5048 rel
917 4991 1018 5048 eunde
1030 4991 1270 5064 peregrinationis
1282 4991 1417 5048 saeculum
1432 4991 1558 5062 reliquit,
1570 4998 1599 5048 et
1610 4994 1730 5049 lleccum

51 5089 156 5157 occidit,
173 5085 219 5142 rel
235 5085 399 5142 vulneribus
414 5086 579 5142 debilitavit.
592 5088 669 5142 Tunc
688 5087 726 5142 ihi
747 5087 864 5160 quidam
917 5091 1060 5158 expetens,
1076 5085 1271 5141 monachilem
1290 5085 1418 5140 hobitum
1439 5085 1546 5140 ibidem
1569 5090 1732 5160 assumpsit,

53 5182 124 5238 uiles
135 5178 865 5252 nominellerluinusperieulummetuens,totoque
917 5183 945 5236 et
971 5180 1132 5235 Uticensem
1161 5179 1307 5234 ecelesiam
1335 5178 1428 5234 Sancti
1454 5179 1528 5234 Petri
1554 5180 1648 5236 eidem
1672 5181 1732 5235 loeo

52 5276 105 5332 nien
128 5290 187 5349 pro
212 5273 302 5329 salute
323 5289 375 5328 sua
394 5273 519 5346 lugiens,
540 5275 597 5330 Deo
616 5274 730 5330 devovit
750 5274 865 5347 quodsi
917 5272 1017 5329 devote
1040 5271 1167 5327 tradidit.
1193 5275 1289 5345 ltaque
1311 5271 1464 5328 llerluiuus
1485 5272 1574 5328 olibas
1593 5274 1730 5329 Laulran·

52 5366 257 5426 leimmiuenti
268 5366 396 5438 periculo
406 5383 503 5439 sospes
513 5368 653 5435 eraderet,
664 5367 736 5423 nulli
747 5366 866 5422 ulterius
916 5385 980 5423 cum
1012 5366 1184 5422 monachum
1219 5367 1279 5439 (qui
1309 5371 1410 5437 postea
1438 5367 1658 5435 cantuariorum
1689 5384 1733 5422 nr·

53 5462 96 5519 sisi
118 5463 176 5519 soli
201 5462 260 5517 [leo
282 5461 428 5517 militaret.
448 5461 496 5516 Dei
512 5465 584 5517 nutu
606 5461 757 5519 discrimen
778 5461 866 5517 bono·
915 5463 1111 5534 chlepiscoprrs
1131 5461 1247 5529 exstitit)
1266 5476 1330 5515 eum
1345 5460 1436 5515 tribus
1456 5461 1568 5515 Uticum
1585 5461 1732 5531 monachis

52 5555 117 5614 rues
138 5553 244 5623 evasit,
257 5553 375 5625 votique
392 5554 434 5610 sui
455 5569 568 5611 memor
585 5555 720 5612 saecrrlum
741 5554 864 5628 reliquit,
917 5555 1030 5622 direxit,
1045 5559 1073 5610 et
1088 5571 1140 5627 per
1162 5571 1210 5609 eos
1231 5553 1376 5608 servitium
1396 5554 1454 5620 ltei,
1477 5553 1552 5625 quod
1577 5553 1730 5618 deciderat,

52 5647 390 5726 ttinpntrinroniosuo,
414 5648 442 5703 in
462 5648 524 5705 loeo
550 5649 600 5723 qui
624 5650 728 5706 Beccos
750 5648 864 5717 dicitur,
917 5648 987 5704 inibi
1012 5647 1164 5703 restaurari
1190 5646 1267 5702 lecit.
1298 5648 1374 5703 Tunc
1405 5648 1481 5701 locus
1512 5647 1571 5720 ipse
1603 5646 1731 5702 desertus

53 5744 209 5804 cenobium
235 5744 347 5799 Sanctae
380 5742 428 5798 [lei
453 5744 584 5815 genitrici
610 5742 704 5801 itariae
730 5741 863 5800 condidit.
916 5749 988 5813 erat,
1016 5746 1043 5798 et
1071 5756 1251 5799 srrrerescens
1280 5741 1391 5799 hedera
1421 5740 1585 5797 maceriem
1617 5739 1750 5793 aeteae.

141 5852 288 5923 Parion.
313 5849 520 5916 Cblllllll'lll.
1582 5850 1608 5907 a
