3750 6046
142 187 210 244 l395
816 184 953 241 lellhh'l
976 183 1007 235 ιι
1028 183 1121 239 tellit:
1765 188 1827 243 idid

141 313 297 368 nistrorum
314 328 329 364 a
347 311 425 366 robis
440 311 554 383 erigere
571 309 683 365 audeat.
695 310 878 380 Sepulturam
893 324 962 380 quo·
975 318 1003 390 Α
1014 305 1042 360 ιιι
1057 307 1167 361 tltrristo
1185 307 1297 363 filiabus
1312 309 1455 365 sororibus
1468 308 1632 364 monasterii
1649 309 1677 365 S.
1693 308 1789 365 blaciae
1803 311 1828 365 in

143 424 199 478 qno
214 421 360 460 sacrorum
375 405 501 460 locorum
516 405 636 459 liberam
652 402 773 458 omnino
787 420 848 457 esse
859 404 958 458 decer·
1015 400 1118 455 llorreo
1135 404 1180 469 (dt,
1194 403 1313 457 salutem
1327 409 1355 457 et
1375 403 1558 474 apostolicam
1579 402 1827 459 benedictionem.

144 500 249 566 nimus,
263 506 407 553 uteorum
424 499 472 570 qui
487 515 515 553 se
534 499 591 552 illic
609 497 722 568 sepeliri
741 496 960 552 deliberaverint
1045 495 1158 558 Quoties
1176 495 1276 549 iltuda
1297 497 1379 551 nobis
1402 497 1517 567 petitur,
1534 498 1612 568 quod
1635 496 1779 567 religioni
1802 502 1828 551 et

143 594 298 661 devotioni,
314 595 343 647 ct
362 594 499 647 extremm
514 592 661 657 voluntati,
681 591 734 646 nisi
753 592 826 646 torte
842 608 957 645 exeom-

144 686 294 754 municati,
308 687 352 740 vel
365 685 506 741 interdicti
522 687 588 752 sint,
600 686 696 740 uultus
711 685 886 740 obsistatltd
897 685 959 739 hirc

145 781 310 853 adjicientes
336 781 487 835 statuimus
509 781 675 834 auctoritate
700 779 849 850 presentis
875 779 958 850 privi-

144 875 225 946 legii,
244 878 273 928 ut
287 874 405 945 praelata
424 874 539 928 ecclesia
553 876 645 927 vestra
660 890 726 927 cum
745 872 878 927 omuibus
898 873 957 926 uhi·

144 969 211 1023 libet
228 968 264 1022 ad
276 985 306 1022 se
320 966 573 1039 pertinentibusah
587 967 665 1021 omni
681 968 715 1020 sit
731 967 959 1021 extraordinaria

144 1062 292 1117 soractiono
315 1061 460 1128 immunis,
479 1064 508 1114 ut
532 1061 662 1114 videlicet
679 1060 700 1113 si
726 1060 840 1132 quando
865 1060 958 1114 archi·

145 1156 315 1227 episcopum
328 1157 397 1210 ltav.
413 1155 455 1209 vel
471 1154 627 1225 quemlibet
640 1154 727 1208 alium
749 1155 913 1225 episcopum
928 1154 957 1208 in

147 1251 227 1322 cujus
244 1250 377 1320 parochia
391 1250 516 1319 aliquam
530 1247 677 1302 ecelesiam
691 1249 735 1302 vel
751 1249 958 1319 possessiouem

147 1344 279 1410 habetis,
312 1345 353 1398 vel
387 1343 541 1398 decedente
573 1342 786 1413 archiepiscopo
822 1343 957 1411 clericoS,

145 1438 189 1492 rel
214 1438 299 1492 laicos
319 1437 447 1509 ejusdem
469 1436 593 1491 eeclesiae
617 1437 652 1491 ad
680 1437 840 1491 Romanum
865 1437 958 1508 ponti-

147 1532 231 1586 ficem
252 1533 294 1585 rel
319 1531 353 1585 ad
375 1531 581 1602 imperatorem
607 1547 623 1584 a
648 1530 799 1601 cujuslibet
824 1533 866 1585 rei
892 1548 957 1602 gra-

1010 586 1152 642 honestati
1174 590 1351 659 dignoscitur
1371 591 1532 657 convenire,
1547 587 1646 645 animo
1671 607 1727 644 nos
1751 590 1830 645 decet

1009 681 1107 736 libenti
1119 683 1287 747 roricedere,
1300 688 1329 738 ot
1339 685 1497 755 petentium
1506 684 1657 739 desideriis
1667 700 1829 756 corrgruuro

1010 775 1151 847 impertiri
1167 778 1345 848 suffragium.
1360 779 1524 848 liapropter,
1539 778 1649 833 dilectae
1664 778 1693 833 in
1708 779 1829 834 Domino

1010 870 1084 933 sitire,
1111 870 1211 924 vestris
1242 872 1372 941 precibus
1396 878 1573 939 annuentes,
1598 872 1780 935 statuimus,
1805 880 1831 929 et

1010 964 1158 1036 praesentis
1181 965 1279 1035 scripti
1301 965 1414 1019 decreto
1438 965 1590 1034 sancimus,
1608 971 1640 1019 ut
1664 966 1748 1021 nialla
1768 984 1829 1039 per·

1010 1072 1077 1109 sona
1094 1073 1198 1121 ritrigua
1214 1058 1258 1111 vel
1282 1074 1381 1127 parra,
1397 1058 1541 1112 scrutatoris
1559 1075 1608 1113 seu
1629 1060 1829 1121 ecclesiastica,

1009 1151 1087 1204 voltis
1112 1151 1249 1217 inhibeat,
1275 1152 1344 1222 quin
1373 1152 1423 1206 suh
1447 1153 1545 1207 eadem
1573 1154 1650 1208 Beati
1683 1154 1829 1209 Benedicti

1010 1244 1119 1313 Regula
1132 1244 1251 1299 {turnino
1265 1245 1407 1313 serviatis,
1427 1246 1478 1300 suh
1493 1263 1549 1317 qua
1566 1248 1703 1319 tempore.
1725 1248 1827 1319 praede·

1009 1339 1127 1392 cessoris
1142 1338 1230 1392 nostri
1255 1345 1359 1394 sanctie
1382 1340 1528 1394 memoriae
1549 1357 1632 1412 papoe
1657 1342 1783 1414 Eugenii
1799 1360 1829 1397 er

1007 1432 1102 1504 ipsius
1124 1436 1268 1503 praecepto
1284 1437 1420 1504 tanquam
1445 1435 1559 1488 reclusa
1580 1436 1759 1507 promisistis
1779 1438 1827 1491 lto-

1009 1526 1087 1580 miuo
1104 1526 1256 1580 deservire.
1270 1527 1343 1580 Nulli
1360 1544 1428 1598 orgo
1443 1529 1558 1582 omniuo
1572 1529 1732 1584 homiuum
1749 1531 1827 1584 liceat

147 1627 187 1680 tia
209 1624 347 1696 proficisci
372 1625 535 1695 contigerit,
559 1625 667 1678 nullam
687 1624 766 1678 volsis
780 1625 957 1679 exactionem
1010 1619 1082 1673 hano
1096 1621 1198 1672 nostra
1214 1620 1422 1674 constitutionis
1436 1621 1570 1693 pagiuam
1584 1623 1748 1678 temerario
1764 1642 1827 1678 ausu

147 1720 177 1773 iu
205 1724 337 1792 argento,
367 1720 416 1772 aut
439 1719 617 1790 equitaturis,
646 1723 696 1772 aut
726 1718 868 1789 aliquibus
899 1692 1180 1784 atiisBinlringere,
1196 1730 1244 1767 seu
1262 1713 1313 1783 ipsi
1329 1714 1421 1769 modis
1437 1715 1611 1787 quibuslibet
1630 1718 1785 1771 contraire.
1803 1718 1826 1773 Si

149 1814 298 1885 stipendiis
312 1814 345 1868 de
357 1813 483 1884 ejusdem
498 1813 621 1867 ecclesia
630 1812 714 1866 rebus
725 1812 816 1867 facere
827 1812 959 1878 audeant,
1013 1806 1075 1877 quis
1098 1811 1193 1860 autem
1216 1807 1268 1861 hoc
1289 1809 1428 1862 attentare
1452 1811 1685 1880 presumpserit,
1703 1810 1827 1881 indigna-

150 1924 200 1962 scu
215 1907 322 1962 ibidem
336 1907 507 1977 hospitando
520 1906 634 1978 aliquod
655 1922 781 1976 uuquam
805 1922 961 1975 gravamen
1012 1899 1120 1954 tionem
1143 1901 1349 1972 otonipotentis
1364 1903 1412 1956 Dei
1435 1908 1462 1956 et
1482 1903 1681 1974 apostolorum
1708 1905 1783 1959 Petri
1804 1912 1826 1959 et

148 2002 264 2057 iulerre.
281 2002 421 2055 Praeterea
437 2001 458 2053 si
479 2000 629 2070 ingruente
653 2000 726 2055 hello
746 1999 818 2053 rives
835 2000 902 2054 liar.
920 2002 961 2054 rel
1013 1994 1089 2047 Pauli
1104 2011 1133 2048 sc
1149 1995 1260 2048 noterit
1273 1995 1467 2050 incursurum.

149 2096 271 2149 aliarum
288 2094 432 2149 civitatum
448 2095 489 2148 vet
505 2095 630 2148 locorum
646 2093 779 2148 homines
795 2111 845 2164 pro
863 2093 959 2148 militi·
1049 2089 1115 2142 liuta
1133 2089 1231 2143 llonim
1242 2088 1318 2160 apud
1333 2090 1361 2144 S.
1379 2091 1505 2159 Petrum,
1522 2107 1539 2144 ιι
1555 2091 1622 2145 idus
1634 2092 1741 2148 ιιιιιιιι.

149 2189 212 2258 hus,
226 2189 270 2243 rel
286 2205 339 2260 pro
354 2187 511 2242 niunienda
525 2187 645 2255 civitate,
661 2188 702 2241 vel
717 2193 806 2242 castro
818 2187 960 2242 collectam
1372 2194 1457 2247 xxvi.

149 2282 276 2350 iecerint,
296 2283 356 2353 jam
375 2282 569 2336 hecclesiam
589 2285 709 2336 vestram
725 2282 761 2336 ab
781 2281 857 2336 omni
876 2297 960 2335 erac·
1061 2284 1280 2353 Coitqi·eqntirnu's
1294 2286 1509 2342 Caermuidulensis
1523 2289 1639 2343 tutelam
1654 2292 1781 2361 suscipit.

148 2377 225 2431 tiotie
239 2377 399 2431 immunem
414 2393 473 2431 esse.
484 2376 674 2448 praecipimus.
1150 2378 1270 2447 (ltomee,
1283 2395 1329 2450 ap.
1347 2381 1374 2434 S.
1390 2381 1516 2449 Petrum,
1530 2382 1612 2436 lilart.
1636 2383 1693 2453 te.)

185 2470 366 2526 Decernimus
378 2486 446 2541 ergo
461 2477 492 2525 nt
507 2471 577 2525 nulli
591 2469 710 2525 omnino
723 2486 853 2541 personae
867 2471 959 2525 homi·
1120 2471 1286 2541 thiriacam,
1307 2475 1378 2527 Λιιιι.
1395 2474 1480 2535 Corn..
1501 2476 1534 2530 ιιι
1552 2479 1625 2547 App.
1647 2476 1725 2549 trs]

149 2581 219 2619 num
241 2566 389 2636 prolatam
414 2565 561 2619 ecelesiam
585 2571 691 2619 temere
720 2564 895 2635 perturbare,
913 2570 961 2619 aut
1048 2574 1185 2625 turrianus
1200 2571 1357 2643 opiscopus,
1372 2589 1467 2627 servus
1479 2590 1625 2628 serrorum
1645 2576 1711 2642 Dei,
1727 2576 1825 2631 dilectis

150 2660 212 2730 ejus
233 2659 427 2730 possessiones
452 2659 574 2726 aulerre,
599 2659 736 2725 minuere,
751 2663 800 2712 ant
821 2659 961 2730 aliquibus
1011 2663 1077 2717 tiliis
1094 2664 1223 2718 ltouccro
1240 2665 1499 2720 camaldulensium
1523 2667 1623 2736 priori,
1636 2669 1763 2740 ejusque
1778 2670 1823 2724 lra-

148 2753 345 2808 vexatiouibus
359 2753 490 2823 fatigare,
505 2752 554 2807 sed
570 2752 663 2806 omnia
678 2753 962 2823 integraconserren·
1012 2757 1112 2823 trilms,
1129 2762 1186 2811 tam
1212 2757 1403 2827 praesentibus
1418 2776 1503 2829 quam
1524 2761 1640 2829 latinis,
1665 2762 1822 2834 regularem

150 2851 208 2916 tur,
225 2862 383 2917 eorumque
399 2863 578 2918 proquorum
593 2847 799 2917 guliernatione
815 2851 842 2900 et
856 2849 961 2901 susten·
1011 2851 1098 2905 vitam
1114 2851 1257 2921 protessis,
1272 2852 1300 2904 in
1319 2857 1503 2923 perpetuum.

149 2941 255 2994 tatione
270 2957 410 2994 concessas
424 2946 499 3007 srmt,
515 2939 686 2993 omnimodis
699 2940 796 2993 usibus
811 2941 961 3010 protutura
1047 2943 1137 2998 Officii
1162 2945 1248 2998 nostri
1271 2962 1323 2998 nos
1350 2946 1486 3001 admonet
1507 2951 1535 3001 ei
1556 2947 1659 3003 invitat
1681 2950 1825 3006 arictoritas

150 3035 222 3088 salva
238 3035 311 3087 sodis
326 3034 485 3104 apostolieae
500 3034 674 3088 auctoritate.
1014 3055 1063 3109 pro
1080 3039 1262 3092 ecclesiarum
1284 3043 1358 3093 statu
1375 3046 1515 3111 satagere,
1532 3045 1559 3095 ct
1581 3059 1685 3097 coriim
1701 3043 1787 3116 quieti
1800 3062 1826 3097 ac

185 3128 213 3180 Si
227 3144 281 3198 epra
293 3127 565 3205 igiturinpustorum
579 3127 772 3182 ecclesiastieae
786 3128 962 3183 saecularisve
1013 3131 1207 3202 tranquillitati
1229 3132 1389 3199 salubriter,
1406 3135 1557 3188 auxiliante
1582 3136 1722 3204 Domino,
1746 3155 1826 3210 pron·

150 3238 282 3292 persona,
297 3222 379 3290 hanc,
399 3225 451 3276 etri.

186 3317 245 3386 Ego
257 3315 397 3371 Adrianus
411 3316 555 3370 catholica.
571 3315 702 3369 Ecclesiae.
719 3316 880 3387 episctqms.

184 3410 243 3481 Ego
258 3410 368 3463 lmarus
379 3410 554 3464 Tusculanus
568 3409 730 3480 episcopus.

185 3504 244 3575 Ego
260 3503 384 3558 Ubaldns
397 3505 426 3558 P.
447 3505 476 3556 ll.
496 3505 527 3557 ll.
543 3504 618 3557 eard.
634 3504 675 3557 tit.
691 3504 719 3556 S.
735 3503 877 3557 l‘rasedis.

185 3599 245 3669 ligo
258 3598 419 3652 llaulredus
430 3599 459 3652 ι).
476 3598 505 3651 ll.
522 3598 553 3651 ll.
569 3597 645 3650 card.
662 3597 704 3649 tit.
722 3597 749 3651 S.
764 3597 885 3652 Sabinae.

187 3694 245 3762 Ego
258 3692 404 3745 hribertus
420 3690 513 3763 presb.
530 3690 605 3745 card.
620 3691 662 3744 tit.
680 3691 707 3745 S.
725 3692 890 3747 Anastasio).

186 3786 245 3857 Ego
257 3785 348 3839 Julius
361 3784 455 3856 presb.
470 3784 547 3838 card.
563 3786 605 3839 tit.
626 3784 654 3839 S.
671 3784 803 3839 hlareelli.

187 3880 246 3950 Ego
262 3879 391 3933 Astaldus
405 3878 498 3949 presb.
513 3879 587 3931 rard.
605 3879 646 3932 tit.
658 3878 684 3932 S.
702 3878 812 3932 Prisca.

187 3974 246 4044 Ego
260 3974 383 4027 loannes
396 3971 489 4043 presb.
502 3972 577 4026 rard.
594 3971 635 4026 tir.
648 3972 695 4026 SS.
707 3971 821 4026 loannis.
836 3971 962 4026 etPanli.

186 4067 245 4136 Ego
254 4067 389 4120 ilenrious
400 4066 493 4136 presb.
506 4065 581 4119 card.
596 4065 638 4118 tit.
648 4065 693 4119 SS.
705 4064 785 4119 Nerei
797 4070 825 4119 et
835 4064 963 4119 stt-lrillei.

187 4160 246 4230 Ego
271 4161 394 4214 loannes
420 4158 513 4231 presb.
541 4159 618 4212 card.
646 4159 690 4213 tit.
714 4159 764 4213 SS.
785 4158 910 4212 Silvestri
938 4164 965 4212 et

151 4252 274 4307 Martini.

1014 3224 1092 3279 dere.
1110 3225 1232 3295 [liguum
1249 3242 1374 3297 iratoque
1390 3230 1418 3280 et
1434 3227 1576 3282 honestati
1588 3230 1826 3285 conveniens-ess·

1014 3318 1201 3388 dignoscitur,
1226 3319 1325 3390 utqui
1354 3319 1388 3373 ad
1416 3336 1515 3374 earum
1542 3322 1689 3393 regiruen,
1716 3324 1827 3379 ilomiun

1014 3412 1194 3484 disponente,
1210 3412 1347 3483 assumpti
1362 3430 1469 3483 sumus,
1485 3430 1530 3468 eas
1543 3419 1572 3470 et
1587 3433 1774 3487 aprarorum
1788 3419 1828 3473 be

1013 3506 1123 3559 utinum
1142 3506 1269 3576 nequitia
1284 3510 1422 3574 tueamur,
1438 3514 1465 3562 et
1481 3509 1552 3563 beati
1570 3511 1647 3565 Petri
1661 3518 1751 3584 atque
1764 3513 1829 3567 sedis

1014 3598 1174 3669 apostolicae
1189 3599 1349 3670 patrocinio
1364 3600 1537 3656 muniamus.
1549 3604 1728 3677 Eapropter,
1741 3608 1830 3661 dilecti

1014 3692 1042 3745 iu
1068 3692 1185 3746 ιιιιιιιιιιο
1207 3693 1267 3762 ιιιιι,
1289 3694 1391 3747 restris
1411 3694 1495 3764 justis
1517 3697 1764 3767 postulationibus
1785 3703 1831 3755 cle·

1015 3790 1128 3839 moriter
1154 3786 1318 3855 aririuimus,
1345 3792 1373 3841 et
1397 3788 1644 3859 predecessorum
1674 3802 1832 3850 nostrorum

1014 3879 1103 3934 felicis
1117 3880 1265 3934 ruernoriai
1282 3880 1434 3948 Pascbalis,
1451 3883 1569 3952 Eugenii
1586 3887 1614 3938 et
1627 3887 1773 3943 Ariastasii
1788 3891 1834 3944 llo-

1015 3989 1167 4027 monornm
1193 3973 1360 4043 pontilicmu
1378 3975 1506 4047 uestigiis
1533 3978 1725 4049 inhaerentes,
1739 3984 1832 4054 praci-

1015 4066 1120 4138 pimus‚
1143 4070 1170 4119 ot
1191 4067 1339 4137 praesentis
1364 4069 1472 4122 decreti
1493 4071 1664 4127 anctoritate
1686 4077 1833 4137 sancimus,

1015 4176 1050 4214 ue
1078 4160 1210 4231 cuiquam
1239 4162 1357 4216 ιιιιιιιιιιο
1383 4179 1523 4233 personas,
1549 4164 1668 4235 clerico,
1693 4171 1829 4226 monacho

1016 4254 1088 4307 laico
1102 4254 1295 4326 cujuscunque
1313 4255 1431 4323 ordinis,
1448 4263 1497 4311 aut
1517 4257 1669 4329 diguitatis
1693 4266 1832 4333 praesenti-

170 4402 173 4409 ,
187 4348 246 4417 Ego
261 4347 396 4401 liodullus
410 4346 482 4401 diac.
500 4347 577 4401 card.
590 4347 617 4401 S.
632 4347 724 4402 Lucire
739 4347 766 4400 iu
781 4347 867 4418 Septa
881 4345 962 4401 Solis.
1016 4347 1068 4400 bus
1094 4354 1142 4401 aut
1165 4347 1267 4401 trituris
1289 4348 1464 4419 temporibus
1491 4350 1574 4405 liceat
1594 4358 1832 4428 congregationes

186 4442 244 4511 Ego
259 4440 349 4494 Guido
363 4440 435 4496 diac.
452 4441 529 4495 eard.
544 4445 571 4495 S.
589 4442 621 4495 bl.
640 4441 667 4494 ιιι
685 4441 804 4495 Portica.

188 4531 248 4601 Ego
263 4531 387 4584 loannes
401 4530 472 4584 diae.
490 4530 563 4584 eard.
581 4530 625 4584 SS.
639 4529 729 4600 Sergii
745 4537 772 4584 ot
788 4532 896 4586 ltacehi.

188 4625 288 4678 ilatum
310 4625 407 4678 Romae
428 4624 502 4695 apud
527 4624 553 4679 S.
569 4625 693 4690 Petrum,
710 4640 760 4694 per
773 4640 889 4679 marum
909 4626 963 4678 llo-

151 4716 228 4772 landi
254 4718 282 4771 S.
307 4719 341 4772 ll.
365 4718 395 4771 F..
422 4716 517 4789 presb.
543 4717 618 4771 rard.
646 4722 673 4771 et
694 4718 861 4786 cancellarii,
881 4735 898 4772 ιι
923 4719 962 4773 ld.

150 4811 253 4880 Martii,
267 4810 366 4865 indict.
384 4828 422 4873 ιιι,
438 4813 550 4865 incarn.
572 4810 684 4879 divina,
701 4828 777 4865 auno
795 4817 802 4865 t
813 4814 870 4879 ist,
892 4828 962 4884 pun-

148 4904 270 4959 tiitcatus
286 4922 351 4961 vero
366 4907 395 4959 ι).
413 4905 529 4959 Adriani
545 4920 623 4976 papas
638 4906 668 4959 ιιι
680 4921 757 4959 aurio
773 4923 790 4959 ι.

521 5009 594 5064 XXV.

152 5102 197 5158 Ad
228 5105 448 5159 sanctimoniales
485 5106 641 5159 Horreensis
679 5105 848 5159 ιιιοιιιιιιινιϊ.
884 5106 964 5160 t'etot

223 5199 255 5237 ne
273 5186 334 5253 qrtis
353 5200 397 5238 eos
416 5184 464 5239 sab
482 5185 630 5238 reclusione
647 5187 735 5239 eicere
752 5183 892 5254 impediat.

294 5278 411 5347 (Roma,
427 5294 472 5348 ap.
487 5279 514 5334 S.
529 5280 653 5346 Petrum,
669 5279 750 5333 Mart.
768 5279 821 5345 ti.)

314 5370 444 5443 [haaren.
463 5373 552 5442 Ampl.
567 5374 680 5437 collect„
695 5374 716 5440 l,
728 5374 802 5445 833.]

185 5469 324 5525 annianus
338 5471 496 5543 episcopus,
510 5486 606 5525 serens
621 5486 769 5527 servornm
785 5471 843 5541 oet,
857 5469 965 5526 dilectis

179 5635 215 5695 td)
228 5634 365 5686 Horreum
382 5648 433 5687 sen
446 5635 604 5690 Horrsense
622 5638 823 5689 monaster-tum
843 5638 873 5689 in
892 5638 964 5689 etvi-

148 5708 204 5760 tute
218 5705 405 5759 Trovlrensta
425 5712 521 5759 sancta
540 5709 642 5759 lrmina
654 5708 814 5771 tundalum,
828 5709 965 5761 hactenns

125 5782 239 5849 perstat
249 5776 308 5833 snb
319 5778 427 5847 aaran
438 5778 536 5837 Sancti
549 5780 706 5849 Benedicti,
721 5782 804 5851 vulgo
816 5781 845 5837 s.
859 5781 964 5837 irmino

977 4427 1080 4499 Dillas
1105 4445 1132 4495 et
1156 4440 1218 4495 loca
1243 4440 1290 4496 illa
1317 4458 1381 4513 qum
1407 4443 1634 4500 Cantaldulensis
1661 4451 1758 4505 eremi
1783 4452 1832 4506 sire

1015 4534 1132 4588 eoerrohii
1150 4533 1330 4605 disciplinam
1346 4539 1374 4589 ct
1388 4535 1520 4590 ordinem
1543 4547 1751 4611 susceperuut,
1765 4562 1832 4617 qua·

1015 4645 1069 4699 quc
1084 4628 1169 4682 hodie
1184 4628 1323 4682 subtilius
1347 4629 1487 4700 regimine
1509 4632 1710 4705 continentur,
1725 4637 1763 4691 ah
1780 4640 1832 4709 ejus

1015 4723 1071 4775 tillo
1087 4722 1169 4776 modo
1187 4721 1360 4792 subjectione.
1383 4729 1410 4777 et
1423 4722 1532 4777 unitate
1555 4724 1697 4796 diuidere,
1716 4747 1781 4802 quus
1801 4732 1833 4785 ri·

1014 4815 1115 4869 delicet
1131 4817 1190 4871 lora
1206 4821 1233 4869 et¹
1246 4816 1483 4888 congregationes
1494 4822 1703 4877 conservandae
1721 4826 1831 4879 unitatis

1016 4910 1105 4981 grania
1121 4910 1312 4981 singularibus
1327 4910 1384 4964 risa
1398 4914 1464 4964 sunt
1485 4912 1633 4967 vocabulis
1657 4916 1831 4973 adnotanda.

1052 5004 1081 5058 lu
1096 5003 1261 5076 episcopatu
1274 5005 1402 5073 trenno,
1418 5004 1628 5062 monasterium
1651 5010 1753 5066 Sarroti
1776 5013 1831 5069 Sat·

1016 5097 1379 5169 catorisborardingorum,
1391 5099 1485 5153 Sancti
1500 5100 1576 5154 Petri
1588 5100 1621 5154 in
1632 5102 1719 5175 Rota,
1728 5105 1833 5162 sancta

1016 5193 1110 5248 Marias
1125 5191 1153 5246 in
1175 5194 1306 5263 hguauo,
1326 5192 1420 5248 Sancti
1441 5192 1552 5257 Quirini
1568 5192 1597 5248 in
1620 5196 1709 5265 Rosa,
1725 5217 1835 5255 eremus

1016 5286 1099 5352 Fleri,
1114 5286 1320 5340 monasterium
1335 5284 1430 5341 Sancti
1454 5285 1572 5356 Viriani,
1592 5286 1692 5344 Sancti
1718 5291 1833 5348 Bartho·
1872 5354 1874 5369 Ι

1015 5379 1109 5435 tomrei
1133 5379 1161 5434 in
1189 5379 1328 5453 Anglare3
1355 5380 1436 5451 iuxta
1459 5379 1598 5435 Balneum
1623 5388 1835 5443 monasterinm
1871 5378 1874 5405 ¹

1014 5476 1122 5531 &notae
1142 5473 1235 5529 tttariae
1250 5472 1279 5528 iu
1301 5471 1403 5529 Trivio.
1423 5474 1455 5529 ln
1481 5472 1602 5544 Galiato,
1625 5480 1835 5538 monasterinm

1013 5644 1226 5763 nggoupettugr,
1255 5639 1290 5691 ad
1315 5638 1391 5708 quod
1420 5639 1489 5693 solis
1508 5638 1656 5697 nobilibus
1679 5646 1836 5715 virginibus
1872 5676 1874 5685 ·

1013 5724 1200 5778 aruspae.
