3750 6046
93 142 126 201 n
331 206 334 211 ,
542 150 700 211 uisronu
720 148 986 212 anchesissncs.
1001 184 1035 196 -
1050 148 1135 212 raas
1154 157 1174 212 ι.
1190 156 1299 213 -ura
1323 153 1342 212 ι.
1573 128 1576 133 ’
1754 160 1788 216 ιο

91 275 276 334 Christianos
304 278 379 334 tecit.
402 276 457 344 Oui
481 295 537 333 non
564 280 650 352 longe
675 286 738 352 post
759 281 914 338 suscitante
927 281 1128 366 Asimumque
1142 281 1375 350 vallum,crebris
1388 280 1506 354 insuper
1521 282 1647 339 turribus
1659 264 1798 340 conamus

92 370 329 440 persecutionem
348 373 500 428 Crescente
521 374 626 442 amico,
649 390 699 446 pro
716 374 828 433 Christo
849 392 914 430 san·
966 375 1071 441 nilum,
1086 390 1138 445 per
1152 391 1242 432 cxxxix
1262 375 1348 431 millia
1370 391 1506 446 passuum
1528 376 1633 432 amari
1649 378 1684 433 ad
1707 393 1784 435 mere

93 463 216 533 prinam
242 465 327 536 fudit,
348 467 401 521 sub
425 466 475 522 Pio
505 467 604 522 Roma
629 468 774 541 episcopo.
797 470 917 526 llernres
967 466 1056 536 duxit,
1070 471 1099 523 et
1113 467 1235 524 Eburaci
1255 468 1336 525 obiit.

90 557 207 628 scripsit
228 558 346 627 tibrum,
362 560 413 632 qui
435 559 539 615 dicitur
561 561 698 631 Pastoris,
714 563 744 617 in
763 579 820 634 quo
842 579 914 634 pra·
1000 562 1163 619 Antoninus
1189 567 1381 635 cognomento
1404 565 1554 634 Caracalla,
1578 566 1670 621 Severi
1696 566 1782 634 illius,

89 657 209 722 ceptrum
225 654 327 726 Angeli
341 653 514 723 continetur,
530 660 562 711 nt
578 656 683 711 Pascha
701 655 747 712 die
769 657 915 713 [lominica
965 656 1048 712 annis
1071 672 1116 712 ιιι.
1140 656 1302 713 Alexander
1324 656 1473 731 episcopus
1496 658 1694 732 Cappadocia,
1717 676 1783 716 cum

91 746 300 802 celebraretur.
324 748 496 820 Polycarpns
517 749 641 806 ltomam
666 750 786 806 veniens
811 752 915 807 multos
965 758 1128 807 sanctorum
1150 750 1290 808 desiderio
1312 752 1442 808 locorum
1462 754 1668 825 lerosolymam
1689 755 1781 811 venis-

91 839 125 895 ιι)
138 840 279 897 haeretica
295 842 360 898 labe
376 843 535 913 castigavit,
548 843 596 915 qui
613 844 753 899 Valentini
768 853 796 899 et
809 846 912 901 Cerdo·
964 851 1015 911 set,
1027 845 1138 901 vivente
1152 845 1244 901 adhuc
1259 845 1389 902 Narcisso
1402 847 1529 918 ejusdem
1545 847 1622 903 urhis
1636 848 1781 921 episcopo,

93 934 135 988 nis
150 934 271 990 inerant
286 953 381 1008 nuper
393 937 526 992 doctrina
540 938 678 1009 corrupti.
964 939 1115 1010 persenilis
1128 939 1219 995 atatis
1232 940 1303 1009 viro,
1319 940 1379 1011 ipse
1401 940 1441 995 ihi
1459 940 1610 996 ordinatur
1623 942 1783 1015 episeopus,

126 1029 237 1084 Marcus
251 1030 389 1087 Antonius
403 1032 500 1097 Verus,
515 1047 580 1086 cum
595 1031 682 1087 fratre
697 1032 783 1089 Lucio
797 1034 914 1089 Aurelio
964 1032 1084 1088 ltomino
1105 1037 1136 1088 ut
1156 1033 1183 1088 id
1204 1033 1267 1088 lteri
1288 1032 1404 1089 deberet
1427 1051 1479 1106 per
1501 1035 1704 1092 revelationem
1722 1020 1783 1093 mo*-

91 1123 264 1188 Conimodm
278 1140 372 1180 annos
386 1141 442 1192 xix,
459 1141 573 1180 menses
588 1142 617 1180 n.
639 1125 671 1180 lli
688 1127 816 1198 primum
829 1144 913 1200 aqiro
966 1132 1061 1181 nente.
1076 1127 1263 1182 Tertullianus
1285 1128 1351 1183 Ater
1371 1129 1548 1183 centurionis
1568 1131 1781 1200 proconsularis

90 1220 153 1286 jure
176 1218 335 1288 imperium
358 1217 643 1285 administraverunt,
668 1236 732 1275 cum
760 1237 849 1293 usque
877 1220 913 1276 ad
965 1219 1179 1275 tiliusomnium
1195 1221 1381 1276 Ecclesiarum
1397 1237 1528 1279 sermone
1543 1222 1716 1281 celebratur.

92 1312 142 1365 troc
156 1316 274 1382 tempus
289 1311 395 1383 singuli
411 1313 525 1384 augusti
546 1311 664 1369 inerint.
680 1314 789 1369 Bellum
807 1313 913 1370 deinde
1000 1314 1137 1369 Macrinus
1150 1330 1226 1369 anno
1249 1330 1304 1370 uno
1320 1315 1460 1386 regnavit,
1475 1320 1504 1371 et
1520 1333 1585 1372 curn
1602 1316 1661 1373 nito
1676 1318 1779 1375 iliadu-

92 1411 187 1458 rontra
201 1405 322 1461 Parthos
335 1405 498 1462 admirabili
513 1406 617 1462 virtute
631 1409 658 1460 el
673 1406 806 1464 felicitate
820 1424 913 1480 gesse·
965 1423 1058 1476 nieno,
1075 1424 1139 1462 cum
1159 1424 1216 1479 quo
1235 1408 1391 1481 imperium
1409 1409 1520 1477 invasit,
1539 1410 1615 1482 apud
1638 1412 1778 1469 Anchitai·

93 1503 167 1552 runt.
186 1501 216 1553 tn
233 1499 302 1554 Asia
320 1500 520 1571 persecutione
535 1505 608 1568 orta,
623 1501 794 1574 polycarpus
808 1508 837 1556 et
851 1503 911 1558 Pio·
963 1501 1028 1556 dem
1044 1500 1161 1556 militari
1175 1503 1301 1557 tumultu
1318 1502 1467 1559 occiditur.
1825 1570 1829 1575 ¹

94 1593 155 1647 uiris
170 1595 347 1665 martyrium
367 1593 469 1650 iecere.
484 1597 515 1650 ln
534 1593 621 1649 Callia
637 1611 752 1668 quoque
766 1595 911 1664 Photinus,
997 1596 1104 1651 ltercus
1118 1596 1251 1651 Aurelius
1260 1597 1420 1653 Antoninus
1436 1598 1518 1653 annis
1533 1615 1568 1654 ιι.
1585 1599 1614 1652 ln
1628 1600 1781 1656 Patauina
1855 1608 1862 1621 “

95 1685 296 1758 lugdunensis
319 1688 434 1759 praesul,
460 1687 564 1761 aliique
587 1690 704 1761 plurimi
729 1706 781 1762 pro
803 1664 951 1746 Christess
964 1688 1113 1761 Nicopolis,
1129 1705 1193 1761 qua
1207 1688 1288 1762 prins
1300 1691 1435 1745 Emmaus
1450 1691 1613 1759 vocabatur,
1630 1692 1696 1748 urbs
1708 1710 1780 1750 eon·

93 1782 215 1853 gloriose
231 1782 406 1855 sanguinem
423 1783 534 1839 tudere.
547 1784 602 1839 Nec
619 1784 712 1840 multo
729 1791 795 1856 post
809 1784 911 1841 vindex
963 1782 1021 1837 dita
1045 1786 1104 1849 est;
1125 1782 1277 1853 legationis
1297 1782 1464 1840 industriam
1484 1799 1537 1856 pro
1555 1802 1589 1841 eo
1610 1785 1780 1859 suscipiente

93 1876 234 1932 scelerum
266 1877 329 1932 lues
362 1877 465 1933 milltes
495 1877 553 1932 late
587 1878 765 1950 provincias,
801 1879 911 1934 ltaliam
962 1877 1036 1932 lutto
1058 1878 1187 1932 Africano
1208 1878 1345 1950 scriptore
1369 1885 1545 1951 temporum.
1565 1881 1628 1935 ttaec
1651 1882 1779 1938 estEm-

90 1970 219 2026 maxime
244 1971 422 2043 Romamque
444 1971 572 2027 vmtarit.
594 1971 732 2027 Defuncto
754 1973 913 2030 Commodo
964 1987 1044 2025 maiis
1057 1987 1143 2043 quarn
1157 1972 1294 2027 hominus
1308 1978 1370 2044 post
1383 1974 1621 2029 resurrectionem
1637 1992 1697 2045 siin,
1709 1974 1783 2030 sicut

90 2064 192 2133 tratre,
208 2065 374 2121 Antoninus
386 2066 575 2123 Commodum
589 2064 679 2121 litium
696 2082 780 2122 saum
794 2083 909 2123 consor·
963 2064 1051 2121 huces
1066 2070 1164 2121 narrat
1184 2068 1254 2137 (cup.
1276 2066 1359 2138 xxiv),
1379 2067 1511 2139 ingressu
1530 2068 1707 2125 sainctillcare
1720 2068 1781 2134 dig·

91 2168 148 2213 tem
162 2159 251 2230 regni
266 2158 343 2214 tacit.
355 2160 499 2216 Antomnc
510 2158 676 2233 imperatori
686 2160 779 2216 ltetito
792 2161 913 2216 Asianus
962 2166 1046 2213 nutus
1066 2164 1117 2215 est.
1138 2158 1304 2232 Hippolytus
1321 2160 1485 2234 episcopus,
1498 2162 1657 2219 multorum
1678 2160 1780 2218 condi·

90 2253 243 2309 §ardensis
262 2254 412 2326 episcopus
433 2253 650 2327 Apologeticnm
674 2271 726 2326 pro
745 2255 912 2312 Christianis
963 2258 1008 2308 tor
1018 2254 1230 2324 opusculorum,
1249 2260 1411 2326 temporum
1426 2270 1577 2325 canonem,
1590 2272 1679 2328 quem
1694 2255 1781 2330 scrip-
1846 2254 1848 2259 ’

91 2346 217 2403 tradidit.
234 2347 337 2403 Lucius
361 2347 513 2403 Britannia
534 2365 594 2418 rex,
611 2348 699 2404 missa
718 2348 755 2405 ad
777 2348 910 2405 Eleuthe-
962 2347 1007 2413 sit,
1021 2346 1067 2401 hic
1090 2363 1179 2419 usque
1200 2347 1339 2418 perduxit.
1357 2348 1409 2412 Qui
1432 2350 1518 2404 etiam
1538 2365 1579 2420 se,
1599 2351 1780 2407 decennore-

94 2441 166 2496 rium
181 2442 284 2497 Roma
299 2441 467 2515 episcopum
482 2442 611 2513 epistola,
623 2447 653 2497 ul
662 2442 841 2501 Christianus
854 2443 912 2498 eiti-
963 2441 1017 2497 leni
1033 2440 1143 2496 Paschae
1156 2439 1292 2497 circulum
1309 2441 1465 2512 reperiens,
1480 2442 1612 2509 Eusebio,
1627 2443 1675 2514 qui
1691 2459 1778 2516 super

91 2535 181 2590 entur
204 2537 353 2607 impetrat.
377 2536 545 2608 Apollinaris
567 2536 688 2593 Asianus
710 2536 863 2608 llierapoli,
884 2545 909 2591 et
962 2533 1062 2590 eodem
1081 2533 1186 2590 Pascha
1208 2535 1319 2603 cyclum
1340 2536 1508 2607 composuit,
1529 2536 1708 2592 occasionem
1731 2538 1781 2592 de-

92 2628 243 2700 ltionysius
256 2621 480 2697 Corinthielari
492 2629 637 2686 hahentur
651 2630 787 2704 episcopi.
962 2627 1037 2684 disse
1050 2628 1157 2684 retulit.

125 2723 230 2778 turias
242 2723 406 2779 Antoninus
416 2724 590 2780 Commodus
604 2729 666 2796 post
680 2731 803 2781 mortem
821 2726 911 2798 patris
997 2722 1129 2777 Aurelius
1148 2722 1311 2779 Alexander
1330 2723 1412 2779 annis
1432 2739 1491 2779 ιιιι.
1512 2724 1561 2779 llic
1580 2725 1609 2778 iu
1631 2725 1780 2780 idamaeam

92 2818 321 2889 regnavitannis
334 2833 391 2873 xm.
406 2819 454 2872 llic
469 2817 619 2874 adversum
636 2819 911 2876 Germanosbellum
963 2820 1084 2872 matrem
1108 2832 1189 2871 suam
1213 2816 1295 2872 unice
1320 2817 1382 2889 pius
1403 2817 1467 2881 init,
1489 2824 1515 2873 et
1536 2818 1572 2874 oh
1593 2817 1621 2873 id
1645 2816 1779 2873 omuibus

91 2912 216 2967 feliciter
237 2911 337 2983 gessit.
362 2911 502 2966 Craterum
523 2912 656 2984 ipseper
679 2913 775 2968 omnia
793 2913 911 2968 luxurias
963 2909 1103 2966 amabilis.
1126 2909 1256 2965 Urbanus
1275 2911 1376 2965 Roma
1398 2911 1546 2982 episeopus
1566 2911 1674 2966 multos
1695 2909 1778 2967 nobi·

91 3012 118 3061 et
135 3005 304 3062 obscenitati
326 3008 518 3079 mancipatus,
542 3006 581 3061 nil
602 3009 729 3079 paternae
749 3006 862 3062 virtutis
884 3013 912 3062 et
962 3002 1032 3058 liam
1048 3003 1083 3058 ad
1098 3003 1183 3058 iidem
1206 3003 1310 3060 Christi
1334 3008 1363 3057 et
1377 3005 1545 3076 martyriam
1560 3002 1705 3075 perduxit.
1719 2998 1782 3062 ort-

94 3100 205 3171 pietatis
220 3099 315 3155 simile
331 3099 427 3172 gessit.
448 3103 570 3155 lrenaus
585 3100 785 3171 Lugdunensis
800 3102 909 3174 episco-
962 3112 1051 3170 genes
1072 3096 1262 3165 Alexandria,
1283 3098 1343 3153 imo
1363 3101 1423 3153 toto
1445 3097 1513 3154 orbe
1534 3099 1627 3154 clarus
1645 3097 1778 3155 bebatur.

93 3210 145 3266 pus
158 3194 283 3265 insignis
299 3193 430 3249 hahetur.
440 3194 614 3249 Commodus
627 3193 795 3266 imperatur,
806 3196 911 3251 colossi
961 3191 1092 3264 lienique
1105 3191 1225 3247 ltamaa
1239 3193 1334 3248 mater
1343 3190 1495 3249 Alexandri
1507 3207 1574 3249 euru
1585 3190 1686 3248 audire
1699 3206 1780 3249 cura-

93 3288 185 3359 rapite
198 3286 322 3357 sublato,
334 3287 467 3359 imaginis
481 3304 539 3344 sua
553 3292 640 3360 caput
654 3287 680 3342 ei
690 3289 776 3361 jussit
788 3289 910 3363 imponi.
962 3284 1012 3352 rit,
1026 3290 1056 3341 et
1069 3284 1252 3342 Antiochiam
1268 3285 1392 3343 accitum
1405 3301 1520 3343 summo
1540 3285 1649 3343 honore
1668 3285 1778 3342 habuit.

126 3382 224 3437 llelius
245 3381 378 3437 Pertinax
404 3382 546 3438 mensibus
568 3399 604 3438 vx.
628 3381 678 3438 llic
699 3382 803 3439 tuliani
821 3383 911 3456 juris-
997 3378 1166 3437 Maximinus
1187 3379 1270 3436 annis
1295 3396 1335 3436 nr.
1363 3379 1412 3436 llic
1438 3380 1589 3436 adversum
1616 3379 1780 3437 sacerdotes

94 3475 176 3548 periti
200 3477 308 3532 scelere
333 3474 428 3548 periit,
451 3490 538 3550 quem
561 3492 662 3534 meuse
687 3479 911 3551 cauponarum
962 3473 1158 3541 ecelesiarum,
1174 3479 1203 3530 et
1221 3475 1340 3529 clericos
1359 3474 1588 3547 atquedoctores
1602 3476 1777 3546 persecutio·

92 3573 216 3644 caperat
232 3567 387 3643 imperare,
406 3571 526 3628 Sereriu
545 3570 622 3644 apud
641 3573 761 3628 Pontem
784 3571 910 3628 ltilrium
961 3584 1029 3623 nem
1043 3576 1167 3639 exercet,
1183 3570 1305 3624 maxime
1319 3574 1437 3640 propter
1449 3568 1638 3626 Christianam
1653 3569 1776 3624 Alexan·

94 3665 166 3718 belle
182 3663 259 3720 cirili
279 3663 384 3721 victum
404 3664 550 3721 interficit.
574 3666 666 3721 Victor
687 3667 783 3722 ltomie
804 3667 909 3738 episco-
962 3661 1015 3729 dri,
1032 3663 1076 3716 cui
1096 3667 1280 3727 successerat,
1301 3666 1328 3717 et
1352 3663 1475 3716 Manium
1497 3661 1596 3716 matris
1616 3661 1677 3733 ejus
1698 3662 1777 3717 sami·

95 3775 152 3829 pa«.
168 3759 241 3814 datis
255 3759 311 3813 late
330 3758 442 3828 libellis,
459 3759 607 3816 constituit
621 3759 729 3815 Pascha
747 3759 794 3814 die
815 3760 909 3816 [lomi-
961 3755 1044 3823 liam;
1058 3757 1098 3811 vel
1114 3757 1258 3828 praecipue
1273 3761 1391 3826 propter
1402 3755 1555 3826 Origencm
1566 3754 1777 3827 presbyterum.

94 3853 154 3907 niro
175 3851 325 3920 celebrari,
340 3853 413 3909 sicut
430 3853 622 3925 praedecessor
641 3854 702 3926 ejus
722 3854 909 3919 Eleutherins,
963 3849 1115 3905 Pontianus
1129 3855 1158 3905 et
1169 3852 1303 3917 Anteros,
1316 3851 1452 3905 ltomana
1467 3849 1545 3904 urbis
1555 3849 1692 3922 episcopi,
1703 3863 1778 3905 mer

93 3965 108 4001 a
123 3964 166 4001 ιιι
182 3947 251 4002 lirna
265 3946 351 4019 primi
365 3947 473 4003 mensis
487 3964 577 4020 iisqiie
590 3948 625 4003 ad
643 3965 698 4003 ιιι.
712 3948 799 4018 CnJus
812 3947 908 4003 decre·
962 3944 1034 4013 tyrio
1049 3944 1188 4010 coronati,
1205 3949 1234 3999 et
1247 3945 1275 3999 in
1291 3944 1456 4000 caemeterio
1469 3944 1570 4001 Calixti
1583 3949 1651 3998 sunt
1663 3943 1776 4015 sepulti.

93 4042 125 4094 ti<
146 4042 246 4096 larena
267 4039 443 4112 Theophilus
466 4042 602 4097 Cesarea
622 4043 778 4098 l’aliestinre
799 4041 908 4113 episco-
996 4038 1156 4094 Gordianus
1169 4039 1253 4094 annis
1268 4052 1304 4094 ιι.
1324 4039 1416 4095 lulius
1430 4037 1579 4094 Africanus
1596 4037 1675 4093 inter
1687 4036 1777 4111 scrip·

93 4153 154 4204 pus,
171 4134 286 4207 scripsit
306 4134 440 4189 adversus
455 4135 564 4208 eosqui
581 4151 624 4190 ιιι·
641 4136 708 4189 tuna
726 4151 790 4190 cum
807 4134 911 4191 tardaris
962 4138 1037 4188 tores
1060 4133 1265 4190 ecclesiasticos
1283 4132 1387 4187 nobilis
1410 4132 1542 4188 habetur.
1564 4133 1619 4197 Oui
1641 4132 1670 4187 iu
1693 4132 1777 4190 ebro·

92 4229 195 4283 Pascha
220 4226 417 4293 celebrabant,
441 4244 507 4283 cuni
533 4229 653 4298 ceteris,
675 4229 725 4301 qui
752 4228 782 4283 in
811 4229 909 4284 eodem
960 4226 1119 4298 uicisque
1139 4226 1312 4299 conscripsit,
1332 4227 1420 4282 reiert
1438 4242 1467 4281 sa
1485 4227 1688 4282 Alexandriam
1710 4243 1777 4299 pro·
1831 4284 1834 4289 ,

91 4322 210 4377 caecilio
223 4320 353 4391 aderant,
368 4321 510 4394 episcopis
529 4321 696 4392 synodicam
710 4327 738 4377 et
759 4322 839 4378 valde
852 4324 908 4378 uti-
960 4336 1072 4392 pecare,
1088 4320 1213 4376 lleracle
1227 4320 1362 4393 opinione
1373 4320 1560 4377 celeberrima
1572 4324 1776 4391 provocatum:

92 4418 147 4472 lem
163 4416 328 4487 epistolam.
918 4411 1044 4486 Ducem
1065 4417 1094 4468 et
1113 4413 1143 4470 in
1163 4413 1267 4469 divinis
1289 4419 1317 4470 et
1337 4413 1539 4486 philosophicis
1560 4414 1671 4479 studiis,
1690 4418 1777 4489 atque

126 4511 247 4564 Severus
263 4509 393 4566 Pertinax
413 4511 497 4567 annis
515 4527 572 4566 xrn
591 4511 705 4566 fortiter
717 4509 845 4582 quidem,
860 4511 909 4567 sed
959 4508 1037 4562 omni
1056 4508 1217 4563 Cianorum
1236 4508 1365 4563 doctrina
1380 4508 1631 4563 instructissimum
1646 4509 1724 4563 lama
1737 4508 1778 4563 lo·

93 4604 230 4659 laboriose
260 4605 414 4676 imperium
437 4604 541 4671 tenuit,
563 4609 591 4660 et
618 4605 851 4676 persecutionem
880 4604 907 4659 in
960 4606 1109 4674 arceretur.

93 4699 269 4753 Christianos
288 4699 458 4754 acerrimam
482 4698 618 4754 exercuit.
640 4698 775 4755 Clemens
795 4698 910 4755 Alexan·
995 4695 1153 4767 Philippus,
1168 4711 1233 4751 cum
1250 4695 1382 4767 Philippo
1399 4695 1468 4764 titio,
1487 4710 1523 4749 vn
1538 4695 1621 4749 anuis
1634 4702 1775 4765 regnarit.

91 4792 182 4847 «inere
213 4792 346 4847 eeclesia».
374 4792 541 4865 presbyter,
567 4799 594 4848 et
622 4795 774 4847 Pantanus
802 4793 910 4848 Stoicus
960 4792 1008 4847 llic
1026 4791 1136 4862 primus
1151 4789 1281 4844 omnium
1299 4789 1503 4860 imperatorum
1518 4788 1665 4845 ndinonitu
1685 4789 1777 4844 tidelis

92 4887 291 4959 philosophus,
306 4887 335 4941 in
354 4885 547 4958 disputatione
560 4885 702 4958 dogmatis
715 4886 804 4942 nostri
819 4885 908 4942 diser·
959 4884 1063 4941 Christi
1089 4883 1185 4939 militis
1210 4882 1303 4939 Pontii
1328 4882 1507 4939 Christianus
1537 4885 1627 4938 lactus
1653 4888 1713 4950 est,
1744 4905 1777 4938 uc

92 4980 197 5035 iissiini
217 4979 368 5035 trahentur.
382 4979 529 5036 Narcissus
541 4980 785 5051 lerosolymnrum
799 4980 907 5051 episco·
960 4985 1024 5051 post
1036 4979 1154 5034 tertium
1168 4976 1280 5048 imperii
1295 4977 1357 5047 ejus
1368 4993 1488 5042 anulini,
1500 4977 1670 5033 millesimus
1682 4997 1697 5032 u
1713 4996 1778 5033 izen-

93 5091 154 5144 pus,
170 5081 199 5127 at
212 5073 389 5145 Ttieephilus
402 5073 596 5142 Caesariensis,
608 5074 781 5146 Polycarpus
794 5090 909 5146 quoque
961 5073 1068 5129 ditione
1081 5074 1177 5129 Roma
1193 5088 1286 5127 ennias
1308 5070 1439 5142 expictus
1453 5081 1506 5126 est.
1520 5073 1619 5126 tentiis
1638 5072 1773 5127 delubro·

91 5172 118 5221 et
136 5169 245 5222 tinnitus·
264 5172 373 5223 Asana
391 5167 545 5242 provincia
564 5167 700 5240 episcopi,
718 5168 844 5240 insignes
859 5168 908 5223 ha·
962 5182 1024 5222 rum
1038 5167 1186 5234 obturatis,
1203 5170 1299 5221 saneta
1313 5165 1436 5221 Ecclesia
1452 5182 1516 5220 cirin
1532 5166 1659 5237 tripudio
1671 5166 1708 5221 ad
1728 5168 1775 5221 1ιυί

92 5264 204 5317 liariter.
230 5262 347 5316 l’turimi
366 5262 595 5318 Christianomm
619 5279 670 5334 per
694 5261 819 5317 dirersis
842 5278 908 5333 pre·
961 5261 1074 5316 luridam
1094 5260 1181 5315 libere
1205 5263 1400 5325 reseratacst3
1416 5266 1445 5313 et
1462 5259 1501 5314 ite
1523 5259 1682 5330 inaguiticis
1704 5261 1776 5316 ludis·

92 5357 198 5410 cineras
219 5357 355 5427 martyrio
371 5356 499 5412 coronati
520 5362 597 5412 sunt.
611 5355 710 5412 Clodio
727 5354 842 5422 Albino,
860 5355 909 5429 qui
961 5354 1180 5426 augustissimus
1206 5353 1336 5410 omnium
1363 5352 1575 5426 praeteritorum
1604 5355 1649 5408 hic
1674 5355 1776 5411 ruentis

89 5468 119 5505 se
137 5451 165 5504 in
177 5449 268 5506 Callia
287 5451 429 5506 Caesarem
448 5450 563 5521 iecerat,
576 5451 654 5523 apud
673 5450 844 5523 Lugdunum
865 5450 907 5507 in·
959 5465 1052 5504 annus
1065 5466 1082 5502 a
1097 5448 1256 5504 Christiano
1276 5449 1452 5519 imperatore
1465 5446 1626 5502 celebratus
1645 5454 1697 5503 est.
1711 5447 1776 5505 0ri·

89 5546 222 5611 testante,
244 5544 367 5599 Severus
391 5544 420 5600 in
446 5544 606 5601 Bntannias
624 5544 736 5601 bellum
759 5545 908 5613 transiert3
961 5558 1049 5616 genes
1062 5541 1194 5596 Leonida
1206 5541 1340 5613 martyris
1349 5540 1424 5597 illius
1439 5542 1606 5598 incasarea
1621 5543 1776 5598 Palaestine·

90 5638 149 5704 uhi,
170 5642 202 5693 ut
218 5644 246 5693 at
267 5644 396 5711 receptas
416 5638 577 5713 provincias
597 5638 633 5693 ah
655 5637 819 5695 incursione
843 5638 909 5695 bar·
960 5636 1151 5705 Theodorum,
1165 5641 1357 5709 cognomento
1372 5635 1553 5707 Gregorium,
1570 5639 1599 5691 et
1613 5636 1779 5694 Athenodo-

88 5731 188 5793 asi-re·
206 5732 312 5790 noent
332 5733 498 5807 saoneres,
518 5747 657 5809 magnam
678 5732 783 5794 tusam
805 5732 909 5800 ιιιιιιιι·
961 5745 1035 5805 rum,
1053 5728 1280 5791 testamentales
1292 5728 1406 5799 intres,
1426 5728 1511 5787 Ponti
1525 5729 1781 5805 mutuatiss-
