3750 6046
89 152 95 159 ’
144 174 196 231 eea
834 164 991 232 orinatum
1010 172 1141 229 vtrntts
1547 174 1550 178 ’
1768 170 1813 235 aar

140 299 244 373 tiaeque
266 301 356 357 cultor
375 306 444 371 erut,
461 303 613 359 baronibus
634 321 686 376 pro
704 320 802 360 errore
819 302 1049 387 supplici-Ares
1067 316 1198 374 sequens,
1213 298 1344 355 laborem
1365 315 1462 355 meum
1483 298 1561 355 aetati
1587 298 1695 356 laturre
1725 298 1817 358 offero.

55 392 58 397 '
141 392 196 448 bus
209 396 343 466 pepercit,
363 399 392 452 et
409 397 523 453 indultis
537 399 663 454 reatibus
683 398 713 453 in
733 397 886 454 amicitiam
907 414 955 453 eos
1039 396 1143 451 Omnes
1161 394 1317 449 Normanni
1336 394 1385 466 qui
1404 398 1502 449 oontm
1520 408 1637 465 regem,
1656 399 1691 449 nt
1717 392 1818 451 dietum

141 486 306 559 benigniter
320 491 436 562 recepit.
1005 492 1057 558 est,
1084 488 1300 557 rebellaverant,
1333 486 1428 560 ipsum
1451 488 1480 543 in
1513 487 1650 543 omnibus
1676 487 1817 545 sorborum

176 584 209 638 ln
223 582 410 654 Stephanum,
431 585 564 641 comitem
579 585 613 640 de
628 586 799 655 albamarla,
815 585 863 657 qui
879 584 956 640 solus
1005 581 1113 654 experti
1126 584 1200 649 svnt,
1223 581 1379 653 meliusque
1394 597 1480 652 quam
1500 580 1570 636 olim
1585 579 1741 637 consilium
1758 598 1818 655 eap-

143 675 237 731 adhuc
256 677 411 745 resistebat,
439 679 593 733 exereitum
613 696 661 733 rev
683 679 860 752 aggregavit,
881 682 909 734 et
927 678 956 733 in
1005 679 1107 745 tentes,
1115 682 1230 747 temper
1238 691 1358 747 sequam
1368 674 1531 747 peramieos
1540 673 1656 731 veniam
1671 673 1818 748 petierunt,

142 769 205 824 loco
226 770 275 842 qtti
296 772 379 827 Vetus
399 772 593 843 itotbotrragns
610 772 723 839 dicitnr,
742 780 865 828 castrum
886 787 954 827 con·
1006 773 1035 825 et
1049 770 1188 841 supplices
1207 785 1305 840 aroge
1327 768 1445 824 indultis
1469 768 1593 825 reatibus
1615 768 1725 840 recepti
1751 772 1819 826 sunt

143 863 211 919 dere
230 864 322 936 eoepit,
344 865 422 936 quod
443 866 680 936 blata-Potenum,
697 866 726 920 id
749 875 790 922 est
814 868 955 922 devincens
1006 862 1088 918 lnvili
1114 863 1255 934 siquidem
1276 862 1459 918 Guitlelmum
1480 862 1624 918 clitonem
1646 878 1716 917 cum
1741 862 1818 933 liclia,

143 961 317 1022 meretricem,
337 974 388 1029 pro
408 959 541 1030 despectu
561 959 689 1015 lladvisae
708 962 858 1016 comitissae
881 981 957 1019 trun·
1006 956 1165 1028 poedttgttgo
1188 972 1249 1025 ⁵110,
1274 956 1304 1010 in
1327 955 1425 1010 exsilio
1450 956 1640 1027 reliquerunt,
1669 955 1724 1011 sed
1744 956 1820 1012 &litet

143 1052 266 1121 cupavit.
279 1053 343 1122 Ejus
364 1052 441 1107 cuim
461 1053 595 1108 instinctu
616 1055 750 1124 praelatus
769 1057 866 1111 consul
887 1074 955 1113 con-
1006 1049 1196 1122 potentissimi
1215 1048 1352 1121 principis
1370 1064 1469 1120 putem
1490 1048 1598 1131 hulleto
1619 1049 1817 1121 nequiverunt

142 1146 186 1199 tra
201 1144 349 1200 dominum
360 1153 571 1218 cognatumque
586 1164 669 1202 suum
688 1165 787 1220 regem
802 1150 954 1221 rebellavit,
1006 1166 1059 1221 xp,
1076 1166 1165 1235 (1119)
1178 1167 1308 1220 penam
1321 1180 1371 1219 rex
1382 1181 1442 1219 pum
1456 1163 1563 1221 calmo
1575 1181 1652 1236 papa
1664 1166 1822 1237 colloquium

143 1241 171 1293 et
183 1238 365 1293 Guillelmnm
378 1239 516 1296 Clitonem
530 1247 616 1311 atque
633 1242 804 1297 balduinum
828 1245 956 1300 Flandri-
1043 1244 1131 1299 ltttbet.
1153 1274 1187 1284 —
1202 1246 1263 1299 Poe
1281 1246 1351 1300 inter
1368 1260 1442 1312 reges
1459 1247 1581 1301 Fruact'ae
1592 1250 1619 1301 et
1631 1246 1743 1314 Attplt're
1755 1260 1819 1300 cout-

144 1337 203 1387 tam
227 1332 255 1386 in
277 1333 375 1387 eastris
392 1333 449 1387 suis
474 1338 603 1405 receptos
624 1334 730 1391 diutius
754 1336 870 1407 adjuvit.
893 1340 956 1409 Qui,
1040 1327 1164 1396 imiimi·

143 1429 295 1498 postquam
324 1442 422 1497 regem
451 1444 536 1498 super
565 1444 593 1482 so
617 1445 682 1483 cum
711 1430 834 1485 exercitu
863 1433 958 1488 venire
1043 1428 1134 1483 uerso
1158 1426 1325 1494 Novembri,
1352 1425 1474 1481 calixtus
1503 1443 1578 1499 papa
1609 1426 1641 1483 iu
1668 1428 1823 1484 Neuotrium
1867 1466 1869 1507 :

143 1519 287 1589 cognovit,
320 1522 494 1591 prudentum
526 1522 656 1576 consultu
688 1523 856 1593 aratrorum,
892 1542 959 1597 rege
1008 1520 1099 1589 venit,
1124 1523 1152 1575 et
1174 1519 1291 1575 Gisortis
1318 1535 1382 1574 oum
1407 1535 1475 1591 ruge
1499 1520 1676 1593 coloquium
1705 1521 1824 1593 depae
1867 1550 1869 1555 ·

143 1613 291 1667 inutiliter
318 1614 469 1680 satisfecit,
492 1617 519 1669 et
540 1615 602 1682 ille,
624 1615 790 1671 condonatis
815 1618 957 1688 omnibus,
1008 1613 1118 1668 habuit.
1132 1612 1357 1684 ltagrritlcusrex
1375 1612 1454 1667 illum
1471 1613 1630 1669 honorilice
1644 1614 1783 1687 suscepit,
1799 1621 1825 1671 et

143 1722 208 1761 cum
223 1724 291 1779 pace
307 1708 485 1777 triumphans
501 1710 625 1763 recessit.
968 1706 1068 1785 pejus
1081 1706 1117 1760 ad
1131 1706 1219 1778 pedes
1236 1722 1342 1777 pronus
1366 1705 1494 1775 accessit,
1517 1723 1642 1778 eumque
1665 1712 1825 1764 reverenter

181 1802 218 1855 lle
237 1801 957 1875 Veterillothomago,undehicmentiojamiactu
1006 1799 1167 1869 honoravit,
1193 1815 1279 1871 quem
1312 1800 1476 1854 universalis
1508 1800 1642 1855 Ecclesia
1670 1806 1826 1872 pastorem,

144 1897 196 1961 est,
228 1900 347 1965 tangam
374 1893 449 1966 qttod
481 1893 510 1948 itt
543 1895 638 1966 priscis
665 1896 806 1960 Quiritum
832 1897 957 1953 historiis
1007 1892 1823 1965 sibiqueconsanguirritatepropinquumagnovit.Quem

144 1988 266 2042 relatum
293 1994 343 2043 est.
370 1988 452 2043 Caius
478 1988 567 2043 lulius
595 1991 688 2046 Caesar
712 1991 852 2059 Caletnm,
883 1992 957 2047 unde
1007 2004 1081 2059 papa
1096 1986 1277 2041 humiliatum
1291 1986 1456 2058 benigniter
1471 1987 1571 2054 erexit,
1588 1988 1618 2041 in
1640 1988 1761 2043 nominc
1776 1989 1824 2043 bo·

145 2081 298 2136 Caletensis
312 2098 401 2152 pagus
414 2081 508 2136 adbuc
523 2082 693 2138 vocabulum
706 2085 821 2154 retinet,
835 2086 956 2154 obsedit,
1007 2080 1078 2136 mitri
1093 2080 1247 2147 benedixit,
1268 2080 1391 2151 datoque
1409 2079 1485 2151 pacis
1499 2080 1606 2149 osculo,
1620 2081 1701 2136 inter
1714 2085 1824 2137 mutuos

145 2173 250 2245 diuque
264 2175 331 2229 totis
347 2175 455 2229 nisibus
468 2176 654 2247 impugnavit.
686 2178 717 2231 Et
743 2178 811 2249 quia
832 2178 899 2234 illuc
921 2178 957 2234 de
1008 2174 1156 2245 atriplexns
1185 2180 1304 2245 uterque
1329 2173 1489 2230 exsultavit.
1517 2175 1648 2247 Denique
1679 2175 1719 2231 ad
1741 2176 1825 2232 collo·

146 2268 224 2323 omni
240 2268 329 2324 Gallia
344 2268 535 2340 implacabiles
549 2269 658 2324 inimici
682 2271 887 2342 confluxerant,
908 2273 956 2345 qm
1007 2267 1107 2338 quium
1131 2266 1302 2337 competenti
1320 2267 1391 2322 horu
1416 2273 1535 2323 vettium
1557 2271 1610 2335 esi,
1635 2274 1666 2325 et
1691 2269 1732 2325 sic
1758 2286 1829 2341 papa

144 2361 266 2416 caedibus
304 2368 333 2417 et
364 2362 502 2418 incendiis
544 2380 577 2418 ec
612 2364 808 2435 frequentibus
844 2366 957 2438 injuriis
1007 2377 1107 2432 regem
1121 2360 1224 2432 alloqui
1239 2377 1357 2417 exorsus
1371 2364 1437 2417 est:

145 2455 755 2523 offenderant,etirrenrissibiliterCaesarem
768 2459 956 2529 irritaverant,
1046 2477 1060 2504 «
1083 2456 1114 2509 ln
1136 2454 1253 2510 cornilio
1281 2454 1416 2510 [tornensi
1442 2472 1507 2510 curn
1528 2457 1633 2511 sanctis
1648 2455 1829 2528 praesulibus,

144 2549 206 2621 ipse
229 2550 327 2605 urbem
349 2549 534 2620 pertinaciter
555 2551 744 2623 impugnavit,
767 2570 832 2608 cum
857 2554 957 2609 incolis
1008 2548 1126 2619 aliisque
1135 2548 1300 2620 proceribus
1322 2555 1351 2603 et
1374 2548 1439 2603 liliis
1456 2548 1587 2604 Ecclesiae
1605 2550 1667 2615 bei,
1693 2549 1744 2621 qui
1772 2568 1830 2622 gra·

144 2643 220 2715 uertit
237 2643 421 2715 introitusque
450 2644 596 2698 destruxit.
610 2647 749 2701 Ceterum
769 2646 819 2714 ibi,
835 2664 870 2701 nc
896 2664 959 2719 pre
1008 2644 1104 2695 tantu
1117 2657 1167 2711 per
1179 2644 1306 2695 nostram
1321 2642 1521 2697 invitationem
1540 2643 1606 2697 illuc
1627 2649 1830 2711 convenerant,

144 2735 380 2808 vinciapraesidio
401 2737 566 2805 nudaretur,
584 2739 772 2794 munitionem
791 2742 957 2809 construxit,
1008 2733 1146 2789 desoluto
1162 2733 1291 2789 fidelium
1317 2735 1442 2801 tractati,
1460 2742 1488 2790 et
1509 2752 1561 2807 pto
1589 2751 1659 2808 pute
1684 2738 1831 2793 communi

144 2847 232 2903 quam
247 2830 357 2899 altilia,
373 2830 431 2885 filia
449 2848 510 2894 sua,
523 2831 624 2886 Iuliam
642 2832 749 2887 Bonam
769 2835 956 2906 nuncupavit,
1008 2844 1056 2882 me
1071 2827 1266 2882 laboraturum
1279 2844 1463 2899 summopere
1477 2820 1606 2901 promitt-
1616 2829 1660 2884 Ad
1676 2831 1730 2886 has
1744 2831 1831 2904 igitur

144 2924 192 2979 sed
214 2924 336 2979 barbara
354 2925 458 2980 locutio
486 2925 648 2992 illebonam,
671 2933 804 2999 corrupto
830 2929 958 2998 nomine,
1009 2926 1116 2993 paries,
1134 2921 1255 2993 gloriose
1277 2921 1328 2991 fili,
1356 2921 1476 2977 festinus
1503 2924 1618 2991 accessi,
1640 2929 1670 2980 ut
1698 2941 1751 2980 oro
1778 2926 1829 2981 olu-

143 3017 286 3072 vocitavit.
306 3018 374 3072 lade
401 3035 428 3073 tr
454 3019 563 3088 iluvios,
586 3019 772 3074 Guilellcdam
799 3026 827 3076 et
851 3022 958 3091 Talam,
1011 3014 1149 3070 incutiam
1164 3014 1367 3085 omnipotentis
1380 3015 1439 3085 Dei,
1459 3022 1489 3072 ut
1502 3017 1563 3087 ipse
1579 3022 1830 3074 conatusnostros·

144 3127 208 3182 quae
229 3112 289 3165 llnn
307 3112 390 3166 modo
411 3112 522 3180 dicitur,
538 3112 679 3168 Sednrram
700 3118 728 3168 et
751 3113 898 3169 Belnaium
916 3079 1176 3179 at-Cbenigniter
1193 3107 1297 3175 videat,
1317 3124 1349 3162 ac
1377 3108 1414 3163 ad
1439 3110 1601 3181 generalem
1624 3112 1712 3166 totius
1742 3113 1830 3168 Eccle-

144 3221 200 3277 que
214 3204 327 3274 Setiam,
341 3206 522 3260 Guaromrarn
541 3211 569 3261 ot
585 3208 708 3279 {lappam
730 3211 758 3261 ut
773 3208 874 3262 Earum
894 3224 959 3279 per.
1011 3201 1060 3256 siae
1070 3217 1129 3255 suae
1144 3200 1377 3256 commoditatem
1392 3202 1544 3259 salubriter
1557 3203 1672 3276 dirigat.
1690 3206 1831 3278 luprimis

146 3298 282 3366 transivit,
295 3299 455 3371 Oceanique
469 3300 547 3354 littus
559 3316 648 3370 usqne
661 3301 695 3355 ad
710 3302 818 3355 Aucnm
840 3304 959 3370 llutnou,
1010 3294 1253 3366 ntagrrttnenttarrr
1268 3300 1343 3349 tuam
1359 3295 1475 3351 obsecro
1490 3302 1520 3352 ut
1533 3297 1580 3370 pie
1601 3297 1685 3353 nobis
1710 3314 1830 3355 consen-

145 3392 222 3465 quod
238 3393 321 3464 vulgo
338 3393 440 3449 dicitur
455 3393 508 3460 On,
521 3394 709 3464 perlustravit.
725 3394 817 3450 Solers
838 3394 960 3467 denique
1011 3388 1074 3456 tias,
1091 3387 1250 3443 etinimicis
1275 3389 1332 3444 tttis
1355 3405 1455 3461 pacem
1481 3407 1533 3463 per
1559 3407 1611 3446 nos
1637 3393 1831 3463 poscentibus,

144 3488 285 3559 princeps,
301 3492 450 3558 postquam
467 3488 699 3543 commoditatem
710 3488 809 3561 patriae
827 3506 958 3561 perscru·
1010 3486 1043 3536 ut
1054 3482 1110 3537 teti
1132 3482 1295 3537 SuIOfflttttis
1310 3484 1412 3551 hieros,
1432 3484 1565 3555 pacificus
1587 3486 1649 3541 tias.
1672 3487 1831 3559 »Cumque

146 3584 220 3636 tatus
236 3580 293 3635 suis
314 3581 444 3650 cotrstrlit,
463 3582 562 3636 urbem
581 3582 615 3636 ad
636 3581 794 3636 subsidium
821 3582 962 3647 Quiritum
1011 3591 1061 3631 rer
1075 3574 1234 3647 apostolicis
1250 3576 1426 3647 jussionibus
1452 3578 1631 3651 promisisset
1654 3596 1686 3635 se
1708 3580 1832 3637 libenter

146 3675 286 3730 redilioare
303 3675 434 3743 decrevit,
452 3676 527 3747 quod
541 3675 710 3743 llodomnm,
726 3676 807 3747 quasi
820 3677 961 3731 Rauranu-
1012 3673 1287 3743 obtemperaturum,
1302 3692 1375 3747 papa
1391 3676 1531 3731 sermonis
1545 3678 1588 3731 sui
1602 3677 1659 3732 talc
1679 3677 1770 3733 sumit
1782 3695 1829 3734 ex·

146 3786 211 3824 rum
234 3769 363 3837 domurn,
388 3769 527 3824 vocitarit.
548 3769 651 3824 Accitis
668 3770 766 3840 itaque
791 3769 962 3839 attilicibus,
1012 3771 1124 3826 ordinm
1140 3788 1146 3825 :
1165 3793 1178 3821 u
1192 3772 1245 3826 lrex
1267 3772 1324 3841 bei,
1336 3773 1444 3829 cunctis
1457 3773 1573 3844 provide
1594 3775 1761 3843 consulens,
1777 3776 1830 3831 im·

146 3863 268 3935 spatium
294 3863 461 3934 quantitatis
480 3863 541 3933 ejus
571 3879 687 3917 mensus
714 3867 766 3930 cst,
795 3864 962 3935 latomisque
1011 3866 1344 3938 peratutunusquisque
1364 3867 1505 3937 jussuum
1517 3868 1647 3938 legitime
1660 3869 1825 3940 possideat;

146 3974 210 4011 cunr
224 3956 400 4011 oracionibus
424 3956 481 4011 illic
500 3957 535 4011 ad
555 3973 625 4027 opus
644 3957 789 4028 agendum
809 3957 960 4029 dispositis,
1013 3958 1064 4013 sed
1078 3974 1124 4013 res
1138 3958 1242 4013 alienas
1255 3975 1310 4013 nort
1331 3960 1522 4031 concupiscat,
1543 3977 1596 4016 nec
1611 3962 1660 4016 alii
1684 3963 1766 4034 quod
1778 3964 1830 4018 sibi

146 4052 289 4122 prolectas
312 4055 361 4103 est.
386 4052 496 4104 Interea
527 4049 663 4118 llutubus,
694 4057 794 4121 potmts
817 4068 961 4122 saevusque
1012 4052 1073 4106 steri
1090 4068 1148 4106 non
1163 4053 1223 4106 vult
1237 4052 1330 4108 faciat.
1345 4053 1474 4124 Synodus
1489 4070 1557 4124 ergo
1581 4055 1711 4111 fidelium
1740 4073 1829 4129 geue·

146 4150 296 4215 tyrannus,
339 4143 569 4214 inexpugnabile,
614 4151 644 4198 ut
685 4144 848 4214 ptttabatut,
872 4145 966 4199 murti·
1013 4146 1112 4200 raliter
1131 4145 1267 4213 decernit,
1285 4153 1312 4201 et
1335 4147 1538 4203 asublinritate
1560 4153 1620 4216 tua,
1640 4165 1750 4222 magne
1772 4168 1829 4221 rer,

147 4237 253 4308 cipiunt
270 4254 356 4308 snper
378 4244 507 4292 montem
523 4237 607 4308 juata
634 4238 796 4309 Sequanam
818 4238 960 4306 servabat,
1012 4238 1160 4293 humiliter
1183 4239 1311 4310 deposcit
1332 4244 1365 4294 ut
1378 4240 1562 4309 liudbertum,
1587 4241 1707 4298 fratrem
1736 4248 1830 4312 tuum,

147 4348 199 4403 per
230 4331 308 4403 quod
329 4330 576 4400 circumjacentem
604 4330 789 4402 pruvitteiant,
823 4348 963 4402 navesque
1014 4349 1100 4405 qnenr
1116 4337 1144 4386 tu
1164 4332 1284 4387 vinculis
1306 4333 1417 4404 jamdiu
1438 4333 1565 4402 tenuisti,
1586 4335 1725 4404 absolvas,
1749 4337 1831 4410 eique

148 4442 202 4499 per
229 4425 390 4496 proximum
421 4424 528 4479 llutnetr
554 4430 679 4480 treantes
699 4424 857 4480 coercebat.
882 4425 1114 4523 QuodDellilio
1133 4426 1194 4496 ejus
1213 4426 1348 4481 ducatum
1368 4428 1664 4515 dormanniae,quem
1681 4430 1831 4500 abstulisti,

149 4519 268 4574 audiens
295 4522 397 4586 Caesar,
424 4519 491 4573 illuc
519 4535 585 4573 cunr
612 4519 737 4573 evercitu
760 4518 913 4587 festinavit,
937 4524 965 4574 et
1015 4519 1158 4574 restituas,
1176 4541 1189 4568 u
1276 4586 1279 4591 .

149 4614 305 4680 castellum,
346 4613 422 4685 quod
465 4612 569 4666 llutubi
614 4614 716 4667 l‘ortus
756 4611 962 4683 appellabatur,
1050 4613 1097 4667 llis
1112 4613 1225 4681 auditis,
1250 4614 1397 4685 respondit
1417 4631 1487 4671 rex:
1507 4637 1521 4665 a
1542 4617 1695 4688 Praeceptis
1721 4620 1831 4687 vestris,

151 4709 332 4778 expugnavit.
354 4707 440 4777 Ctrjtrs
455 4706 550 4778 oppidi
565 4705 709 4777 spcoinren
723 4713 751 4759 et-
772 4706 867 4760 ruinas
878 4705 964 4759 solers
1015 4707 1169 4761 reverende
1184 4708 1274 4775 Pater,
1289 4708 1497 4764 rationabiliter
1512 4708 1721 4781 obsecundabo,
1740 4716 1774 4768 ut
1798 4713 1832 4768 ab

149 4801 284 4873 indigena
314 4800 461 4872 perspicue
500 4800 655 4870 cognoscit.
683 4801 777 4856 Caesar
804 4803 900 4853 atttenr
928 4798 963 4854 de
1015 4797 1259 4872 initiospopotrdi
1277 4802 1546 4874 Nunclamcnrogo
1570 4804 1832 4877 utdiligenlct·au·

148 4896 360 4968 praedictatam
376 4895 616 4949 rrerrrontariosct
641 4893 763 4948 artifices
789 4893 860 4948 ulios
887 4910 965 4948 revo-
1015 4893 1441 4967 diat-usqumvclqualiteregi.
1457 4897 1584 4953 Fratrem
1604 4914 1703 4954 meum
1730 4900 1831 4956 ducatu

150 4991 233 5057 cavit,
263 4990 446 5061 nobilemque
476 4987 656 5059 trrctropolirtr
692 5003 777 5058 super
802 4990 963 5058 Soqtranonr
1014 4987 1198 5043 Norruanniae
1223 5005 1282 5043 non
1309 4988 1434 5060 privavi,
1465 4991 1514 5046 sed
1547 4990 1766 5049 haereditarium
1787 4995 1833 5067 jus

150 5085 362 5155 ltotltumagtrm
379 5083 512 5145 condidit,
525 5085 553 5137 et
565 5082 727 5154 priorivieo
748 5098 835 5153 snper
854 5085 964 5137 Atreum
1014 5082 1103 5153 patris
1117 5081 1206 5137 nostri
1219 5082 1307 5137 armis
1320 5082 1472 5151 vindicavi,
1485 5084 1560 5156 quod
1572 5102 1630 5140 non
1645 5085 1736 5143 irater
1751 5105 1832 5145 meus

151 5194 240 5249 traque
257 5178 285 5231 itt
301 5178 376 5232 hunc
390 5178 466 5232 diem
481 5178 573 5231 solunt
585 5192 691 5231 nornen
706 5175 831 5248 reliquit.
1015 5192 1107 5248 neque
1133 5194 1220 5248 nepos
1247 5176 1300 5231 sibi
1323 5176 1517 5250 possidebant,
1548 5179 1597 5234 scd
1625 5180 1741 5250 pessimi
1765 5200 1835 5255 prue-

178 5272 251 5330 .Hsse
265 5272 378 5343 quiade
395 5271 485 5326 t'eteri
500 5271 689 5342 Rotlrotnago,
707 5270 753 5325 nbi
771 5268 904 5325 llenricus
915 5285 965 5322 rex
1015 5268 1103 5324 dones
1123 5276 1151 5324 et
1163 5269 1292 5342 sacrilegi
1314 5271 1472 5327 nebulones
1485 5271 1685 5329 miserabiliter
1704 5276 1832 5333 devasta-

150 5365 297 5422 castellani
326 5365 355 5420 in
377 5365 472 5420 ltustos
498 5365 652 5432 inchoarit,
677 5364 727 5420 scd
754 5364 808 5419 illis
834 5362 964 5435 protinus
1014 5363 1095 5418 batrt.
1123 5363 1219 5418 Nullus
1247 5365 1341 5420 lronor
1365 5366 1567 5437 sacerdotibus,
1597 5366 1833 5441 aliisqueserris

148 5458 335 5515 reconciliatis
348 5458 494 5530 inceptum
509 5476 580 5530 opus
595 5459 756 5525 intorvrrisit,
776 5458 811 5513 nd
829 5456 963 5512 notitiam
1016 5456 1375 5529 nortmannorumque
1404 5476 1476 5532 pone
1489 5460 1674 5533 paganismus
1695 5480 1749 5537 per
1762 5465 1832 5522 Nor·

149 5553 327 5626 posteritatis
341 5554 515 5609 mentionem
538 5553 603 5619 leci,
620 5553 654 5607 de
674 5553 833 5624 priscorum
853 5550 966 5606 relatio·
1015 5552 1158 5606 araunium
1173 5552 1279 5625 passitn
1293 5552 1515 5610 diffundebatur.
1530 5554 1677 5625 Coeuobia,
1703 5574 1769 5631 quae
1781 5576 1832 5615 utr-

132 5647 342 5718 mbnsudjoci.
358 5648 443 5703 rl'nnc
455 5652 552 5705 autern
567 5645 604 5703 ad
624 5662 672 5703 res
695 5662 789 5722 nuper
810 5648 918 5721 gestas,
935 5650 967 5703 ut
1015 5647 1272 5702 teressoresnastri
1295 5666 1345 5720 pro
1371 5648 1520 5705 animabus
1543 5648 1602 5705 suis
1626 5650 1831 5723 luadaverunt,

109 5740 196 5813 Wstb
214 5742 328 5818 sudrim,
355 5747 385 5799 ct
407 5761 467 5823 pro
492 5762 581 5823 posse
610 5762 680 5809 tnco
700 5745 837 5830 antiquos
850 5742 971 5821 scriptu·
1025 5740 1262 5813 instruebantur,
1282 5744 1315 5799 et
1333 5740 1463 5813 ratrgraa
1482 5740 1659 5811 namnum,
1685 5744 1833 5805 mbram
