3750 6046
58 195 111 257 aar
526 190 681 251 instante
700 191 965 251 acetustasrtca.
976 219 1010 234 -
1024 184 1111 249 PARS
1120 192 1153 247 ll.
1168 220 1203 234 —
1215 193 1280 248 LlB.
1299 184 1341 247 tt.
1688 192 1739 247 358

57 323 119 391 dus,
140 320 233 377 edidit
254 324 335 393 gesta
348 317 516 373 sanctissimi
530 318 708 374 anachoretas
722 315 832 390 prolixo
848 320 876 372 et
886 316 978 403 Abas
992 320 1021 372 et
1035 317 1139 372 crebris
1152 316 1310 373 insularum
1324 315 1492 372 nemoribus
1505 319 1534 371 et
1548 316 1682 373 flexuosis
1696 320 1736 374 ri·
1783 312 1785 316 ⁴

56 415 271 488 aliquantulum
291 412 413 468 obscuro
432 411 552 482 dictatu,
566 427 631 483 quae
644 427 696 484 pro
715 427 797 483 posse
812 426 876 466 meo
925 411 1055 482 algarum
1074 410 1245 467 anfractibus
1264 410 1299 465 ab
1319 414 1413 466 austro
1431 410 1462 466 in
1485 411 1649 484 aquilonem
1665 413 1738 468 mari

56 508 182 565 breviter
208 505 376 575 dilucidavi,
396 504 519 561 fratrum
542 505 669 577 benigno
689 509 788 576 rogatu
809 519 875 560 cunr
926 508 1008 560 tenus
1028 504 1196 577 longissimo
1220 508 1311 559 tractu
1337 503 1527 575 protenditur.
1555 505 1613 559 lllic
1640 504 1738 576 plures

56 601 160 674 quibus
175 600 308 673 quinque
327 597 492 672 septimanis
511 597 670 653 Crulandiae
683 603 876 653 commoratus
926 597 1085 654 inhabitare
1107 599 1295 665 tentaverant,
1324 596 1372 652 sed
1397 613 1449 669 pro
1473 596 1625 669 incognitis
1648 598 1737 654 eremi

56 711 118 752 sum
132 692 311 752 venerabilis
323 691 461 751 Goisiredi
480 691 590 746 abbatis
604 691 772 747 charitativo
781 691 873 762 jussu.
926 692 1066 758 monstris,
1081 695 1110 747 et
1123 690 1296 747 diversarum
1305 689 1461 746 terroribus
1473 691 1630 747 turmarum
1643 696 1736 748 atram

55 787 172 843 Occasio
199 785 337 858 loquendi
364 784 400 840 de
427 784 510 840 beato
538 784 660 841 eremita
687 800 747 840 sese
774 783 877 843 obtrslit
926 785 1132 841 habitationem
1152 785 1337 856 reliquerant.
1355 784 1507 840 Gntblacus
1527 784 1622 857 itaque
1635 785 1738 841 aestivis

55 883 162 937 nostrae
179 877 338 935 narrationi
346 874 569 949 perGuallevum
582 877 727 948 comitem,
739 876 788 948 qui
801 875 876 932 lidus
925 879 1105 952 temporibus
1122 877 1265 936 crulanda
1284 880 1472 950 perscrutata,
1493 876 1594 933 iratres
1618 894 1682 933 snos
1711 882 1740 934 et

53 973 142 1029 trater
162 978 194 1029 et
213 971 328 1045 adjutor
348 969 453 1026 exstitit
475 970 673 1026 Crnlandeusis
696 969 874 1038 monasterii,
926 973 1086 1044 magistros,
1101 988 1172 1045 quos
1183 971 1348 1027 insalutatos
1362 971 1520 1040 dimiserat,
1535 970 1658 1028 revisere
1669 988 1737 1044 pro·

55 1066 125 1122 deut
143 1082 180 1122 ex
199 1064 342 1121 relatione
361 1062 523 1120 senioreum
537 1064 675 1118 veraciter
693 1062 830 1119 intimabo
845 1062 875 1117 in
924 1066 1015 1122 fectus
1038 1069 1096 1136 est;
1122 1066 1284 1136 iterumque
1302 1069 1365 1136 post
1386 1067 1444 1119 tres
1457 1080 1570 1120 meuses
1586 1081 1651 1120 cum
1670 1065 1739 1121 duo·

55 1159 128 1215 calce
144 1158 236 1231 hujus
249 1156 390 1230 epitomii.
410 1155 608 1212 lndubitanter
622 1156 708 1211 credo
725 1155 802 1228 quod
815 1172 875 1211 non
924 1158 978 1215 bus
997 1159 1092 1231 pueris
1109 1159 1145 1214 ad
1161 1159 1282 1214 electam
1294 1173 1436 1228 eremum,
1450 1173 1497 1212 vur
1512 1156 1654 1214 Kalendas
1666 1157 1736 1229 Sep-

55 1252 149 1308 miuus
176 1251 340 1325 proderunt
357 1249 488 1306 fidelibus
507 1248 657 1322 Cisalpinis
679 1250 778 1305 sancta
796 1253 876 1321 gesta
925 1251 1057 1320 tembris,
1085 1268 1151 1308 eum
1175 1253 1236 1323 jam
1261 1251 1320 1323 ipse
1337 1267 1400 1306 xxva
1421 1266 1563 1306 annorum
1583 1255 1667 1323 esset,
1690 1267 1737 1307 re·

55 1345 319 1402 transmarinorum
345 1345 489 1401 Sarum
521 1342 565 1398 vel
600 1343 760 1415 anglorum
786 1358 875 1413 quam
926 1362 1038 1418 gressus
1057 1351 1107 1402 est.
1127 1347 1204 1401 Tunc
1223 1345 1251 1401 S.
1278 1344 1475 1401 Bartholomei
1494 1345 1614 1416 apostoli
1628 1346 1734 1401 solem·

10 1496 18 1529 b
55 1442 221 1496 Graecorum
235 1438 281 1494 vel
294 1437 501 1511 AEgyptiorum
517 1436 552 1492 de
567 1435 669 1508 quibus
682 1434 811 1509 prolixe,
825 1435 874 1492 sed
924 1439 999 1495 nitas
1019 1439 1189 1507 celebretur,
1209 1454 1297 1511 quem
1321 1437 1431 1494 socium
1449 1437 1505 1492 sibi
1525 1444 1554 1494 et
1576 1438 1737 1511 adjutorem

57 1530 240 1588 delectabiles
267 1530 485 1602 commodeque
517 1529 681 1586 collationes
709 1527 807 1586 crebro
833 1529 873 1584 le·
925 1533 955 1589 in
967 1536 1081 1589 cunctas
1094 1531 1277 1589 adversitates
1294 1547 1477 1602 summopere
1492 1536 1635 1603 precetur.
1649 1530 1736 1598 Quin-

56 1627 163 1695 guntur
177 1629 328 1696 congestae
340 1629 504 1680 sanctorum
518 1623 611 1679 studio
625 1623 786 1679 doctorum.
803 1623 875 1678 Prae-
926 1626 1019 1683 decim
1038 1627 1120 1682 annia
1140 1642 1198 1682 non
1217 1625 1309 1681 laneis
1321 1624 1366 1680 vel
1379 1624 1473 1694 lineis,
1493 1625 1542 1681 sed
1554 1625 1681 1698 pelliceis
1690 1642 1737 1681 so·

56 1722 132 1774 terea
146 1733 218 1774 reor
231 1717 427 1790 quodquanto
438 1733 488 1774 rex
499 1717 561 1772 haec
574 1716 669 1773 miuus
684 1715 873 1772 olimuostra·
884 1703 912 1776 B
924 1720 1071 1777 lummodo
1096 1719 1270 1792 tegminibus
1301 1718 1420 1774 indutus
1444 1722 1501 1788 est,
1523 1721 1552 1773 et
1577 1718 1754 1776 hordeaceo
1821 1708 1824 1712 “

56 1810 129 1866 tibus
149 1810 260 1883 patuit,
284 1814 365 1866 tanto
390 1809 533 1866 charitatis
551 1810 618 1883 igne
636 1807 823 1877 ferventibus,
847 1813 876 1864 et
924 1831 999 1887 pane
1016 1830 1048 1870 ac
1066 1815 1207 1870 lutulenta
1218 1829 1301 1887 aqua,
1320 1816 1348 1868 et
1361 1828 1395 1868 ex
1408 1810 1578 1882 bisparum,
1596 1815 1659 1884 post
1672 1812 1738 1868 solis

55 1919 102 1975 pro
116 1902 273 1959 transactis
288 1901 414 1959 reatibus
432 1919 469 1959 ex
483 1903 585 1960 intimo
602 1903 689 1959 corde
705 1901 873 1959 dolentibus
925 1924 1066 1976 occasum,
1090 1923 1157 1963 usus
1177 1912 1230 1963 est.
1256 1905 1417 1962 Innumeris
1434 1904 1516 1961 ibam
1536 1905 1630 1962 modis
1654 1906 1740 1963 Satan

10 2054 13 2081 ;
56 1995 208 2068 gratiosius
222 1995 358 2067 placebit.
541 1993 545 2003 '
792 2000 800 2010 “
924 2001 1053 2070 tenurit,
1073 2003 1101 2057 et
1120 2001 1231 2057 irretire
1250 2000 1295 2057 vel
1313 1999 1348 2056 de
1373 2015 1472 2056 eremo
1494 1999 1637 2072 expellere
1656 1999 1737 2056 labo·

10 2148 12 2153 ,
85 2091 235 2163 tempore
263 2088 407 2145 Ethelredi
427 2087 504 2162 regis
521 2088 699 2161 anglorum,
724 2088 875 2145 Guthlacus
924 2095 1007 2151 ravit.

54 2187 184 2257 expatre
198 2181 388 2238 Penvaldoab
402 2181 513 2253 origine
526 2183 613 2238 lcetes
629 2181 691 2238 heri
704 2181 875 2238 lterciorum
960 2186 1125 2255 Quondam,
1148 2202 1215 2242 cum
1242 2200 1294 2258 per
1324 2188 1384 2240 tres
1411 2185 1471 2241 dies
1500 2184 1617 2257 incepti
1642 2182 1740 2257 operis

10 2324 16 2341 ,
55 2281 144 2333 matre
172 2291 243 2332 veno
262 2275 343 2332 Tetta
362 2278 445 2331 natus
460 2279 511 2332 est.
531 2275 591 2341 Quo
612 2279 746 2332 nascente
762 2275 874 2333 coeleete
925 2280 1126 2352 desperatione
1141 2279 1305 2347 lassaretur,
1320 2295 1356 2334 en
1369 2278 1592 2335 Bartholomaeus
1604 2277 1678 2333 lidus
1692 2277 1739 2333 ad·

10 2358 16 2427 i
54 2369 221 2443 prodigium
236 2369 607 2442 pupulispalamostensum
620 2369 875 2437 est;manusenim
921 2375 1003 2447 J‘utor
1019 2372 1167 2430 matutinis
1189 2371 1293 2445 vigiliis
1308 2371 1424 2428 instanti
1446 2373 1540 2444 palam
1560 2373 1689 2444 apparet,
1709 2372 1739 2426 et

55 2467 211 2523 anubibus
226 2467 263 2522 ad
277 2482 391 2523 crucem
400 2469 532 2538 porrecta
545 2469 670 2539 estque
683 2471 751 2523 ante
767 2467 874 2522 ostium
925 2467 1074 2542 praeceptis
1106 2465 1302 2538 spiritualibus
1338 2464 1532 2537 trepidantem
1562 2464 1738 2533 confortans,

55 2561 155 2617 domus
170 2560 312 2633 parientis
325 2561 414 2616 Tettae
428 2562 502 2616 stare
518 2560 577 2615 visa
590 2563 642 2617 est.
657 2561 725 2616 Post
738 2566 800 2617 octo
814 2560 875 2616 dies
925 2561 1063 2618 auxilium
1085 2560 1113 2616 ei
1131 2560 1160 2615 in
1182 2559 1314 2615 omnibus
1328 2558 1457 2631 spondet,
1478 2565 1506 2614 et
1521 2558 1550 2613 in
1565 2557 1662 2614 multis
1677 2561 1739 2614 ten·

55 2654 149 2711 imaus
162 2653 338 2727 baptizatur,
355 2659 384 2709 et
403 2653 565 2725 Gntblacus‚
584 2653 613 2709 id
628 2655 671 2710 est
690 2655 874 2719 bellimensis,
925 2655 1078 2712 tationibus
1092 2653 1231 2728 promissa
1244 2669 1294 2708 sua
1307 2652 1428 2709 fideliter
1442 2651 1578 2724 complet.

57 2748 176 2816 atribn,
191 2763 282 2820 quam
290 2746 493 2820 Gntblacingas
507 2747 606 2803 dicunt
623 2747 792 2820 appellatur.
808 2749 875 2803 Post
960 2749 1022 2805 Alia
1033 2748 1087 2817 die,
1101 2748 1157 2804 duo
1167 2748 1310 2803 demones
1319 2746 1349 2801 in
1359 2745 1512 2802 bominum
1523 2745 1618 2818 specie
1625 2745 1660 2801 ad
1670 2761 1739 2801 eum

56 2841 153 2897 mitem
174 2840 340 2913 pueritiam,
365 2840 435 2896 dum
453 2839 653 2897 adolescentiae
671 2842 795 2897 calorem
810 2857 874 2897 sen·
924 2843 1053 2911 veniunt,
1078 2858 1201 2913 eumque
1219 2844 1363 2897 tentantes
1383 2841 1415 2894 ut
1434 2838 1559 2894 nimium
1575 2838 1739 2910 J‘ejunando

58 2935 134 2991 sisset
147 2939 181 2990 et
200 2934 326 2991 beroam
344 2933 427 2990 larba
441 2937 522 3006 gesta
540 2933 754 3004 considerasset,
771 2950 874 3006 aggre·
925 2938 1037 3008 lloysen
1054 2940 1083 2991 et
1101 2935 1202 3003 Etiam,
1224 2934 1350 3006 aliosque
1368 2934 1512 3006 AEgyptios
1531 2936 1626 3005 patres
1648 2932 1741 2988 imita·

10 3036 12 3043 '
58 3029 126 3098 gatis
141 3026 306 3084 satellitum
320 3026 431 3096 turmis,
447 3027 483 3083 ad
498 3043 580 3083 arma
600 3043 630 3084 se
644 3027 791 3096 convertit,
807 3027 873 3082 eibi·
885 3067 912 3143 C
924 3033 1013 3099 retur,
1026 3029 1155 3086 incitant.
1169 3031 1204 3086 at
1217 3028 1264 3084 ille
1278 3027 1400 3100 psallens
1414 3027 1445 3082 in
1459 3029 1658 3099 contemptum
1676 3026 1738 3082 illo-

12 3108 16 3123 '
58 3138 106 3194 que
126 3121 350 3179 adversemium
368 3120 446 3176 villas
466 3124 495 3177 et
513 3120 688 3178 munitiones
704 3122 769 3192 igne
782 3121 872 3177 ferro·
924 3141 990 3179 rum
1003 3121 1150 3179 hordeacei
1163 3122 1244 3194 panis
1256 3122 1395 3194 particula
1408 3121 1483 3176 vesci
1499 3120 1595 3192 coepit.

10 3240 17 3247 ·
58 3231 104 3288 que
128 3216 265 3272 devmtat
279 3219 308 3270 et
320 3214 467 3288 disperdit,
482 3215 684 3288 immensisque
698 3213 812 3286 praediis
827 3213 872 3269 di·
958 3217 1119 3290 Aliquando
1134 3216 1203 3272 dum
1218 3215 1260 3271 vir
1271 3215 1320 3272 bei
1334 3214 1474 3288 privilegii
1489 3214 1622 3286 precibus
1635 3213 1742 3270 intem·

60 3310 152 3383 raptis,
168 3308 288 3366 tertiam
302 3311 416 3382 partem
434 3311 535 3383 sponte
555 3309 601 3364 bis
621 3308 722 3381 quibus
745 3308 873 3364 ablatum
923 3314 1002 3383 peste
1015 3312 1098 3366 nocte
1112 3309 1265 3378 insisteret,
1280 3312 1405 3364 catervas
1420 3308 1587 3364 demonum
1607 3307 1738 3378 undique

60 3407 102 3471 cst,
130 3419 190 3477 pro
221 3418 322 3459 amore
342 3401 395 3458 Dei
419 3403 547 3459 remittit.
575 3401 680 3459 Deinde
707 3401 874 3458 transcursis
922 3404 1035 3477 ingredi
1050 3404 1152 3459 cellam
1166 3418 1249 3458 suam
1262 3402 1349 3459 videt.
1364 3402 1467 3472 Quem,
1478 3401 1574 3473 ligatis
1587 3398 1735 3469 membris,

12 3528 16 3541 ·
61 3511 82 3552 u
97 3495 200 3564 annis,
223 3494 255 3551 in
274 3494 581 3568 quibushostesvalde
596 3494 874 3552 alllixerateesdibus
924 3502 1004 3554 extra
1014 3496 1375 3554 cellamsuamducuntet
1392 3495 1422 3551 in
1443 3510 1587 3550 coeuosam
1602 3493 1738 3566 paludem

61 3596 82 3646 et
97 3591 226 3664 rapinis,
248 3587 427 3646 considerata
448 3590 576 3645 mortalis
594 3589 659 3645 vitas
672 3588 829 3660 fragilitate
845 3594 875 3644 et
923 3592 1110 3663 immergunt.
1126 3589 1231 3646 Deinde
1239 3606 1290 3660 per
1299 3587 1410 3661 paludis
1422 3587 1579 3659 asperrima
1589 3586 1651 3643 loca
1660 3587 1736 3642 inter

63 3686 235 3743 caducarum
263 3699 362 3739 rerum
388 3682 595 3754 instabilitate,
624 3682 740 3739 territus
768 3682 805 3738 ad
832 3698 874 3738 se·
924 3685 1010 3741 densa
1028 3683 1157 3755 veprium
1176 3681 1284 3738 vimina
1302 3683 1459 3753 asportant,
1473 3685 1580 3754 etpost
1598 3679 1738 3736 dilacera·

64 3777 150 3850 ipsum
172 3777 261 3847 redit,
282 3793 379 3850 seque,
394 3792 427 3832 ae
448 3777 472 3832 si
487 3781 610 3832 mortem
624 3792 684 3849 prce
698 3775 786 3831 oculis
799 3775 875 3832 vide·
925 3779 1033 3835 tionem
1046 3776 1245 3832 membrorum
1262 3774 1297 3831 de
1311 3790 1408 3830 eremo
1426 3773 1510 3829 illum
1523 3772 1667 3828 discedere
1683 3772 1736 3827 im·

63 3878 96 3928 ret
108 3871 242 3941 discutit,
259 3874 289 3927 et
302 3868 503 3926 emendatioris
520 3869 587 3925 vitae
600 3869 678 3924 viam
692 3870 813 3941 aggredi
827 3885 873 3924 sa·
923 3875 1033 3944 perant.
1047 3870 1109 3935 Quo
1122 3869 1249 3935 nolente,
1266 3867 1364 3924 ferreis
1379 3883 1447 3923 eum
1467 3865 1563 3938 flagris
1575 3864 1738 3933 verberant,

63 3967 137 4039 tagit.
154 3966 249 4039 lgitur
271 3963 423 4036 complices
441 3978 506 4019 suos
529 3963 676 4035 relinquit,
691 3965 826 4034 parentes
846 3967 875 4019 et
924 3980 971 4032 ac,
990 3966 1054 4036 post
1077 3962 1204 4034 ingentia
1230 3965 1389 4031 tormenta,
1409 3961 1486 4017 inter
1504 3958 1636 4015 nubifera
1653 3957 1740 4030 gelidi

63 4060 180 4129 petriam
200 4057 377 4130 comitesque
397 4056 595 4114 adolescentie
615 4073 673 4112 suae
691 4072 744 4128 pro
764 4055 874 4111 Christo
924 4058 998 4113 aeris
1020 4056 1113 4129 spatia
1140 4054 1315 4123 subvectant,
1341 4054 1466 4127 indeque
1486 4071 1503 4108 a
1529 4050 1742 4125 septentrionali

63 4151 218 4209 contemnit
237 4155 267 4206 et
287 4166 351 4206 xxiv
375 4150 467 4207 aetatis
493 4167 552 4207 sure
570 4166 647 4206 anno
669 4148 874 4206 abrenuntians
925 4152 1010 4222 plaga
1034 4150 1191 4207 innumeris
1210 4150 1375 4206 demonum
1399 4147 1503 4204 turmis
1524 4145 1742 4203 adventantibus

63 4246 151 4303 seculi
165 4245 283 4319 pompis
296 4243 448 4317 Ripadunn
461 4243 668 4299 monasterium
683 4241 763 4311 adiit,
778 4241 874 4314 ibique
925 4260 1016 4316 usque
1037 4243 1072 4299 ad
1089 4244 1199 4298 Tartari
1222 4243 1317 4298 fauces
1339 4242 1460 4299 minant.
1481 4242 1559 4296 Tunc
1577 4240 1740 4308 Gntblacus‚

63 4340 105 4395 sub
128 4337 277 4395 abbatissa
294 4337 410 4392 nomine
429 4336 535 4393 Elldrid
557 4340 704 4392 tonsuram
728 4335 873 4391 habitum·
925 4337 990 4392 visis
1003 4336 1143 4408 gehenne
1152 4336 1253 4408 poenis,
1264 4341 1398 4402 terretur,
1412 4335 1471 4405 sed,
1483 4333 1567 4390 minis
1575 4333 1742 4390 daemonum
1819 4326 1823 4332 ’

15 4468 19 4489 ι
63 4447 110 4503 que
124 4431 287 4488 clericalem
306 4430 440 4501 suscepit.
460 4431 560 4486 Postea
578 4430 613 4485 ab
628 4429 765 4486 ebrietate
779 4429 913 4506 omni-1)
925 4430 1104 4501 contemptis,
1120 4429 1157 4484 ad
1171 4431 1263 4486 Deum
1277 4428 1441 4484 medullitus
1456 4427 1587 4498 suspirat.
1604 4427 1660 4481 Nec
1674 4440 1740 4480 mo·

64 4539 110 4596 que
123 4523 316 4581 lasciviatoto
329 4523 394 4579 nisu
408 4523 569 4584 declinavit,
578 4523 714 4595 omnique
729 4522 874 4579 honestati
923 4540 965 4592 re,
993 4522 1020 4579 S.
1048 4523 1272 4578 Bartholomaeus
1294 4521 1402 4577 caelesti
1423 4521 1485 4576 luce
1509 4518 1675 4591 splendidus
1698 4517 1741 4574 illi

65 4616 232 4690 etreligioni
241 4632 294 4690 pro
309 4616 522 4688 humanoposse
532 4615 652 4672 studuit.
664 4618 716 4672 Per
724 4614 874 4671 biennium
923 4618 1011 4685 adest,
1032 4622 1145 4673 etcum
1167 4631 1273 4688 magna
1299 4615 1395 4687 quiete
1415 4613 1451 4670 ab
1467 4613 1534 4684 ipsis
1546 4610 1676 4667 hostibus
1691 4626 1740 4666 re·

65 4712 140 4767 sacris
152 4710 257 4767 litteris
272 4713 302 4765 et
322 4709 486 4766 monasticis
501 4709 654 4781 disciplinis
676 4708 804 4766 imbutus
819 4711 871 4777 est,
924 4710 989 4766 duci
1010 4709 1046 4765 ad
1061 4710 1209 4782 propriam
1228 4708 1327 4764 sedem
1338 4707 1430 4779 jubet.
1454 4706 1497 4762 llli
1509 4721 1578 4762 vero
1590 4710 1741 4776 gementes

65 4803 104 4859 scd
122 4804 169 4860 tais
188 4807 304 4859 tantum
321 4806 471 4859 contentus
490 4818 549 4859 non
564 4806 616 4858 est.
631 4803 703 4858 Nam
718 4803 874 4858 eremiticae
924 4804 1042 4876 apostoli
1058 4804 1145 4875 jussis
1168 4801 1372 4868 obsecundant,
1407 4805 1436 4856 et
1461 4798 1556 4871 angeli
1585 4797 1741 4871 gaudentes

25 4924 28 4935 =
65 4898 119 4953 rita
136 4896 286 4971 singulare
304 4899 452 4952 certamen
474 4896 602 4970 arripere
622 4899 740 4952 conatus
756 4897 809 4964 est,
826 4895 875 4951 ubi
924 4897 1043 4954 dulciter
1057 4896 1210 4952 eiobviam
1225 4898 1362 4951 cantant:
1388 4893 1471 4948 Ibunt
1489 4894 1576 4948 suncti
1589 4893 1738 4948 deuirtutc

25 4992 29 5013 ²
67 5005 120 5047 cum
133 4992 220 5049 hoste
234 4989 364 5046 cominus
375 4990 499 5046 luctatus
513 4995 564 5047 est.
923 4993 1087 5046 invirtutem
1100 4990 1183 5061 (Psoi.
1199 5004 1313 5058 uxrxrn,
1326 4987 1366 5059 8).

92 5085 203 5158 adepta
222 5084 340 5140 tandem
358 5100 375 5139 a
399 5082 557 5140 senioribus
575 5083 703 5152 licentia,
718 5084 874 5155 aquodam
959 5084 1098 5140 Multoties
1117 5089 1145 5140 et
1167 5082 1264 5139 mullis
1284 5080 1378 5137 modis
1400 5079 1546 5135 daemones
1570 5078 1742 5134 Gntblacum

69 5179 175 5235 nomine
187 5178 371 5234 tatuvinoad
382 5177 515 5246 insulam,
527 5194 592 5251 quae
603 5173 708 5232 dicitur
718 5176 874 5247 Crouland,
924 5183 1031 5234 terrere
1043 5177 1225 5246 nitebantur,
1241 5174 1291 5231 sed
1305 5175 1373 5246 ipse,
1394 5174 1517 5229 llomino
1530 5173 1659 5244 juvante,
1677 5171 1742 5226 illos

70 5271 191 5345 snpbula
206 5269 346 5327 adductus
357 5275 401 5328 est
413 5270 573 5345 piscatoria.
589 5271 640 5327 list
657 5270 688 5326 in
702 5270 873 5327 mediterra-
925 5274 953 5327 et
970 5276 1070 5327 cuncta
1084 5270 1235 5326 molimina
1248 5284 1348 5325 eorum
1367 5266 1569 5323 frustrabatur.
1588 5267 1740 5338 lmparter·

70 5364 119 5422 ucis
130 5365 241 5439 anglia
260 5365 390 5438 pertibus
410 5365 558 5422 immense
573 5364 780 5437 magnitudinis
793 5380 874 5420 acer·
924 5365 995 5420 ritus
1009 5365 1039 5418 in
1053 5364 1191 5420 virtutum
1205 5378 1270 5419 arca
1280 5361 1367 5432 stetit,
1382 5361 1470 5417 duros
1483 5360 1595 5416 labores
1605 5359 1635 5414 iu
1647 5373 1741 5429 agone

70 5458 132 5516 dns
148 5460 249 5533 palus,
271 5475 337 5532 quie
359 5459 507 5516 aGronte
526 5458 652 5515 fluminis
675 5458 744 5531 ripis
765 5458 874 5529 incipit,
925 5456 1051 5529 pertulit,
1072 5456 1283 5528 diabolicosque
1301 5459 1420 5512 conatus
1437 5451 1643 5526 pessumdedit.
1660 5449 1741 5506 Tem·

69 5564 134 5610 tunc
152 5551 275 5626 stagnis,
291 5569 368 5610 nunc
386 5552 501 5622 flactris,
516 5552 663 5609 interdum
678 5552 769 5623 nigris
788 5551 876 5607 latici·
925 5566 996 5622 pore
1009 5549 1149 5607 Coenrodi
1164 5549 1240 5620 regis
1253 5548 1430 5618 llerciomm,
1445 5545 1592 5603 Becelmus
1612 5543 1667 5617 (70)
1683 5543 1741 5601 cle·

93 5724 139 5789 tlt)
152 5725 218 5793 teg.
236 5740 242 5775 :
258 5723 414 5777 usmetum.
427 5723 468 5776 Le
481 5723 625 5777 Puavosr.
