3750 6046
56 104 112 165 88⁹
475 102 629 164 lflSTOth
650 102 914 165 accttstasttca.
930 136 965 150 ·-
978 106 1064 166 PARS
1083 107 1128 166 Ill.
1143 137 1178 151 -
1194 106 1257 166 tta.
1278 107 1335 166 llll.
1687 110 1740 168 870

55 234 220 307 raimondo
231 234 358 307 plurima
372 234 513 306 promisit,
529 238 560 291 ut
574 235 805 308 compendiosius
821 236 877 292 itcr
887 267 917 341 Α
927 237 1126 293 consolationis
1137 235 1345 305 eumvisitavit,
1355 239 1384 291 et
1398 233 1434 291 de
1449 250 1566 292 suorum
1581 236 1658 308 fuga,
1672 252 1739 310 cap·

55 330 98 386 ad
120 329 292 385 andeleium
310 328 363 384 sibi
384 329 556 398 ostenderet,
571 334 621 384 aut
640 346 692 401 pro
708 346 813 402 magna
834 347 877 385 re·
927 337 1049 403 turaque
1066 331 1221 402 plangenti,
1238 331 1377 402 pluraque
1396 329 1560 398 revolventi,
1579 331 1636 387 ait:
1661 353 1674 381 a
1686 333 1740 387 Pro

55 422 263 480 muneratione
286 439 383 479 secum
403 422 470 477 illoc
496 428 638 495 pergeret.
663 423 711 479 llle
737 440 816 493 vero,
841 423 876 479 de
928 425 1069 480 contrario
1085 429 1188 479 eventu
1205 440 1262 478 non
1284 423 1478 479 moestificetur
1498 423 1631 480 dominus
1650 441 1740 496 meos,

55 518 197 574 mercede
213 522 306 573 certus
319 517 438 589 optima,
454 517 604 586 concessit,
620 521 707 589 atque
722 518 877 573 tremulum
928 518 995 590 quia
1011 518 1081 573 tales
1092 522 1158 573 sunt
1170 517 1313 574 bellorum
1330 533 1421 585 casus,
1437 522 1466 573 et
1479 520 1648 590 plemmque
1661 534 1740 575 sum·

53 611 223 684 principem
244 611 411 667 andeleium
435 611 559 680 deduxit,
581 612 631 683 qui
653 611 800 668 metuebat
819 615 877 667 tam
927 612 982 667 mis
1011 612 1204 667 incubuerunt
1228 628 1261 666 aa
1286 611 1483 667 famosissimis
1513 612 1742 685 imperatoribus.

53 706 202 777 praevium
216 704 353 760 viatorem
371 721 407 760 ne
421 704 456 759 ab
476 704 577 760 eodem
598 704 775 776 proderetur,
790 721 876 776 quam
928 707 1051 761 Fortuna
1065 721 1115 761 seu
1136 709 1201 761 rota
1215 704 1359 776 vergibilis
1382 709 1435 761 est.
1452 706 1522 761 Nam
1541 722 1628 778 quem
1648 706 1742 763 subito

54 798 239 855 adversarios
269 799 452 870 insequentes
483 814 520 853 ne
550 798 585 854 ab
618 798 671 854 iltis
696 797 876 855 retineretur.
927 801 1052 868 sustulit,
1068 799 1098 855 in
1112 804 1259 855 momento
1275 799 1382 871 dejicit,
1397 805 1425 856 et
1437 803 1551 855 econtra
1568 802 1742 873 prostratum

55 892 189 964 Denique
214 892 340 948 ruricola
362 892 431 947 dum
452 892 601 963 imperiale
626 891 789 948 satellitium
813 892 876 947 offl-
928 897 958 949 et
974 894 1172 948 conculcatum
1187 908 1238 964 spe
1250 890 1353 948 melius
1367 892 1460 964 erigit.
1476 893 1555 949 Nunc
1569 909 1639 966 ergo
1653 893 1743 949 consi·

55 987 138 1043 ciose
164 987 238 1058 regis
265 1002 416 1042 occurrens
439 985 568 1041 hndcleii
594 986 757 1058 prospexit,
783 986 875 1058 parvi·
913 986 1033 1043 .deratis
1046 986 1150 1057 opibus
1165 985 1271 1054 Galliae,
1285 990 1314 1041 et
1333 985 1480 1041 immensis
1497 986 1604 1042 viribus
1617 986 1742 1043 collectis
1849 1040 1853 1047 .

54 1082 192 1154 pendens
219 1078 358 1152 quidquid
382 1079 577 1135 retributionis
599 1078 698 1135 habuit
721 1079 876 1135 hebetudi-
927 1079 1066 1151 undique,
1091 1080 1252 1151 insurgens,
1273 1079 1309 1134 ad
1333 1080 1494 1151 reparanda
1521 1079 1613 1137 laudis
1638 1083 1742 1137 nostrve

56 1191 191 1247 nemque
206 1190 288 1229 suam
301 1173 494 1229 condemnans
506 1172 630 1229 multum
646 1173 748 1243 doluit,
763 1173 877 1246 cognito
928 1175 1034 1230 damna
1049 1178 1080 1229 et
1099 1174 1247 1247 potentiae,
1263 1172 1378 1229 salubre
1394 1174 1472 1245 quod
1493 1174 1575 1229 edam
1591 1173 1742 1230 consilium
1831 1202 1840 1215 =

56 1269 164 1342 quanti
181 1284 233 1341 per
255 1267 397 1323 inscitiam
419 1267 609 1322 emolumenti
632 1267 722 1323 vinam
744 1267 875 1339 perdide·
927 1267 1033 1340 accipe.
1063 1267 1196 1340 Episcopi
1224 1272 1253 1323 et
1276 1267 1415 1336 comites,
1443 1266 1564 1340 aliaeque
1587 1270 1741 1341 potestates

54 1363 109 1420 rit.
927 1363 1010 1434 regni
1025 1361 1066 1417 tui
1080 1361 1116 1416 ad
1132 1366 1159 1417 te
1171 1360 1351 1429 conveniant,
1366 1364 1396 1416 et
1405 1359 1564 1433 presbyteri
1571 1377 1636 1417 cum
1649 1360 1742 1417 omui·

96 1458 237 1513 ilenricus
251 1473 301 1512 rex
321 1455 456 1512 vexillum
479 1455 612 1511 Ludovici
628 1455 703 1528 regis
717 1455 752 1511 ab
772 1456 878 1512 athleta
925 1455 980 1512 bus
1002 1454 1183 1527 parochianis
1205 1455 1262 1510 suis
1274 1461 1381 1523 tecum,
1397 1470 1454 1526 quo
1473 1454 1602 1526 jusseris,
1618 1458 1694 1524 cant,
1707 1457 1741 1511 ut

54 1551 113 1624 qui
127 1550 290 1607 obtinuerat
300 1549 382 1619 illud,
393 1549 494 1621 viginti
504 1549 609 1604 marcis
622 1549 734 1621 argenti
745 1549 876 1615 redemit,
927 1550 1087 1605 communis
1114 1548 1256 1605 exercitus
1278 1564 1462 1605 communem
1481 1549 1633 1605 vindictam
1655 1564 1741 1621 super

57 1650 89 1702 et
104 1662 158 1717 pro
180 1644 343 1700 testimonio
365 1642 489 1699 victoriae
509 1643 616 1698 coelitus
636 1644 710 1699 date
732 1643 786 1699 sibi
807 1642 875 1698 voti-
885 1651 915 1724 Β
926 1644 1023 1700 hostes
1038 1643 1167 1715 publicos
1179 1641 1342 1699 exerceant!
1355 1643 1415 1713 Ego
1427 1647 1536 1711 autem,
1552 1643 1601 1714 qui
1616 1647 1739 1714 peracte

55 1739 134 1795 nuit.
147 1739 282 1794 Mannum
297 1743 393 1793 autem
404 1736 481 1807 regis
494 1737 523 1791 in
538 1736 694 1792 crastinum
711 1736 738 1791 ei
753 1736 873 1805 remisit,
926 1753 1020 1809 nuper
1034 1736 1212 1810 expeditioni
1227 1752 1286 1791 non
1299 1735 1387 1804 adfui,
1401 1751 1468 1791 cum
1481 1734 1552 1791 meis
1565 1735 1699 1805 interero,
1711 1737 1741 1791 at

54 1850 128 1889 enm
149 1833 215 1889 sella
234 1837 264 1887 et
281 1832 362 1886 freno
383 1833 411 1885 et
434 1830 513 1885 omni
532 1833 680 1903 apparatu,
701 1846 753 1885 ceo
776 1847 877 1903 regem
927 1830 1079 1886 consilium
1094 1833 1124 1885 et
1137 1829 1275 1885 auxilium
1288 1845 1354 1885 cum
1367 1829 1443 1885 salvo
1457 1827 1563 1884 ducatu
1578 1828 1656 1884 vobis
1670 1844 1742 1900 prte-

55 1927 169 1984 decuit.
196 1925 363 1981 Guillelmus
392 1939 507 1995 quoque
533 1924 690 1995 hdelingus
723 1923 875 1979 Guillelmo
925 1924 1011 1980 bebo.
1026 1925 1075 1979 Est
1087 1924 1224 1996 equidem
1238 1922 1310 1979 mihi
1323 1923 1409 1978 firma
1422 1922 1525 1978 domus
1535 1921 1681 1991 Cinctraii,
1692 1922 1742 1979 ubi

57 2020 176 2088 Clitoni,
191 2018 362 2074 consobrino
377 2034 440 2085 suo,
456 2017 635 2089 palefridum,
651 2033 737 2089 quem
757 2017 786 2072 in
801 2017 876 2072 bello
925 2035 973 2073 me
998 2019 1201 2091 prestolantur
1219 2016 1422 2073 Gualchalinus
1444 2017 1480 2073 de
1502 2017 1619 2085 taneio,
1635 2016 1740 2089 aliique

56 2112 155 2187 pridie
167 2112 340 2185 perdiderat,
354 2111 473 2180 remisit,
488 2116 517 2166 et
531 2111 587 2167 alia
602 2128 722 2166 munera
736 2111 876 2167 exsulanti
926 2112 1037 2167 sodales
1050 2110 1190 2181 fidissimi,
1206 2116 1234 2165 et
1254 2110 1326 2166 mihi
1348 2111 1598 2182 circumjacentem
1619 2109 1740 2182 patriam

57 2208 229 2277 necessaria,
249 2205 360 2278 providi
383 2204 520 2275 genitoris
542 2205 687 2272 instinctu,
713 2205 874 2261 destinavit.
925 2211 1044 2262 tuentur
1057 2210 1159 2261 contra
1173 2204 1335 2276 municipes
1351 2203 1469 2259 Britolii.
1488 2204 1544 2259 lllic
1558 2203 1650 2259 securi
1669 2219 1738 2260 con·

56 2304 149 2358 Porro
163 2300 272 2355 vinctos
285 2316 337 2372 per
352 2299 458 2371 oppida
472 2315 520 2353 rex
534 2297 637 2366 divisit,
652 2303 681 2353 ct
702 2299 876 2355 burcardum
926 2299 1122 2372 gregabimur,
1135 2303 1164 2355 et
1176 2299 1243 2354 inde
1259 2298 1416 2365 Britohum,
1429 2297 1506 2369 quod
1519 2297 1549 2353 in
1564 2298 1647 2354 corde
1666 2298 1738 2353 Nor·

58 2413 94 2451 ac
119 2393 268 2450 llerveium
289 2393 324 2449 da
345 2392 472 2461 Gisortis,
489 2393 613 2463 aliosque
632 2391 796 2459 nonnullos,
810 2392 876 2465 quia
925 2394 1050 2450 manniae
1063 2397 1116 2462 est,
1130 2392 1342 2464 aggrediemur.
1355 2391 1435 2457 Quod
1448 2391 1473 2447 si
1487 2391 1613 2447 obtinere
1629 2392 1737 2464 poteri·

56 2489 194 2546 homines
204 2488 353 2559 utriusque
366 2486 443 2558 regis
455 2490 548 2554 erant,
564 2487 684 2542 omnino
699 2486 829 2557 absolvit,
847 2489 877 2542 et
925 2504 999 2557 mus,
1021 2486 1182 2557 Eustochio,
1206 2486 1255 2559 qui
1280 2501 1331 2558 pro
1358 2485 1440 2541 nobis
1465 2485 1660 2541 exheredatus
1685 2489 1738 2555 eat,

56 2584 167 2639 liberos
179 2598 196 2637 a
210 2580 329 2637 vinculis
343 2580 423 2635 abire
435 2581 575 2653 permisit.
592 2580 717 2651 Inclytus
735 2579 825 2635 Guido
841 2580 876 2636 de
925 2581 1167 2648 restaurabimus;
1193 2585 1223 2636 et
1246 2580 1412 2651 Radulphus
1438 2578 1473 2634 de
1496 2579 1628 2649 Cauchis,
1650 2593 1739 2651 nepos

58 2677 247 2732 claromonte
261 2674 434 2745 Rothomagi
451 2674 613 2729 infirmatos
627 2677 678 2741 cst,
690 2676 719 2728 et
734 2672 875 2746 rege,qui
926 2691 1016 2742 meus,
1044 2675 1125 2730 nohis
1147 2674 1321 2745 adherebit,
1347 2690 1412 2730 cum
1437 2673 1546 2729 cunctis
1574 2672 1739 2729 hominibus

57 2770 204 2825 famosum
227 2768 354 2840 pugilem
376 2768 405 2823 in
428 2783 540 2822 carcere
560 2767 699 2837 servabat,
724 2771 874 2836 moerente,
926 2769 984 2825 suis
1006 2770 1036 2823 et
1056 2767 1275 2824 munitionibus.
1298 2771 1360 2839 lpse
1384 2766 1469 2823 fortia
1493 2766 1617 2839 possidet
1636 2770 1738 2836 eastra,

55 2863 210 2920 defunctus
229 2865 280 2917 est.
304 2861 464 2917 Otmundus
480 2852 547 2916 vero
569 2877 696 2932 nequam
716 2860 876 2917 silicernius
925 2862 1054 2918 conchas
1066 2866 1094 2918 et
1109 2861 1276 2930 Toeneium,
1290 2863 1388 2917 Portas
1399 2863 1427 2916 et
1440 2859 1655 2929 archinneium,
1669 2875 1738 2933 pro·

55 2957 169 3013 Arabas
184 2957 326 3027 relegatus
341 2959 392 3025 est,
407 2955 513 3027 ibique,
528 2960 557 3010 ut
571 2959 724 3023 meruerat,
738 2954 876 3026 usquead
926 2956 1042 3028 batique
1063 2957 1184 3012 barones
1208 2957 1321 3027 gestant
1341 2955 1403 3026 ejus
1425 2953 1597 3025 dominium,
1620 2953 1669 3026 qui
1688 2968 1740 3025 per

56 3050 243 3107 concordiam
263 3065 364 3121 regum
387 3047 487 3103 ferreis
502 3047 687 3118 compedibus
707 3051 737 3102 et
758 3024 1020 3122 vinculisCipsum
1042 3051 1136 3106 solum
1157 3049 1498 3121 multiplicitarnostrum
1520 3047 1738 3119 augebuntur·
1790 3108 1794 3123 ι
1831 3106 1835 3115 ,

56 3143 233 3200 constrictus
246 3146 297 3198 est.
312 3142 402 3213 llojus
420 3142 497 3196 enim
510 3141 629 3196 infamia
649 3156 739 3212 usque
759 3141 788 3195 in
809 3142 874 3212 llly·
926 3160 1049 3200 merum.
1065 3144 1112 3199 llis
1125 3144 1262 3200 nimirum
1282 3142 1396 3198 Britolio
1410 3158 1486 3198 nuno
1502 3144 1670 3211 coarctatur,
1687 3156 1739 3197 nac

56 3239 155 3293 ricum
169 3237 347 3306 narrabatur,
362 3236 430 3308 quia
444 3236 521 3290 fures
532 3239 561 3290 et
573 3235 723 3306 praedones
736 3235 773 3290 ad
791 3250 877 3306 exag-
925 3238 1018 3307 nohis,
1033 3238 1101 3309 quia
1115 3254 1172 3292 non
1186 3237 1282 3304 audet,
1296 3252 1374 3291 nunc
1386 3235 1619 3304 adminiculatur,
1632 3250 1667 3289 ne
1682 3237 1740 3289 tota
1855 3234 1858 3238 '

57 3331 221 3405 gerandum
235 3331 315 3385 nefas
333 3330 476 3386 tuebatur.
497 3330 665 3399 Peregrinos
687 3331 716 3383 et
735 3343 877 3400 pauperes
926 3333 1022 3388 statim
1036 3337 1111 3388 terra
1126 3331 1188 3402 ejus
1200 3331 1368 3386 devastetur.
1385 3351 1400 3380 »

57 3425 216 3494 acviduas,
233 3431 261 3480 et
273 3424 399 3479 inermes
420 3424 577 3478 monachos
589 3427 618 3478 et
637 3422 755 3477 clericos
770 3422 874 3494 spolia·
963 3425 1011 3481 llis
1036 3424 1130 3497 itaque
1158 3424 1241 3480 dictis
1262 3423 1437 3480 exhilaratus
1463 3438 1515 3478 rex
1548 3421 1646 3477 omnia
1676 3420 1739 3477 fleri
1812 3440 1815 3445 ·

57 3520 120 3588 bat,
143 3518 297 3590 multisque
319 3517 409 3573 modis
434 3517 577 3572 incessere
603 3533 659 3570 non
683 3515 874 3571 erubescebat.
926 3518 1054 3574 decrevit
1065 3524 1097 3574 ut
1111 3517 1245 3590 praefatus
1259 3517 1341 3572 heros
1353 3515 1516 3571 insinuavit.
1526 3516 1639 3573 Celeres
1652 3514 1740 3586 igitur

57 3616 160 3670 Petrus
171 3613 208 3668 dc
222 3612 334 3681 ldanlia,
350 3611 454 3683 aliique
472 3611 603 3666 nonnulli
617 3609 792 3681 fugientum,
807 3625 874 3681 cog·
925 3613 1087 3670 veredarios
1104 3611 1217 3680 direxit,
1232 3614 1261 3667 et
1274 3611 1398 3666 edictum
1412 3626 1495 3665 suum
1510 3609 1650 3682 episcopis
1661 3624 1739 3665 mau-

58 3707 184 3763 nitioues
210 3723 292 3775 suas,
320 3722 357 3761 ne
381 3709 611 3776 agnoscerentur,
632 3705 825 3775 projecerunt,
847 3707 877 3759 et
927 3707 1012 3763 davit.
1028 3707 1071 3763 lili
1083 3723 1151 3762 vero
1167 3709 1313 3778 gratanter
1326 3704 1353 3759 ei
1366 3707 1535 3776 paruerunt,
1550 3706 1579 3758 et
1591 3701 1737 3774 presbyte-

58 3801 267 3858 insectantibus
280 3800 382 3856 callide
403 3800 479 3855 misti
500 3800 616 3871 signum
636 3797 875 3870 triumphantium
925 3818 971 3858 ros
983 3801 1112 3857 dioecesis
1133 3816 1192 3857 suae
1207 3815 1272 3855 cum
1293 3797 1470 3870 parochianis
1483 3798 1541 3853 suis
1557 3796 1738 3853 anathemate

58 3895 207 3953 vociferati
220 3899 296 3965 sunt,
311 3898 397 3966 atque
416 3891 683 3965 magnanimitatem
698 3890 810 3947 henrici
829 3907 873 3946 ra·
925 3900 1138 3970 percusserunt,
1163 3894 1217 3950 nisi
1240 3894 1316 3967 regis
1341 3893 1371 3948 in
1394 3892 1607 3964 expeditionem
1630 3893 1737 3946 statuto

58 3990 115 4062 gis,
129 3988 385 4060 suorumqueftctis
399 3987 531 4043 laudibus
544 3986 697 4058 praeconati
709 3989 785 4042 suut.
803 3985 875 4041 llod-
925 3996 1054 4062 tempore
1074 3989 1252 4057 festinarent,
1267 3992 1295 4043 et
1315 3987 1382 4043 totis
1399 3986 1506 4043 viribus
1526 3985 1647 4043 rebelles
1667 3984 1737 4040 Nor·

57 4083 159 4140 bertus
172 4083 208 4138 de
220 4082 350 4149 curceio,
361 4081 472 4152 junior,
486 4096 576 4153 usque
594 4080 624 4136 in
639 4080 766 4152 burgum
783 4079 875 4134 Gallos
924 4101 1047 4140 mannos
1064 4087 1250 4156 protererent.

56 4183 227 4250 persecutus
248 4180 301 4245 est,
318 4176 416 4248 ibique
439 4192 456 4231 a
480 4174 687 4244 conviantibus,
703 4190 774 4246 quos
793 4188 873 4229 com·
961 4178 1179 4250 Burgundiones
1199 4193 1268 4249 ergo
1290 4181 1319 4233 et
1336 4174 1533 4242 bituricenses,
1555 4171 1696 4228 Atramici
1709 4176 1739 4228 et

57 4271 206 4328 militones
228 4288 293 4326 ⁸⁰⁰⁵
312 4270 492 4343 opinabatur,
507 4274 634 4325 1816111118
655 4271 707 4324 est·
727 4268 777 4323 Hic
797 4268 874 4323 tolus
925 4274 1111 4340 senonenses,
1126 4271 1260 4327 Parisiaci
1274 4275 1302 4325 ct
1320 4269 1548 4335 Aurelianenses,
1564 4265 1739 4321 Veromandi

57 4366 95 4422 de
110 4365 283 4421 Normannis
305 4370 403 4436 captus
424 4368 477 4435 cst,
498 4380 549 4419 nec
572 4368 604 4419 ut
626 4363 757 4434 ignavus,
772 4362 822 4434 qui
842 4361 873 4418 in
883 4394 913 4467 D
925 4373 953 4424 et
967 4368 1162 4435 Bclvaaenses,
1176 4366 1377 4421 laudunenses
1389 4369 1418 4419 et
1431 4361 1623 4433 Stampenses‚
1634 4359 1739 4431 aliique

56 4459 188 4516 hostium
213 4460 319 4531 oppido
342 4460 456 4515 sclusa
479 4459 577 4514 multis
601 4458 719 4513 vallatus
733 4459 785 4527 est,
801 4459 831 4512 et
844 4456 874 4512 in
924 4463 1028 4534 plures,
1043 4465 1074 4516 ot
1094 4460 1154 4531 lapi
1178 4458 1215 4514 ad
1231 4457 1370 4531 praedam,
1386 4455 1469 4512 avide
1489 4455 1688 4527 perrexerunt,
1708 4457 1739 4508 et

58 4570 174 4611 carcere
188 4560 314 4610 retrusus
330 4560 381 4610 est.
924 4572 988 4612 mox
1002 4560 1034 4611 ut
1049 4555 1083 4610 de
1098 4551 1231 4610 domibus
1245 4551 1304 4607 suis
1317 4550 1423 4622 egressi
1436 4552 1513 4619 sunt,
1528 4546 1631 4603 insuia
1649 4546 1739 4601 etiam

96 4648 289 4704 lnfortunium
304 4649 379 4720 quod
397 4647 482 4704 Gallis
504 4648 535 4702 in
554 4645 727 4703 Narmannia
747 4646 873 4719 contige·
923 4648 1088 4721 regionibus
1100 4662 1203 4720 rapere
1216 4644 1355 4718 quidquid
1369 4645 1502 4715 poterant
1515 4642 1673 4713 caeperunt.
1687 4642 1737 4696 lu·

57 4746 116 4814 rat,
140 4744 226 4815 longe
247 4743 361 4816 lateque
382 4742 558 4813 divulgatum
580 4748 633 4809 est,
649 4746 678 4796 et
699 4757 753 4814 per
774 4757 874 4797 omnes
924 4743 1034 4801 domita
1054 4758 1124 4813 gens
1135 4740 1242 4814 rapinis
1254 4737 1455 4795 insatiabiliter
1471 4735 1609 4803 inhiabat,
1625 4739 1653 4791 et
1666 4733 1736 4790 irre·

58 4837 218 4911 provincias
238 4838 278 4893 cis
299 4837 380 4908 Alpes
398 4853 415 4891 a
433 4836 596 4908 lugentibus
617 4836 674 4891 sive
696 4835 874 4891 subsannau-
924 4843 1057 4893 verenter
1079 4836 1212 4891 ecclesias
1229 4850 1281 4906 per
1299 4833 1354 4888 iter
1368 4830 1516 4903 spoliabat,
1531 4828 1688 4885 monachos
1708 4832 1738 4883 et
1819 4887 1823 4895 ,

56 4932 136 4988 tibus
160 4932 264 5003 passim
290 4930 425 4986 diffusum
454 4935 507 4985 ost.
529 4932 703 5003 arrogantes
725 4930 873 4986 erubesce·
925 4933 1044 4988 clericos
1072 4930 1124 4986 sihi
1153 4929 1359 4984 collimitaneos
1392 4928 1423 4980 ut
1453 4925 1549 4979 hostes
1580 4921 1735 4995 affligebat.

56 5027 141 5096 baut,
165 5032 193 5081 et
217 5041 363 5098 pugnaces
385 5024 434 5096 qui
456 5025 531 5081 bello
554 5025 756 5094 interfuerant,
780 5026 875 5081 varias
925 5024 1089 5096 Principalis
1110 5023 1220 5095 justitia
1247 5021 1324 5076 inter
1352 5019 1524 5075 facinorosos
1549 5016 1629 5072 nulla
1654 5019 1736 5085 erat,

58 5120 309 5191 tergiversationes
334 5125 432 5175 contra
454 5120 616 5175 cavillantes
643 5119 821 5191 querebant,
846 5121 876 5174 et
924 5118 1093 5192 pontificalis
1114 5117 1193 5188 rigor
1212 5115 1253 5170 iti
1274 5118 1342 5170 tunc
1363 5113 1481 5168 omnino
1502 5108 1691 5183 torpescebat,
1709 5111 1739 5166 at

57 5216 172 5271 diversa
184 5214 287 5270 diversi
299 5215 335 5270 ed
349 5215 558 5270 arcuationem
571 5214 614 5268 sui
626 5213 772 5270 dedecoris
791 5227 873 5268 men·
925 5215 1043 5285 impune
1071 5211 1223 5283 qnisquam
1249 5207 1378 5281 agitabat
1405 5206 1480 5280 quod
1508 5204 1605 5261 libitus
1635 5204 1738 5277 cuique

57 5309 141 5365 dacia
154 5309 348 5382 proferebant.
924 5306 1044 5362 fortuitu
1073 5302 1253 5376 suggerebat.
1285 5300 1479 5357 Noviomensis
1512 5297 1680 5371 episcopus,
1711 5301 1740 5353 et

203 5405 272 5460 lllll.
286 5405 437 5460 ludovicus
448 5420 498 5460 reu
509 5404 608 5459 bettum
619 5407 742 5458 rcaooet.
925 5400 1120 5466 laudulensis,
1137 5398 1242 5470 aliique
1256 5396 1353 5469 plures
1366 5395 1396 5450 in
1410 5394 1459 5449 illa
1474 5392 1656 5466 expeditione
1671 5390 1737 5447 fue·

96 5500 255 5556 Ludovicus
282 5515 340 5568 rer,
366 5515 418 5570 pro
439 5515 489 5554 cxn
513 5497 653 5553 militibus
677 5497 777 5567 captis,
804 5509 876 5566 quos
924 5498 1003 5563 runt,
1018 5496 1047 5550 et
1060 5509 1114 5565 pro
1127 5490 1328 5547 malevolentia
1346 5505 1434 5562 quam
1447 5487 1477 5543 in
1491 5487 1672 5543 Narmannos
1685 5484 1736 5539 ha·

57 5597 167 5653 alacres
180 5594 342 5667 liogionem
358 5593 523 5663 adduxerat,
540 5592 637 5662 tristis,
653 5591 777 5648 Parisios
791 5589 875 5661 abiit,
925 5588 1047 5658 hebent,
1059 5587 1121 5645 suis
1134 5602 1224 5644 omne
1239 5584 1327 5642 naias
1340 5578 1669 5657 permiserantssaara
1675 5572 1772 5623 etism

48 5691 152 5759 ibique
163 5688 329 5759 Amamaus,
344 5687 397 5763 qai
408 5687 488 5743 hello
501 5705 561 5745 non
580 5689 768 5763 interfuerat,
783 5689 881 5767 gratia
930 5689 998 5749 loca
1017 5686 1105 5767 quasi
1122 5703 1161 5747 ex
1181 5683 1284 5744 divina
1303 5677 1486 5738 auctoritate
1501 5664 1620 5727 *suan
1641 5664 1797 5713 mnasea-
