3750 6046
57 170 108 228 iii
484 174 641 232 HISTORIA
660 175 928 235 Euctustusltcu.
944 205 978 216 -
992 175 1079 233 Pelas
1097 176 1130 232 ll.
1147 203 1181 217 -·
1196 175 1259 233 LlB.
1281 175 1324 231 lv,
1689 176 1741 235 alt

57 294 154 353 verbis
173 298 228 351 aut
246 297 359 370 seriptis
371 298 545 371 dilucidavit,
560 302 589 356 et
600 300 738 373 perplexa
751 302 875 374 prophe·
888 301 1092 389 Aduleissimo
1116 299 1200 357 corde
1225 301 1375 356 manantes
1399 304 1616 373 prompserunt,
1643 302 1672 357 el
1696 302 1742 356 Ec-

59 395 152 446 arum
173 389 252 447 dicta
270 390 421 449 salubriter
439 393 582 450 enodavit.
598 394 699 450 Omnia
716 396 803 452 verba
819 399 880 470 ejus
930 396 1023 452 clesiae
1035 393 1131 468 pueris
1144 393 1182 450 ad
1198 393 1408 450 concinendum
1423 395 1545 450 Domino
1565 411 1632 450 eum
1645 395 1743 466 hsaph

58 483 138 540 utilia
165 489 268 553 erant,
291 489 320 542 et
344 486 499 544 benevolos
522 487 667 545 auditores
691 489 878 548 edificabant.
929 493 959 545 et
976 490 1077 559 Eman,
1092 488 1184 545 tithan
1201 490 1229 545 et
1244 487 1369 558 idithun,
1383 490 1414 543 et
1430 488 1495 543 liliis
1509 488 1599 544 Chore
1616 488 1740 545 fideliter

58 577 169 634 lloeiles
204 578 339 652 discipuli
370 580 503 653 epistolas
532 582 699 655 typicosque
731 600 880 643 sermones
928 582 1121 639 tradiderunt.

58 670 117 744 ejus
143 671 256 746 scripto
277 674 474 746 retinuerunt;
497 675 601 748 quihus
624 677 733 734 affatim
758 680 880 736 debriati
964 673 1101 741 Nicotaus,
1120 672 1253 728 llichardi
1272 670 1348 727 tertii
1366 670 1445 726 ducis
1463 671 1696 727 Normannorum
1710 671 1741 726 li-

57 781 114 821 nou
130 765 232 822 solum
247 766 302 823 sibi
316 769 364 825 sed
383 775 412 826 et
431 769 494 826 aliis
512 771 610 828 multis
624 788 682 828 nou
702 773 880 830 mediocriter
928 765 992 834 lius,
1015 783 1031 820 ⁸
1053 782 1141 838 Ρῑῑθΐθ
1169 765 1364 821 Fiscfflssissiis
1389 764 1555 832 monachus,
1579 765 1739 820 0oe¹1⁰billffl

57 859 258 931 proiecerunt.
286 863 345 918 lloc
366 862 530 921 duillelmus
554 872 582 920 et
612 867 681 922 Boso
706 883 879 925 successores
928 860 1023 917 Sancti
1040 860 1114 916 Petri
1132 859 1269 931 principis
1288 859 1481 931 apostolorum
1495 858 1525 913 in
1541 857 1675 913 suburbio
1689 858 1743 913 llo·

58 953 118 1024 ejus
131 954 337 1029 multipliciter
352 963 511 1027 senserunt,
526 959 575 1031 qui
589 960 662 1016 tanti
675 960 797 1017 doctoris
811 978 878 1033 syn·
928 953 1109 1025 ihomagensi
1127 953 1186 1009 iere
1202 968 1236 1010 nx
1249 951 1332 1008 annis
1344 951 1428 1022 rexit,
1447 951 1584 1023 miraeque
1597 950 1742 1023 magnitu-

58 1052 193 1119 tegmeta
218 1049 374 1122 insigniter
397 1051 450 1107 sibi
473 1053 641 1122 hauserunt,
665 1058 694 1109 et
719 1054 878 1111 sitientibus
929 1046 1003 1102 dinis
1022 1049 1051 1102 et
1065 1046 1216 1119 elegantiae
1235 1044 1381 1100 basilicam
1401 1044 1495 1116 erepit,
1512 1045 1542 1098 in
1560 1059 1617 1116 qua
1638 1059 1740 1116 eorpus

58 1141 123 1196 iude
142 1142 366 1201 desiderabilem
385 1147 486 1217 potum
505 1146 626 1219 largiter
644 1148 876 1221 propinaverunt,
928 1139 1017 1196 sancti
1043 1140 1170 1197 hudoeni
1194 1138 1321 1210 ejusdem
1345 1137 1423 1193 urhis
1445 1136 1651 1209 archiepiscopi
1674 1151 1739 1191 eum

57 1235 217 1293 bsswlmus
239 1236 360 1295 affabilis
384 1243 413 1295 ct
436 1244 601 1296 mansuetus
623 1245 695 1310 erat,
722 1244 751 1296 et
772 1242 879 1297 eunctis
928 1233 1025 1290 multis
1058 1233 1119 1289 aliis
1146 1234 1311 1288 sanctorum
1342 1230 1469 1303 reliquiis
1500 1229 1661 1302 requiescit.
1687 1229 1741 1286 hlii

58 1329 234 1402 simpliciter
246 1331 490 1404 interrogantibus
501 1334 666 1391 chantative
676 1335 877 1407 respondebat.
928 1344 1040 1401 quoque
1058 1327 1152 1399 plures
1172 1329 1240 1381 tunc
1259 1328 1341 1381 erant
1360 1325 1570 1379 monachorum
1589 1325 1688 1379 Patres
1707 1323 1739 1377 iu

58 1423 276 1495 Inquirentibus
289 1426 389 1481 amicis
403 1426 449 1498 pie
467 1426 555 1483 libros
575 1426 664 1484 edidit
678 1428 760 1484 mirae
772 1428 880 1485 subtili.
927 1421 1067 1490 Naustria,
1089 1436 1212 1493 quorum
1235 1434 1386 1475 numerosa
1411 1417 1565 1490 preterire
1584 1416 1739 1489 compellor

58 1518 122 1572 talis
143 1533 179 1573 aa
200 1519 408 1590 profunditatis
430 1520 465 1576 de
480 1520 628 1593 Trinitate,
646 1522 682 1578 de
701 1523 829 1591 veritate,
843 1522 878 1579 de
928 1515 1110 1583 charismata,
1124 1528 1161 1568 ne
1172 1513 1273 1570 lectori
1288 1515 1408 1584 generet
1425 1510 1573 1567 fastidium
1592 1509 1737 1581 prolixitas

57 1609 147 1666 libero
162 1610 297 1680 arbitrio,
313 1611 349 1670 de
366 1628 433 1668 casu
447 1613 566 1683 diaboli,
582 1617 610 1671 et
630 1631 680 1670 cur
699 1617 773 1671 Deus
790 1616 877 1672 homo
927 1609 1025 1664 nimia·

55 1704 146 1763 iactus
175 1707 231 1761 est.
258 1705 347 1761 Fama
373 1707 520 1779 sapientire
547 1708 631 1780 hujus
663 1709 798 1765 didascali
824 1697 1003 1780 perBllVll.
1025 1714 1185 1771 Aleeender
1205 1715 1235 1768 ll
1252 1725 1336 1784 pepo.
1360 1713 1502 1780 Graeceius
1523 1712 1577 1768 Vll
1593 1725 1679 1783 papa.
1700 1712 1738 1766 ile

56 1800 142 1852 biam
165 1797 342 1855 latinitatem
366 1798 512 1872 divulgata
534 1805 586 1869 est,
608 1805 637 1857 et
658 1807 773 1859 necuere
791 1802 875 1858 bonae
1147 1794 1341 1849 Genomennico
1356 1794 1521 1863 episcopale.

58 1891 206 1962 opinionis
227 1892 290 1964 ejus
315 1892 499 1949 occidentalis
526 1894 647 1951 Ecclesia
671 1895 806 1952 nobiliter
829 1896 875 1951 de·
960 1901 1044 1953 Anno
1065 1897 1101 1952 ab
1124 1895 1326 1953 incarnatione
1348 1894 1462 1949 Domini
1487 1890 1740 1961 meministisne

56 1984 146 2040 briala
168 1989 224 2040 est.
246 1986 351 2058 ingens
369 1985 399 2042 in
417 1986 542 2044 Ecclesia
563 1988 692 2045 Beccensi
714 1987 875 2045 liberalium
926 2008 965 2061 xr,
978 1990 1145 2047 Alexander
1158 2006 1233 2064 papa
1246 1988 1398 2057 secundus,
1415 1989 1569 2060 postquam
1583 1986 1741 2041 Romanam

56 2079 160 2134 artium
173 2083 205 2135 et
221 2095 311 2135 sacrae
326 2079 457 2136 lectionis
470 2080 600 2136 'sedimen
619 2097 670 2153 per
683 2082 876 2138 Lanfrancum
927 2089 956 2141 et
970 2084 1158 2157 apostolicam
1172 2084 1269 2140 sedem
1281 2099 1309 2138 x1
1326 2081 1409 2139 annis
1428 2081 1508 2150 rexit,
1525 2097 1540 2136 e
1556 2079 1665 2135 mundo
1683 2077 1738 2133 mi·
1853 2158 1857 2163 -

56 2173 149 2244 coepit,
166 2175 199 2227 et
212 2188 266 2244 per
284 2173 452 2229 Anselmum
474 2174 626 2246 magnilica
646 2176 743 2245 crevit,
761 2181 791 2231 ut
810 2175 876 2232 iude
927 2178 1028 2252 gravit·
1044 2180 1078 2233 Et
1097 2176 1251 2249 Gregorius
1271 2177 1326 2244 Vll,
1341 2176 1390 2248 qui
1406 2175 1437 2230 in
1455 2174 1626 2246 baptismate
1642 2173 1738 2228 Hilde-

56 2268 153 2336 plures
165 2266 361 2339 procederent
370 2268 479 2340 egregii
489 2269 620 2324 doctores
628 2273 656 2324 et
664 2268 774 2340 providi
782 2273 877 2325 nautae
928 2274 1050 2328 brennus
1064 2271 1155 2326 dictus
1172 2274 1224 2340 esi,
1240 2269 1384 2336 successit,
1399 2271 1429 2323 et
1442 2268 1472 2322 in
1492 2267 1629 2322 cathedra
1641 2265 1738 2337 ponti·

10 2392 12 2399 =
56 2359 270 2432 aespirituales
283 2360 402 2433 aurigae,
413 2361 516 2433 quibus
528 2362 564 2416 ad
575 2362 877 2434 regenduminhuJus
926 2365 1000 2421 iicali
1020 2381 1076 2419 xvir
1096 2365 1180 2420 annis
1199 2363 1283 2419 sedit.
1303 2364 1354 2418 llic
1374 2379 1391 2417 a
1411 2378 1501 2434 puero
1521 2359 1687 2426 monachus,
1709 2357 1740 2413 in

56 2454 152 2509 seculi
165 2454 261 2510 stadio
275 2454 409 2511 diunilus
428 2455 549 2510 habenae
566 2456 725 2511 commissae
745 2460 812 2512 sunt
825 2458 876 2512 Ee·
926 2459 990 2531 lege
1016 2458 1127 2514 Domini
1151 2457 1233 2512 valde
1258 2456 1384 2522 studuit,
1408 2454 1589 2526 multumque
1612 2449 1739 2507 fervidus

57 2547 161 2605 etesiae.
183 2548 229 2604 Sic
248 2563 283 2603 ex
302 2548 378 2603 bono
398 2564 449 2603 usu
469 2547 498 2603 in
517 2553 631 2605 tantum
651 2550 804 2606 Beccenses
820 2566 877 2606 coe·
927 2555 1046 2626 propter
1071 2550 1211 2623 justitiam
1240 2549 1346 2605 multas
1371 2548 1586 2621 persecutiones
1612 2543 1739 2618 pertulit.

58 2641 160 2697 uobitoe
183 2640 286 2697 modiis
307 2641 469 2697 litterarum
488 2646 555 2697 sunt
572 2643 679 2711 dediti,
699 2646 729 2698 et
752 2644 782 2699 in
799 2660 877 2715 quae·
928 2646 1033 2702 Passim
1054 2661 1106 2716 per
1128 2643 1226 2700 orbem
1246 2643 1398 2715 apostolica
1418 2641 1510 2697 edicta
1531 2638 1692 2708 destinavit,
1713 2638 1742 2690 et

57 2734 143 2791 stione
152 2750 206 2791 seu
213 2734 721 2808 prolationesacrorumaenigmalum
729 2736 878 2794 utiliumve
929 2739 1001 2795 nulli
1022 2753 1144 2810 parcens
1163 2737 1323 2793 celestibus
1344 2736 1462 2791 oraculis
1481 2732 1646 2790 terribiliter
1664 2731 1738 2785 into-

59 2843 225 2884 sermouum
243 2827 380 2883 insistunt
394 2828 497 2896 seduli,
509 2834 543 2884 ut
556 2844 632 2900 pene
646 2845 747 2886 omnes
762 2829 878 2887 videan-
929 2832 1003 2900 nuit,
1026 2847 1183 2904 omnesque
1206 2830 1242 2885 ad
1267 2831 1381 2901 nuptias
1402 2829 1479 2900 regis
1504 2825 1627 2882 Sabaoth
1655 2823 1741 2879 minis

59 2926 100 2976 tur
112 2920 295 2994 philosophi,
310 2924 340 2976 et
352 2937 388 2977 ex
401 2922 588 2979 collocutione
604 2939 706 2978 eorum
729 2923 818 2979 etiam
832 2927 881 2996 qui
930 2925 1119 2998 precibusque
1142 2924 1283 2979 invitavit.
1309 2922 1439 2978 Poscenti
1461 2937 1542 2993 papae
1565 2917 1741 2974 venerandus

10 3012 12 3017 '
58 3014 191 3071 ridentur
221 3015 300 3070 inter
325 3030 372 3071 eos
397 3015 531 3084 illiterati,
555 3021 584 3072 et
610 3021 745 3073 vocentur
767 3017 875 3086 rustici,
931 3017 1220 3091 liugoCluniacensis
1235 3015 1461 3071 abbasOdonem
1476 3012 1587 3085 prefati
1601 3011 1742 3066 monaste-

59 3108 166 3179 possini
182 3107 312 3164 ediscere
324 3107 378 3164 sibi
392 3109 542 3165 commoda
554 3115 719 3182 spumantes
734 3065 914 3180 gramma-C
925 3112 962 3167 rii
979 3112 1117 3184 priorem,
1132 3111 1182 3182 qui
1198 3109 1348 3165 [lemensis
1362 3109 1491 3164 Ecclesia
1509 3105 1663 3162 canonicus
1676 3103 1738 3159 iue-

59 3199 111 3256 tici.
136 3200 317 3256 Aiiabilitate
338 3200 436 3257 mutua
457 3205 486 3258 et
504 3203 652 3258 charitatis
673 3202 825 3260 dulcedine
846 3204 875 3258 in
925 3208 980 3274 rut,
995 3221 1061 3259 eum
1074 3203 1135 3259 aliis
1146 3204 1258 3259 idoneis
1270 3202 1416 3258 eoeuobitis
1430 3203 1554 3257 Romam
1567 3196 1723 3254 transmisit
1729 3214 1738 3266 ;

58 3294 169 3349 Domini
184 3294 267 3349 cultu
282 3294 420 3365 gaudent,
439 3300 469 3351 el
488 3295 662 3368 infatigabili
681 3296 830 3369 religione,
847 3302 876 3353 ut
926 3314 997 3370 quos
1012 3314 1089 3371 papa
1103 3297 1207 3353 veluta
1221 3298 1278 3352 ilco
1289 3295 1452 3352 sibimissos
1466 3295 1608 3365 adjutores
1621 3295 1740 3347 ovanter

57 3404 119 3444 vera
140 3388 231 3444 docet
249 3403 298 3443 eos
319 3388 471 3458 sapientia,
491 3389 609 3460 pollent.
626 3390 665 3445 lle
685 3390 874 3462 hospitalitate
925 3392 1057 3465 suscepit.
1073 3391 1202 3448 odonem
1217 3407 1325 3462 nempe
1340 3389 1516 3463 praecipuum
1533 3387 1586 3442 sibi
1607 3384 1738 3441 consilia·

59 3481 242 3538 beccensium
260 3480 437 3537 sufficienter
456 3482 550 3555 eloqui
569 3499 691 3555 nequeo.
704 3484 875 3555 Interrogati
925 3485 1000 3541 rium
1014 3484 1112 3557 elegit,
1127 3490 1156 3540 et
1169 3483 1293 3540 Ostiensi
1308 3483 1438 3539 Ecclesiae
1455 3481 1620 3554 pontificem
1633 3478 1739 3534 consti·

59 3574 283 3647 Burgundiones
301 3580 330 3630 et
348 3574 475 3647 Hispani,
492 3576 597 3647 aliique
616 3577 651 3632 de
669 3576 756 3648 longe
769 3593 820 3632 seu
840 3577 874 3632 de
924 3578 994 3648 tuit3
1005 3579 1085 3649 eujus
1098 3577 1175 3633 sedis
1187 3577 1378 3648 praerogativa
1392 3581 1435 3631 est
1447 3591 1464 3630 a
1474 3577 1603 3631 Romano
1617 3573 1740 3627 electum

57 3685 143 3742 prope
158 3668 351 3724 adventantes
368 3668 572 3741 respondeant,
586 3675 615 3725 et
626 3673 733 3742 quauta
746 3670 875 3742 benigni·
924 3672 1001 3728 clero
1018 3672 1171 3743 suscipere,
1188 3674 1217 3725 et
1231 3686 1333 3741 papam
1345 3668 1524 3725 benedicere.
1539 3667 1613 3721 Alios
1626 3679 1739 3736 quoque

58 3766 111 3818 late
124 3763 163 3818 ab
178 3762 223 3818 eis
238 3761 364 3833 suscepti
382 3761 501 3831 fuerint,
515 3762 576 3818 sine
596 3763 697 3819 fraude
717 3764 873 3835 proterant,
924 3765 1081 3821 monachos
1096 3781 1179 3837 papa,
1197 3768 1284 3835 prout
1302 3763 1373 3818 ratio
1394 3761 1525 3829 dictabat,
1542 3757 1695 3831 promovit,
1711 3761 1740 3811 et

59 3871 164 3928 eosque
178 3856 211 3909 in
232 3853 376 3910 similibus
396 3855 504 3911 imitari
524 3856 584 3912 sine
603 3857 716 3912 llctione
732 3860 873 3929 satagant.
924 3860 1100 3915 diversarum
1118 3857 1300 3913 ecclesiarum
1313 3856 1409 3912 tutelas
1425 3855 1552 3926 digniter
1564 3851 1701 3924 praefecit.

58 3950 148 4005 lanua
171 3947 355 4005 wcensium
380 3952 458 4020 patet
480 3949 559 4004 omni
584 3949 695 4016 viatori,
716 3965 875 4022 eorumque
961 3952 1099 4007 Defuncto
1111 3950 1234 4006 Ernaldo
1246 3952 1497 4007 cenomannorum
1510 3947 1652 4019 episcopo,
1666 3944 1739 4001 Guil-

57 4041 138 4113 panis
158 4041 235 4097 nulli
252 4041 413 4114 denegatur
433 4042 598 4099 charitative
620 4042 738 4115 petenti.
753 4046 787 4099 Et
806 4043 875 4116 quid
923 4046 1026 4103 lelmus
1040 4061 1091 4101 rex
1104 4044 1173 4100 dixit
1191 4043 1322 4100 Samsoni
1341 4042 1487 4115 bajocensi
1502 4040 1648 4112 capellano
1666 4055 1737 4094 suo:

58 4134 188 4206 plurade
206 4133 453 4206 eisdemloquar‘l
466 4137 584 4207 lpsosin
600 4136 682 4192 honis
694 4152 875 4209 perseveran-
926 4139 1151 4197 Cenomanennsis
1177 4140 1347 4209 episcopatus
1378 4138 1453 4193 sedes
1478 4152 1526 4193 suo
1557 4135 1672 4191 eidemq
1701 4138 1740 4189 est

59 4235 98 4282 tes
118 4227 274 4296 custodiat,
289 4230 318 4283 et
335 4228 369 4283 ad
386 4231 500 4300 portum
518 4229 615 4285 salutis
635 4229 793 4287 incolumes
812 4247 875 4303 per·
924 4236 1058 4297 antistite,
1073 4235 1103 4288 in
1116 4248 1181 4303 qua,
1196 4233 1301 4287 uolente
1313 4234 1377 4296 Deo,
1393 4236 1497 4287 tenunc
1508 4231 1568 4286 uolo
1581 4229 1738 4299 subrepere.

60 4321 150 4390 durat,
165 4320 219 4394 qui
231 4321 321 4393 gratis
334 4321 427 4393 caepit,
443 4322 614 4396 peragitque
627 4324 735 4380 bouum
754 4324 832 4397 quod
845 4325 874 4380 in
926 4328 1134 4383 cenomanniae
1152 4328 1255 4381 canina
1272 4326 1350 4381 rabie
1370 4325 1534 4389 dirimeres
1554 4330 1592 4379 est
1613 4324 1739 4392 ventique,

58 4414 256 4471 titcortlwai!
883 4425 950 4505 Det
968 4421 1044 4491 plebs
1066 4420 1123 4490 ejas
1141 4421 1264 4489 {inidmis
1284 4424 1322 4474 est
1340 4435 1447 4490 procae
1472 4422 1497 4473 et
1520 4416 1737 4487 sanguinolenta,

89 4508 247 4564 Gerbertus
261 4508 480 4564 Fontiuellensis
494 4515 525 4564 et
543 4510 682 4566 einardus
703 4511 829 4567 [lirensis
843 4527 875 4566 ac
925 4514 1092 4584 dominisque
1104 4515 1158 4568 suis
1171 4527 1275 4582 reaper
1287 4517 1466 4567 contremeret
1478 4511 1631 4565 rebellionis
1643 4506 1738 4563 eride.

60 4601 208 4657 liurandus
228 4602 432 4672 Troarueusis;
447 4603 530 4676 quasi
549 4606 607 4659 tres
625 4604 712 4660 stellae
730 4605 875 4661 radiantes
924 4608 1093 4678 Pontifieeles
1105 4608 1190 4675 igitur
1203 4606 1322 4661 hebenus
1339 4605 1390 4660 tibi
1401 4604 1508 4659 tradere
1525 4604 1645 4663 decerno,
1661 4615 1739 4670 quem

61 4694 87 4750 in
109 4696 297 4752 firmamento
322 4695 400 4764 coeli,
424 4696 464 4751 sic
490 4697 537 4751 isti
561 4701 619 4753 tres
644 4699 875 4755 archimandritae
925 4719 943 4757 e
954 4703 1073 4772 pueritia
1089 4701 1195 4755 autmoi
1208 4703 1233 4755 et
1246 4701 1339 4755 emaci
1350 4698 1453 4759 sedete,
1469 4703 1494 4751 et
1509 4711 1580 4751 nunc
1596 4697 1669 4750 inter
1682 4709 1738 4749 mo·

61 4788 153 4844 multis
171 4787 266 4844 modis
283 4788 440 4845 rutilabant
451 4789 481 4844 in
496 4806 561 4846 arce
580 4791 700 4847 Adonai.
724 4791 874 4864 Religioue
923 4798 1009 4851 eimm
1030 4797 1108 4866 requi
1125 4797 1178 4850 mei
1194 4806 1317 4865 proceres
1338 4791 1484 4847 sublimare
1506 4789 1636 4845 desidera.
1660 4789 1739 4844 Sam·
1815 4790 1820 4807 '

62 4890 84 4933 u
96 4882 250 4949 charitate,
265 4881 473 4955 multiplicique
487 4884 757 4956 peritiapollebant,
770 4886 875 4941 studio·
925 4906 977 4945 son
996 4888 1145 4962 respondit
1167 4906 1174 4944 ε
1197 4886 1350 4946 Secundum
1369 4885 1543 4955 apostolicam
1564 4883 1739 4938 traditionem

62 4990 112 5043 que
124 4974 232 5030 dirinae
246 4973 418 5030 laudationis
432 4975 460 5031 in
475 4977 582 5048 templo
595 4978 647 5033 liei
660 4979 771 5052 jugiter
784 4979 875 5035 inhia·
925 4989 1029 5053 oportet
1046 4986 1197 5054 episcopum
1217 4979 1478 5052 irreprehensibilem
1498 4993 1560 5033 esse.
1576 4979 1632 5046 lieo
1648 4981 1738 5031 eutem

63 5065 136 5123 hant.
164 5070 244 5124 luter
272 5067 433 5139 praecipuos
458 5076 587 5126 cantores
614 5071 729 5128 seientia
760 5074 875 5129 musicae
924 5079 954 5132 in
972 5078 1045 5132 omni
1060 5080 1118 5132 vitu
1141 5092 1200 5131 mea
1223 5091 1282 5130 suen
1303 5074 1382 5129 ualde
1404 5071 1631 5143 reprehensibilis,
1655 5071 1740 5125 emei-

64 5161 126 5215 utis
138 5161 176 5216 ad
188 5160 398 5218 modulandum
412 5164 536 5220 suaviter
554 5165 639 5237 potiti
651 5169 726 5237 sunt,
743 5168 773 5222 et
790 5167 874 5223 dulci·
926 5172 1027 5240 busque
1048 5172 1144 5227 mentis
1166 5176 1191 5225 et
1210 5169 1328 5240 carpens
1347 5172 1411 5223 ente
1436 5170 1603 5237 conspectam
1624 5166 1739 5219 Deitatis

64 5270 139 5308 sonos
162 5260 264 5310 cantus
282 5254 507 5328 antiphonarum
525 5263 611 5331 atque
625 5261 875 5331 responsoriorum
924 5279 982 5319 sum
1003 5264 1127 5332 pollutus
1148 5264 1272 5332 drrqitiis,
1293 5266 1462 5317 nectentem
1481 5260 1561 5315 decus
1583 5261 1740 5326 eontineere

64 5345 224 5403 ediderunt.
238 5347 278 5404 lle
300 5363 414 5404 summo
433 5351 521 5423 Rege,
540 5353 759 5424 quemlaudant
776 5355 876 5410 cheru·
922 5358 1049 5429 possem,
1074 5374 1125 5428 pro
1147 5357 1288 5412 sceleribus
1312 5359 1377 5412 meh
1401 5357 1482 5410 mber
1504 5359 1530 5409 et
1556 5352 1738 5423 despicabilis.

63 5436 115 5495 him
132 5445 164 5497 et
177 5438 327 5512 seraphim
346 5445 482 5499 alumnis
498 5445 600 5501 militia
618 5447 769 5517 eoelorum;
787 5449 875 5504 dein·
924 5453 982 5505 ilex
997 5450 1085 5506 dixit:
1101 5450 1223 5507 Callidus
1243 5465 1269 5506 es
1286 5455 1312 5506 et
1325 5449 1519 5521 perspicaciter
1531 5447 1606 5501 uides
1619 5445 1693 5517 qnod
1708 5450 1738 5499 tn

64 5534 133 5588 tacta
148 5533 264 5605 Virgine
277 5536 376 5606 ilaris,
397 5554 461 5610 qum
479 5539 562 5595 uobis
579 5542 690 5614 peperit
703 5542 875 5599 salvatorem
924 5546 976 5600 rite
995 5550 1163 5616 peccatorem
1184 5551 1208 5600 le
1229 5546 1351 5616 conpleri
1370 5543 1458 5599 debes.
1480 5543 1577 5596 Febrem
1597 5545 1686 5595 temen
1710 5541 1738 5593 iu

63 5627 227 5683 seculorum
236 5644 246 5698 ;
261 5628 296 5687 de
312 5632 423 5704 augelis
441 5636 469 5689 et
487 5634 621 5706 apostolis
640 5653 672 5692 ac
685 5637 872 5710 martyribus3
926 5645 951 5693 te
971 5642 1059 5695 statui
1077 5642 1248 5704 sententiam,
1268 5655 1315 5694 trec
1337 5656 1355 5692 e
1379 5643 1404 5693 te
1423 5640 1559 5693 statutum
1577 5634 1735 5693 cotarellum,

63 5717 94 5775 de
108 5720 317 5783 comessoribus
335 5742 368 5784 ac
387 5725 546 5801 uirginibus
563 5729 713 5790 mellitluas
726 5731 825 5791 leudes
839 5748 874 5791 er
924 5736 993 5807 quin
1017 5736 1200 5808 episcopatem
1220 5735 1364 5808 suscipies,
1384 5736 1432 5789 eut
1454 5733 1552 5795 retium,
1574 5732 1692 5801 quipse
1713 5732 1738 5781 te
