3750 6046
148 184 200 241 tlt
829 198 989 257 nubuntur
1008 198 1138 257 virtuts
1776 200 1826 256 22⁰

149 313 353 384 angustorum.
365 316 442 373 Tunc
458 318 525 374 luna
542 319 671 393 eclipsim
692 338 792 378 mense
810 324 894 379 lunio
912 339 964 395 per
973 334 1110 408 Asenem
1128 325 1157 378 et
1173 319 1351 394 religiosum,
1373 318 1532 393 elegerunt.
1552 320 1601 377 llic
1619 320 1728 377 diutina
1746 321 1828 378 intir-
1868 346 1874 379 z

150 404 213 462 dics
229 423 297 464 xvru
317 424 400 481 passa
419 418 472 482 est,
493 417 522 469 et
538 413 676 470 mirabilis
695 417 850 472 mortalitas
868 424 964 474 secuta
1013 416 1110 471 mitata
1125 415 1257 471 detentus
1275 418 1326 484 cst,
1342 420 1371 470 ct
1390 415 1541 488 episcopos
1560 432 1604 470 ιιι
1623 414 1775 471 ordinarit.
1788 415 1827 473 td

151 503 203 554 est.
220 503 356 559 Parentes
371 512 399 559 et
412 504 463 561 lilii
477 506 538 563 bini
552 508 595 563 rel
614 509 689 563 terni
707 510 741 565 ad
762 511 891 581 sepulcra
909 511 962 566 du·
1014 511 1131 565 Beatum
1153 510 1270 564 Petrum
1287 508 1448 579 apostolum
1467 525 1484 563 x
1504 508 1566 564 liat.
1591 507 1719 564 Octobris
1737 509 1828 581 sepul·

149 593 297 651 cebantnr.
313 598 389 654 Tunc
407 599 496 672 legati
514 601 674 673 apostolicae
695 602 767 658 sedis
781 603 816 658 ab
837 605 962 675 impera·
1013 607 1058 657 tus
1071 607 1121 657 est.
1136 603 1171 656 ut
1188 601 1307 656 cessavit
1325 600 1504 672 episcopatus
1518 601 1664 657 mensibus
1685 619 1714 670 n,
1728 601 1827 660 dicbus

149 687 259 743 turibus
279 690 308 745 in
329 692 398 747 urbe
418 693 497 765 regia
515 693 671 751 honorifice
690 696 813 768 suscepti
834 701 916 765 sunt,
936 704 964 752 et
1013 711 1088 750 xxm.

150 798 181 836 cu
199 783 346 856 episcopos
366 785 549 841 orientalium
568 788 691 858 partium
712 789 747 844 ad
769 789 963 846 disserendam
1049 787 1161 859 Sergius
1174 789 1270 859 Syrus,
1285 804 1320 842 ex
1333 786 1493 854 Antiochia,
1514 787 1549 843 de
1565 791 1645 859 patro
1659 787 1784 859 Tiberio,
1798 788 1826 844 in

150 875 237 930 fidem
261 878 427 933 catholicam
448 880 476 935 in
496 880 606 951 synodo
625 883 751 953 generali
772 899 961 957 congregare·
1013 882 1154 936 Panormo
1178 881 1289 944 Siciliae,
1316 879 1389 936 sedit
1411 879 1494 935 annis
1516 896 1575 947 xm,
1601 880 1747 936 mensibus
1772 898 1826 951 rm,

151 973 226 1024 runt.
247 970 287 1024 lbi
308 971 444 1043 Georgius
463 974 791 1046 Constantinopolitanus
809 977 845 1032 ab
860 976 963 1033 haeresi
1013 973 1112 1028 diebus
1128 990 1203 1042 xxm,
1219 980 1350 1046 tempore
1369 970 1521 1028 iustiniani
1537 974 1670 1045 Augusti,
1688 973 1742 1028 filii
1753 977 1826 1029 Con·

150 1062 294 1118 convictus
315 1063 430 1135 quierit.
453 1066 584 1122 Pertinax
604 1084 671 1122 vero
689 1069 845 1125 Macharius
865 1071 961 1126 Antio·
1013 1067 1139 1122 stantini.
1154 1067 1290 1123 Defuncto
1309 1068 1423 1122 Conone
1441 1082 1523 1138 papa,
1539 1082 1604 1138 pars
1624 1066 1723 1138 populi
1742 1067 1828 1141 elegit

151 1154 258 1209 chenus
271 1172 337 1211 cnm
356 1157 413 1212 suis
425 1159 594 1231 sequacibus
613 1161 744 1216 damnari
762 1163 879 1232 meruit3
896 1180 963 1218 nam
1012 1160 1193 1219 Theodorum
1210 1159 1501 1232 archipresbyterum.
1517 1176 1584 1231 pars
1599 1160 1689 1215 altera
1706 1161 1828 1217 Pascha·

151 1249 278 1319 generali
288 1249 395 1321 judicio
406 1251 553 1323 depositus
563 1256 607 1309 est
617 1258 645 1309 et
655 1254 685 1308 in
697 1255 829 1310 exsilium
842 1257 964 1312 Romam
1014 1254 1069 1308 lem
1080 1252 1320 1308 archidiaconem.
1332 1251 1387 1309 Sed
1398 1251 1468 1306 dum
1482 1252 1570 1307 nimia
1583 1252 1721 1308 dissensio
1733 1253 1827 1323 fieret,

151 1340 274 1396 directus
299 1349 351 1398 ost.
378 1345 582 1418 Theophanios
605 1363 671 1403 vero
697 1348 785 1404 abbas
808 1348 843 1403 de
871 1349 964 1405 insula
1014 1345 1127 1417 Sergius
1147 1362 1164 1401 a
1181 1347 1256 1400 clero
1278 1345 1384 1401 electus
1404 1349 1456 1400 est.
1480 1344 1619 1400 Paschalis
1640 1361 1707 1400 sero
1728 1345 1828 1402 ioanni

150 1433 286 1490 Siciliensi
301 1438 467 1493 constitutus
484 1443 536 1494 est.
553 1441 664 1513 Agatho
681 1459 757 1513 papa
772 1458 836 1498 xvm
855 1444 963 1515 episco·
1013 1438 1141 1495 Plautino
1165 1438 1287 1494 exarcho
1311 1438 1386 1494 clam
1413 1438 1538 1510 pretinm
1567 1437 1657 1508 dedit,
1683 1455 1736 1511 per
1761 1455 1828 1496 enm

150 1544 202 1599 pos
217 1531 400 1587 consecravit.
420 1532 467 1588 llic
487 1549 512 1587 ιι
531 1533 594 1589 Idus
609 1535 733 1589 tannarii
751 1536 826 1607 apud
845 1538 964 1591 Beatum
1013 1531 1153 1588 violenter
1173 1536 1311 1604 papatum
1337 1532 1472 1587 invadere
1501 1532 1609 1600 rolens,
1633 1531 1684 1587 sed
1708 1531 1826 1589 lrustrs.

149 1621 265 1676 Petrum
277 1624 438 1695 apostolum
456 1629 583 1698 sepultus
600 1633 652 1683 est.
670 1630 704 1684 Et
717 1629 837 1684 cessarit
856 1629 963 1702 episco·
1013 1626 1074 1679 Non
1096 1626 1185 1680 multo
1208 1630 1287 1697 post,
1315 1641 1367 1696 pro
1393 1623 1562 1696 quibusdam
1586 1625 1828 1681 incmlalionibus

43 1722 46 1727 ’
150 1716 234 1784 patus
247 1732 321 1771 anno
337 1734 356 1783 1,
373 1719 517 1774 mensibus
531 1736 578 1787 vu,
595 1720 695 1776 diebus
709 1738 736 1776 v.
973 1699 1001 1771 Β
1013 1719 1116 1789 quibus
1137 1718 1305 1785 inhaerebat,
1318 1717 1353 1772 ab
1366 1716 1595 1773 archidiaconatu
1606 1718 1713 1788 ciectus
1729 1721 1782 1786 est,
1798 1723 1827 1773 ct

180 1808 266 1863 xxix.
280 1811 426 1880 Sequentia
438 1816 618 1869 Romanorum
630 1817 789 1884 pontificum
801 1817 929 1872 historia.
1012 1819 1076 1885 post
1089 1811 1320 1884 quinquennium
1333 1810 1513 1883 impoenitens
1530 1815 1659 1866 mortuus
1673 1815 1726 1866 cst.
1742 1811 1827 1866 lusti·

186 1900 359 1973 Leojunior,
373 1905 488 1961 natione
506 1906 626 1976 Siculus,
645 1906 681 1962 de
703 1914 783 1979 patre
803 1909 897 1977 Paulo,
916 1926 961 1963 sc·
1011 1907 1114 1962 nianns
1138 1904 1295 1976 imperator
1322 1904 1475 1959 concilium
1503 1903 1534 1959 in
1560 1903 1630 1958 urhe
1656 1904 1739 1976 regia
1765 1904 1829 1960 lieri

151 1993 193 2049 dit
210 1995 356 2051 mensibus
376 2015 402 2065 x,
422 1998 521 2054 diebus
536 2015 600 2056 xvu.
623 2001 671 2056 llic
691 2002 814 2056 multum
833 2002 888 2057 luit
907 2003 964 2057 elo·
1008 1999 1102 2072 jussit,
1131 1998 1217 2069 quod,
1240 1997 1382 2069 imperiali
1408 2013 1496 2052 manu
1521 1996 1680 2066 firmatum,
1705 1997 1828 2053 Romam

148 2102 250 2158 quens,
274 2087 303 2143 in
325 2089 428 2145 divinis
451 2091 601 2164 Scriptnris
623 2093 791 2164 instructus,
815 2095 910 2150 Graeca
934 2098 964 2150 et
1012 2092 1109 2164 Sergio
1122 2106 1204 2163 papas
1217 2106 1269 2162 per
1283 2090 1416 2162 Sergium
1430 2089 1648 2162 magistrianum
1663 2090 1752 2146 misit.
1772 2090 1829 2146 Sed

150 2180 248 2236 Latina
259 2181 357 2254 lingua
372 2184 510 2255 eruditus,
526 2186 666 2242 cantilena
678 2191 707 2243 ct
720 2189 881 2259 psalmodia
892 2204 963 2260 pras·
1012 2185 1071 2253 illc,
1090 2184 1157 2257 quia
1177 2183 1310 2256 quaedam
1331 2184 1471 2239 contraria
1490 2182 1680 2239 ecclesiastico
1699 2183 1829 2256 dogmati

150 2272 259 2346 ciphos,
280 2279 309 2331 et
322 2276 353 2331 in
366 2278 475 2333 cunctis
496 2279 630 2351 operibus
648 2281 731 2336 bonis
753 2282 876 2337 multum
895 2287 963 2337 stre·
1012 2277 1118 2333 ibidem
1131 2277 1238 2333 inserta
1256 2281 1346 2344 erant,
1366 2276 1542 2332 subscribere
1557 2276 1651 2332 noluit
1660 2294 1669 2348 ;
1684 2275 1751 2333 inde
1767 2283 1829 2333 tur·

149 2382 232 2422 nnus.
251 2370 364 2424 Sextum
386 2371 525 2442 synodum
541 2372 617 2428 intra
634 2374 770 2445 palatium
784 2375 962 2431 Constantini
1011 2371 1089 2427 butio
1104 2386 1209 2442 magna
1221 2373 1283 2425 orta
1297 2375 1350 2426 est.
1366 2369 1517 2425 Zacharias
1530 2369 1610 2425 enim
1628 2371 1828 2443 protospatha-

149 2460 278 2531 Augusti,
293 2462 371 2533 quod
384 2464 495 2519 Trullus
507 2466 676 2537 appellatur,
687 2467 859 2524 celebratam
873 2484 964 2523 susce·
1012 2465 1071 2521 rius
1085 2464 1120 2519 ab
1137 2466 1264 2536 Augusto
1285 2464 1406 2519 Romam
1429 2463 1531 2518 missus
1552 2466 1595 2518 est
1616 2467 1649 2518 ut
1666 2464 1830 2536 pontificem

148 2553 202 2624 pit,
217 2557 246 2608 et
258 2554 294 2609 de
311 2555 409 2611 Groeeo
422 2557 452 2611 in
466 2557 597 2613 Latinum
617 2559 820 2615 studiosissime
837 2564 962 2616 transtu·
1013 2557 1270 2630 comprehenderet
1295 2561 1324 2612 et
1347 2555 1627 2629 Constantinopolim
1651 2556 1828 2629 deportaret.

148 2645 191 2701 lit.
206 2647 283 2701 Tunc
297 2664 342 2703 ιιι
360 2648 407 2704 die
428 2650 532 2705 mensis
549 2651 662 2723 Aprilis,
682 2652 838 2709 indictione
856 2670 884 2710 ιι
900 2661 963 2725 post
1013 2652 1127 2719 Verum,
1148 2652 1202 2705 ileo
1221 2649 1373 2719 excitante,
1388 2650 1535 2705 Ravennas
1555 2650 1658 2705 militia
1679 2655 1708 2705 ot
1728 2652 1830 2706 Penta-

148 2755 260 2794 coenam
287 2741 412 2809 bomini,
433 2743 501 2797 luna
520 2744 665 2815 ecclipsim
687 2746 814 2817 pertulit,
838 2752 867 2802 ot
891 2763 963 2818 pene
1013 2744 1264 2816 politanillomam
1277 2746 1481 2810 convenerunt,
1498 2749 1635 2815 otpertus
1654 2742 1778 2799 civitatis
1798 2749 1831 2799 ut

149 2835 209 2888 tola
232 2839 315 2889 nocte
334 2833 365 2888 iu
386 2835 545 2906 sanguineo
567 2838 645 2894 vultu
668 2838 830 2907 elaboravit,
852 2845 881 2894 et
900 2846 964 2912 post
1013 2837 1176 2893 Zachariam
1187 2836 1350 2892 occiderent
1368 2835 1541 2891 clauserunt.
1557 2837 1618 2908 lpse
1636 2853 1702 2892 reru
1720 2845 1828 2892 tremc-

150 2925 345 2996 gallicantum
364 2928 502 3001 paulatim
522 2930 689 3002 elimpidare
707 2933 799 3004 coepit.
815 2934 870 2988 Leo
888 2951 964 3005 papa
1013 2929 1128 2985 bundus
1145 2930 1174 2984 in
1195 2928 1358 2984 cubiculum
1378 2928 1518 3000 pontilicis
1534 2929 1618 3001 fugit,
1633 2933 1662 2985 et
1681 2929 1734 2984 sub
1756 2931 1830 2986 lecto

149 3034 214 3073 xxm
234 3019 380 3092 episcopos
400 3021 552 3078 ordinavit.
569 3024 675 3079 Deinde
697 3041 714 3080 v
734 3025 824 3080 Nonas
842 3026 907 3081 tulii
927 3025 962 3080 ad
1013 3040 1065 3095 pro
1090 3025 1192 3078 timore
1214 3023 1315 3078 mortis
1339 3021 1522 3077 meticulosus
1548 3021 1673 3077 delituit.
1699 3022 1829 3096 Cumque

149 3111 267 3166 Beatum
287 3115 402 3169 Petrum
419 3115 582 3187 apostolum
601 3117 728 3189 sepultus
748 3124 800 3174 est.
822 3120 856 3173 Et
874 3135 961 3174 cessa·
1014 3118 1155 3172 llarennae
1169 3116 1308 3170 exercitus
1327 3131 1380 3186 per
1397 3117 1513 3186 portam
1527 3115 1605 3170 Beati
1621 3115 1696 3171 Petri
1707 3117 1830 3189 apostoli

148 3203 189 3258 vit
202 3205 382 3279 episcopatus
394 3208 538 3264 mensibus
551 3227 588 3278 xr,
601 3210 702 3266 dicbus
715 3228 779 3267 xxu.
1011 3226 1075 3265 cum
1096 3209 1183 3264 armis
1200 3209 1229 3263 in
1244 3209 1436 3263 lateranense
1454 3206 1631 3280 episcopium
1648 3208 1784 3277 venisset,
1802 3215 1831 3264 et

185 3298 353 3355 Benedictus
375 3300 477 3372 junior
499 3303 654 3371 Romanus,
678 3304 714 3359 de
739 3307 817 3376 patre
842 3306 960 3371 Jounne,
1010 3304 1085 3358 loros
1104 3301 1278 3373 patriarchii,
1295 3317 1360 3372 quae
1380 3300 1483 3358 clausae
1502 3307 1591 3372 eruut,
1608 3299 1663 3357 nisi
1682 3303 1830 3375 aperiren-

148 3391 389 3462 sedittmcnsibus
406 3411 432 3465 x,
456 3395 556 3452 diebus
575 3413 623 3452 xu.
646 3397 694 3452 llio
714 3397 749 3452 ab
768 3397 890 3454 infantia
910 3400 961 3453 Ec-
1010 3402 1072 3463 tur,
1099 3395 1128 3450 in
1152 3400 1260 3449 terram
1286 3393 1401 3450 mittere
1428 3394 1603 3463 minaretur,
1627 3394 1727 3450 beatus
1755 3411 1830 3467 papa

147 3484 239 3540 clesite
254 3486 386 3543 militarit
398 3492 428 3544 et
439 3487 523 3544 bonis
540 3490 675 3563 operibns
689 3490 806 3546 studuit.
822 3493 960 3562 Tempore
1011 3504 1151 3560 egressus,
1166 3487 1269 3543 milites
1289 3492 1316 3542 et
1333 3487 1481 3558 populum,
1497 3487 1546 3559 qui
1565 3503 1617 3559 pro
1631 3487 1680 3544 illo
1694 3504 1828 3544 cucurre-

147 3579 299 3634 Justiniani
318 3586 347 3636 et
364 3582 485 3638 Heraclii
500 3583 608 3640 iloruit.
628 3586 706 3640 Tunc
724 3585 793 3640 luna
814 3585 889 3640 velut
909 3584 960 3639 sub
1010 3586 1085 3650 rant,
1106 3579 1262 3637 honorifice
1282 3579 1414 3652 suscepit,
1439 3580 1562 3651 datoque
1582 3580 1661 3636 suavi
1680 3597 1828 3654 responso,

147 3671 223 3728 nube
238 3673 356 3730 omnino
375 3675 545 3732 obumbrata
563 3680 606 3732 est
622 3677 691 3732 coelo
709 3693 808 3734 sereno
826 3677 856 3732 in
874 3677 961 3732 Theo·
1011 3692 1111 3735 eorum
1128 3674 1217 3731 corda
1235 3673 1335 3729 linivit.
1356 3673 1399 3728 lili
1417 3676 1526 3741 autem,
1540 3674 1600 3729 zelo
1614 3673 1665 3729 bei
1686 3678 1715 3730 et
1731 3691 1829 3730 aurore

146 3765 262 3837 phania.
286 3767 437 3824 Februario
457 3774 553 3825 aulem
573 3770 604 3824 in
629 3770 674 3825 die
696 3771 777 3826 stella
798 3770 834 3826 ab
860 3786 961 3826 occasu
1011 3769 1148 3842 praesulis
1164 3767 1283 3835 accensi,
1299 3766 1494 3837 epatriarchii
1509 3765 1638 3822 custodia
1651 3782 1710 3823 non
1733 3785 1827 3824 reces-

147 3860 225 3928 oriit,
241 3865 269 3915 et
284 3860 313 3915 in
334 3865 429 3932 partes
449 3862 571 3918 Orientis
591 3862 754 3919 declinarit.
769 3866 833 3919 Post
851 3863 913 3919 haec
931 3864 961 3919 in
1010 3867 1117 3930 serunt,
1130 3877 1280 3934 quousque
1290 3858 1508 3915 denominatum
1519 3860 1698 3931 spatharium
1709 3877 1776 3916 cnm
1788 3861 1830 3917 in-

146 3953 245 4008 blartio
264 3970 347 4009 mons
362 3954 478 4010 Bruuius
493 3956 522 4010 in
538 3956 693 4027 Campania
706 3973 757 4027 per
771 3956 832 4012 dies
846 3973 863 4011 x
879 3973 959 4011 eruc·
1007 3955 1090 4027 iuriis
1104 3955 1139 4010 ab
1152 3954 1223 4009 urbe
1237 3953 1422 4024 depellerent.
1438 3954 1524 4009 Porro
1538 3953 1571 4022 is,
1587 3952 1637 4024 qui
1650 3953 1734 4008 illum
1748 3955 1828 4010 mise·

146 4046 225 4114 tavit,
247 4049 276 4101 et
294 4046 392 4102 omnia
411 4046 503 4102 vicina
524 4064 583 4119 pras
603 4048 699 4103 cinere
720 4048 807 4119 ipsius
825 4049 959 4104 extermi-
1009 4054 1065 4117 rat,
1076 4048 1138 4119 ipso
1149 4046 1319 4118 intempore
1330 4045 1449 4101 homino
1459 4046 1724 4118 retribuente,jure
1737 4063 1829 4120 regno

40 4172 43 4177 -
148 4141 214 4192 nata
236 4141 312 4193 suut.
335 4140 469 4195 Praelatus
488 4157 564 4212 papa
584 4157 622 4197 ru
643 4141 790 4214 episcopos
809 4140 960 4212 ordinavit,
1011 4142 1136 4214 privatus
1151 4143 1203 4211 cst,
1220 4143 1249 4197 et
1261 4139 1385 4195 Ecclesia
1399 4139 1449 4195 bei
1461 4154 1527 4194 cunr
1543 4155 1594 4194 suo
1611 4139 1734 4211 praesule
1752 4140 1830 4196 iuco-

148 4236 176 4286 et
197 4231 257 4303 ipsc
277 4249 323 4288 rur
344 4233 408 4289 idus
426 4234 490 4289 ltaii
504 4234 540 4290 ad
559 4235 678 4290 Beatum
694 4237 809 4291 Petrum
833 4237 961 4307 sepultus
1010 4235 1107 4304 tumis,
1121 4233 1231 4292 Christo
1243 4233 1364 4300 favente,
1376 4237 1541 4289 conservata
1555 4236 1607 4288 cst.
1622 4231 1741 4304 Sergius
1753 4250 1830 4306 papa

147 4329 197 4380 est.
227 4327 262 4381 Et
289 4326 407 4382 cessarit
443 4328 624 4401 episcopatus
658 4328 805 4384 mensibus
834 4345 866 4398 ιι,
898 4328 959 4384 die·
1010 4329 1040 4382 in
1058 4327 1179 4383 sacrario
1193 4326 1287 4382 Sancti
1299 4325 1376 4381 Petri
1389 4325 1418 4380 in
1434 4342 1517 4397 capsa
1532 4329 1671 4397 argentea
1688 4342 1829 4399 magnam

146 4418 200 4474 bus
212 4436 259 4475 xv.
970 4421 1174 4494 Dpurtionem
1189 4425 1294 4474 sanctae
1307 4419 1416 4487 Crucis,
1432 4420 1488 4474 bec
1507 4420 1697 4486 monstrante,
1711 4419 1828 4491 reperit,

181 4514 303 4569 loannes
320 4514 417 4586 Syrus,
439 4515 475 4570 de
498 4514 653 4584 Antiochia,
675 4532 710 4572 ex
730 4519 811 4588 patre
831 4516 959 4588 Cyriaco,
1011 4519 1040 4570 et
1061 4514 1091 4569 io
1110 4514 1155 4569 die
1177 4511 1363 4568 Exaltationis
1386 4511 1553 4583 ejusdema
1578 4511 1686 4582 populo
1708 4511 1831 4585 singulis

146 4608 219 4663 sedit
232 4624 307 4664 anno
319 4625 338 4676 1,
353 4607 451 4665 diebus
465 4625 504 4677 ιι,
522 4612 652 4681 tempure
664 4609 817 4666 iustiniani
831 4608 960 4681 Augusti.
1012 4608 1095 4663 annis
1109 4606 1222 4663 adorari
1237 4605 1393 4661 constitnit.
1412 4604 1460 4660 llic
1478 4603 1681 4660 confractionis
1699 4609 1830 4677 tempore

146 4701 196 4756 llic
216 4701 285 4757 dnm
307 4708 382 4758 esset
404 4702 550 4772 diaconus,
575 4703 610 4759 ab
632 4703 782 4775 Agathone
801 4719 877 4774 papa
895 4718 961 4757 cum
1013 4700 1151 4757 buminiri
1166 4698 1303 4772 corporis,
1317 4700 1415 4769 Agnus
1430 4700 1480 4752 Dei
1492 4714 1509 4752 a
1521 4698 1596 4752 clerc
1614 4702 1643 4753 et
1662 4698 1770 4769 populo
1789 4703 1831 4754 ter

146 4794 208 4849 aliis
231 4796 422 4851 sacerdotibus
442 4797 471 4852 in
491 4798 599 4869 regiam
622 4797 721 4852 urbem
741 4796 843 4851 missus
862 4800 914 4851 cst.
936 4810 962 4850 ιν
1012 4794 1120 4850 cantari
1140 4793 1247 4848 statuit.
1271 4792 1442 4847 Damianum
1463 4806 1530 4846 vero
1552 4791 1696 4846 Rarennae
1719 4791 1832 4847 archie-

146 4887 240 4943 Nonas
259 4889 379 4959 Augusti
393 4891 429 4945 ad
452 4892 569 4946 Beatum
590 4892 705 4946 Petrum
730 4889 892 4961 apostolum
917 4905 961 4944 ss·
1011 4889 1170 4960 piscopum,
1185 4892 1213 4941 ct
1231 4885 1413 4940 bertoaldum
1435 4882 1618 4939 borchernire
1637 4883 1830 4957 archiepisco-

146 4980 243 5051 pultns
270 4986 321 5036 est.
346 4984 380 5038 Et
401 4983 519 5039 cessarit
548 4984 726 5056 episcopatus
754 4982 904 5037 mensibus
930 4999 961 5049 ιι,
1012 4999 1092 5054 pum,
1107 4986 1137 5036 et
1147 4980 1325 5036 Clementem
1339 4976 1568 5033 Gnillcbrordnm
1579 4976 1609 5032 in
1623 4983 1709 5049 gente
1722 4977 1831 5034 Fresio·

148 5071 249 5128 diebus
261 5090 338 5130 ιιιιι.
353 5075 401 5132 Hic
416 5076 525 5133 diutina
538 5076 702 5133 infirmitate
716 5076 848 5132 detentus
866 5078 918 5147 est,
934 5078 963 5131 et
1011 5092 1094 5144 num,
1120 5074 1247 5144 aliusque
1273 5087 1325 5143 per
1349 5071 1473 5126 diversas
1496 5069 1654 5142 provincias
1679 5070 1832 5144 episcopos

148 5165 299 5239 episcopos
312 5185 359 5224 xm
374 5169 525 5225 ordinavit.
1012 5185 1087 5225 xcvu
1111 5165 1261 5223 ordinarit.
1285 5166 1317 5222 ln
1333 5163 1448 5221 basilica
1469 5163 1545 5219 beati
1566 5163 1643 5219 Petri
1662 5164 1785 5236 apostoli
1805 5181 1830 5219 rr

181 5260 281 5317 Conon
301 5261 422 5333 Siculus,
445 5264 479 5319 de
502 5267 582 5335 patre
600 5265 750 5332 Tracesco,
765 5263 837 5319 sedit
856 5261 962 5318 mensi·
1013 5262 1078 5317 ldus
1091 5259 1266 5332 Septembris
1278 5259 1405 5331 sepultus
1420 5260 1473 5326 est,
1493 5258 1545 5312 snb
1563 5257 1676 5313 'liberio
1689 5261 1831 5331 Augusto.

145 5353 198 5409 hus
210 5371 248 5410 ιι.
262 5355 294 5410 ln
308 5356 369 5427 ejus
388 5356 524 5413 electione
544 5373 647 5430 magna
662 5356 806 5414 contentio
822 5357 897 5412 lacta
909 5361 960 5411 est.
1013 5357 1047 5413 Et
1059 5353 1176 5410 cessavit
1191 5353 1367 5424 episcopatus
1380 5366 1480 5407 mense
1495 5367 1513 5418 ι,
1528 5350 1630 5406 diebus
1644 5367 1691 5408 ιι.

145 5448 217 5504 Nam
227 5449 318 5505 clerus
329 5450 358 5505 in
369 5451 485 5506 Petrum
494 5450 771 5523 archipresbyterum
782 5450 961 5517 intendebat,
1047 5449 1171 5504 ioannes
1199 5446 1322 5516 Graecus,
1349 5444 1424 5501 sedit
1448 5443 1533 5501 annis
1554 5460 1599 5514 ιιι,
1625 5444 1775 5501 mensibus
1800 5462 1830 5513 u,

146 5546 175 5597 at
190 5542 329 5599 exercitus
342 5543 371 5599 in
385 5548 557 5617 sequentem
570 5544 632 5616 ejus
648 5544 831 5601 Theodorum
844 5543 962 5616 presby·
1013 5541 1114 5597 diebus
1132 5556 1178 5597 ιιι.
1199 5537 1398 5595 Theotllntium
1416 5535 1572 5594 exarchum
1592 5537 1691 5605 italice,
1708 5554 1747 5595 ne
1759 5538 1833 5612 peri·

145 5639 249 5692 terum.
273 5636 329 5692 Sed
350 5640 469 5709 reponte
492 5643 563 5692 nutu
586 5638 636 5694 Dei
658 5637 801 5694 derelictis
825 5639 908 5692 Petro
934 5639 965 5691 et
1013 5632 1373 5693 mereturatumultuautc
1390 5630 1498 5705 populo
1519 5629 1549 5686 iu
1565 5629 1634 5687 urbe
1648 5630 1753 5703 noma,
1772 5633 1832 5689 suis

146 5728 306 5797 Theodoro,
332 5745 431 5787 omncs
458 5731 598 5791 domnum
630 5733 786 5800 Cononem,
811 5730 963 5805 pulchrum
1013 5728 1130 5788 monitis
1140 5722 1661 5798 salvaritdisutiumquoquaduccm
1669 5724 1832 5799 hungohsr·

1864 5944 1874 5997 l
