3750 6046
105 204 157 262 277
536 200 695 259 HISTORIA
714 200 984 258 ecclesiastica.
999 197 1133 256 -lulis
1152 199 1185 256 ll.
1200 229 1234 240 -
1248 199 1310 257 ΗΒ.
1331 198 1378 256 lll.
1750 205 1800 260 tie

102 328 216 401 expetit
229 325 337 385 damna
352 329 509 400 pateretur,
523 330 551 382 et
563 326 671 382 damna
688 325 819 381 hostibus
838 325 1098 410 iuter-Allugoue
1124 323 1181 378 tilio
1206 323 1340 391 lrrlcoldi,
1363 323 1482 397 aliisque
1507 325 1605 381 multis
1633 325 1744 398 maguis
1770 331 1800 383 ct

101 427 155 493 ret,
168 423 330 496 praedictus
341 436 436 477 comes
448 420 602 476 Walterius
615 424 644 476 ει
657 421 734 477 Biota
748 419 851 492 conjerx
866 420 927 492 ejus
978 416 1171 473 mediocribus
1185 418 1212 473 S.
1229 417 1344 473 librullo
1356 434 1520 474 concessum
1534 425 1586 474 est.

101 533 153 589 per
180 516 369 573 inimieorum
394 515 625 571 machinamenta
648 514 742 581 Simul,
767 518 797 568 ut
819 513 926 578 ferunt,
1014 524 1123 580 Deinde
1138 524 1205 596 quia
1224 523 1302 580 idem
1323 523 1405 580 miles
1426 525 1485 580 lere
1504 541 1531 579 xx
1550 530 1669 597 nepotes
1689 526 1799 583 militice

100 611 203 667 lethali
217 627 332 667 veneno
346 610 544 666 fraudulenter
555 608 654 664 inlecti
668 607 808 664 obierunt.
821 607 927 673 Quibus
978 617 1066 673 titulis
1080 619 1189 674 innnnns
1202 618 1313 686 hinnit,
1327 618 1395 690 ipsis
1406 619 1481 674 inin
1493 635 1522 674 nn
1540 618 1734 689 ,ninnium
1749 620 1796 677 ,ix

101 704 260 773 defunctis,
275 705 404 760 securior
416 705 473 760 dux
491 720 556 758 cum
572 718 675 774 magno
692 702 794 758 robore
807 702 927 759 rebelles
978 728 1107 784 nnqnnin
1125 728 1216 785 nsqnn
1233 713 1263 766 in
1279 715 1451 783 pinsnninni
1472 712 1551 768 diem
1568 713 1720 769 nnindiin,
1735 715 1799 786 eju,

102 799 237 872 Uitellii,
258 799 498 856 CeUOmassnifflffl
524 796 624 853 urbem
644 795 751 851 lilibus
772 796 847 851 ultro
867 812 928 854 ⁵880
978 805 1007 861 iu
1027 820 1096 878 pace
1117 820 1285 877 permanere
1301 806 1404 877 potuit.
1424 807 1494 860 llam
1511 805 1683 863 Mettbicllus
1701 809 1730 863 et
1747 809 1796 864 lti-

101 892 279 950 dedflssfibtlss
304 909 369 949 ⁰⁰11]
400 891 514 965 ingenii
543 890 667 963 tripudio
694 890 815 961 recepit,
843 891 926 962 eique
978 899 1099 955 chardus
1112 901 1202 954 irater
1214 899 1321 970 ejusac
1331 898 1456 971 Nigellus
1470 904 1556 970 atque
1569 900 1711 956 liualodus
1723 901 1799 956 Brito

101 987 231 1042 d⁰¹¹¹¹¹¹¹⁵
251 987 390 1042 Efflildiss
409 986 538 1058 ⁰i¹¹⁸d⁰ffl
559 985 636 1041 Uibi
655 984 769 1056 lllaewls
787 1000 852 1038 0⁰⁰¹
868 984 927 1038 ⁰¹0·
978 992 1079 1065 Nigelli
1091 1008 1180 1063 gener
1190 992 1306 1047 diversis
1319 992 1496 1064 temporibus
1509 998 1715 1062 successerunt,
1727 993 1799 1050 mirt-

100 1081 167 1136 ricis
181 1086 212 1137 et
226 1081 378 1136 monacbis
392 1079 540 1147 revestitis,
556 1080 647 1135 textus
663 1093 818 1150 crucesque
834 1078 928 1133 lereu-
978 1090 1077 1157 insqnn
1104 1084 1223 1141 malitias
1247 1085 1411 1141 infortuniis
1437 1085 1635 1140 comitantibus
1661 1103 1797 1146 ninnnnn.

101 1173 702 1244 libus,h0¹1⁰rssbiliier⁰bliflmilr⁰⁰0³³ii·
978 1184 1055 1235 runt.
1076 1180 1276 1251 Unusquisque
1299 1195 1398 1234 eorum
1419 1179 1567 1250 praelatam
1589 1181 1797 1251 possessionem

136 1280 230 1334 Porro
258 1277 425 1334 Goislredus
453 1277 487 1332 de
516 1276 655 1331 bleduana
682 1279 770 1331 tantae
803 1273 929 1331 felicitati
978 1275 1005 1329 S.
1030 1273 1145 1329 Ebrulto
1167 1271 1356 1327 calumniatus
1378 1275 1435 1342 est;
1458 1273 1508 1327 sed
1529 1273 1638 1343 judicio
1662 1274 1722 1342 Dei,
1748 1275 1799 1346 qni

100 1372 185 1427 ducis
208 1372 326 1439 inridit,
352 1371 436 1443 eique
465 1372 606 1441 quantum
631 1369 724 1440 potuit
751 1369 928 1424 adversarios
980 1366 1130 1422 Ecclesiam
1159 1381 1238 1419 suam
1260 1368 1391 1436 potenter
1413 1364 1520 1436 ubique
1543 1366 1676 1437 protegit,
1697 1366 1798 1422 immi-

100 1465 266 1533 excitando,
280 1464 402 1536 aliisque
416 1462 508 1519 modis
526 1463 601 1518 mala
615 1461 809 1518 machinando
827 1477 928 1517 nocere
979 1463 1081 1526 ruente,
1107 1459 1143 1513 ab
1172 1458 1277 1528 injusta
1302 1457 1445 1512 columnia
1471 1473 1580 1512 cessare
1605 1464 1718 1515 coactus
1742 1464 1795 1516 est.

100 1559 222 1615 studuit.
246 1558 328 1614 Unde
347 1557 416 1624 dux,
437 1562 590 1629 postquam
610 1556 783 1626 proterviam
805 1554 875 1625 ejus,
898 1559 929 1610 ut
977 1552 1148 1607 Matthiellus
1166 1551 1254 1618 euim,
1268 1551 1320 1606 sub
1336 1566 1440 1622 magno
1453 1550 1524 1606 duce
1541 1551 1689 1622 Willelmo,
1703 1558 1731 1610 et
1747 1554 1796 1611 lii·

102 1670 155 1724 per
169 1669 202 1708 se
215 1653 277 1707 sine
291 1651 450 1708 multorum
465 1649 640 1706 detrimento
652 1649 860 1719 corrigeretur,
876 1648 925 1702 ali·
979 1645 1111 1713 ahardus,
1128 1644 1233 1717 aliique
1247 1645 1468 1699 calumniatores
1483 1644 1534 1699 sub
1552 1644 1629 1700 duce
1641 1647 1796 1719 liudberto,

100 1746 232 1819 quandiu
247 1744 387 1811 tolerarit,
403 1747 500 1799 contra
513 1747 741 1815 perseverantem
755 1742 783 1796 in
800 1741 926 1813 nequitia
978 1739 1097 1811 ejusque
1110 1738 1247 1794 fratribus
1259 1737 1402 1793 Willelmo
1416 1737 1488 1792 liufo
1507 1741 1535 1793 et
1553 1738 1684 1808 ilenrico,
1699 1741 1796 1797 Eccla·
1859 1751 1862 1754 ’

101 1842 255 1912 ingentem
269 1840 429 1896 exercitum
443 1837 539 1903 movit,
551 1836 702 1893 ambreras
713 1835 851 1909 oppidum
865 1836 926 1906 ejus
976 1831 1047 1886 siam
1066 1832 1115 1887 liei
1137 1831 1221 1887 rebus
1240 1831 1346 1887 habitis
1364 1830 1484 1903 spoliare
1506 1847 1571 1886 cum
1593 1833 1690 1887 miritis
1709 1834 1796 1890 minis

102 1934 192 2005 cepit,
207 1939 238 1988 et
249 1933 416 1989 liedueuam
430 1935 494 2003 post
507 1930 650 1986 diutinam
663 1928 838 1984 obsidionem
851 1945 926 1984 com-
976 1926 1070 1981 eonati
1083 1929 1162 1994 sunt;
1180 1925 1242 1992 sed,
1257 1926 1333 1997 Rege
1347 1940 1449 1996 regum
1463 1940 1527 1980 suos
1541 1924 1706 1995 adjuvante,
1717 1927 1796 1998 quod

100 2027 204 2082 bussit.
232 2026 280 2082 llis
306 2026 405 2097 itaque
432 2023 543 2080 duobus
568 2022 689 2078 castellis
712 2022 765 2078 sibi
789 2022 924 2090 subactis,
977 2018 1109 2092 nequiter
1122 2019 1261 2091 optabant
1273 2022 1437 2090 perpetrare
1452 2018 1653 2089 nequiverunt.

98 2119 243 2176 Goislredi
262 2117 471 2174 contumaciam
494 2116 590 2188 fregit,
611 2115 722 2187 sibique
746 2115 853 2187 ipsum,
875 2115 925 2187 qui
1011 2121 1148 2178 Ernaldus
1170 2120 1205 2175 de
1227 2119 1377 2187 Escalloio,
1397 2119 1531 2174 Wlllelmi
1554 2119 1687 2176 Geroieni
1708 2122 1793 2191 lilius,

100 2214 279 2271 fortissimus
300 2212 549 2266 Cenomanuorum
570 2210 639 2264 alios
661 2212 807 2264 laurentes
828 2224 923 2264 secum
976 2221 1128 2287 postquam
1142 2212 1177 2269 de
1191 2213 1291 2285 Apulia
1305 2229 1438 2285 prospere
1454 2213 1600 2282 remeavit,
1616 2215 1792 2272 Willelmum

99 2309 239 2364 resistere
265 2304 411 2371 suadebit,
435 2303 541 2359 servile
565 2303 668 2375 coegit·
694 2304 755 2367 0¹¹0
780 2305 923 2373 subitam,
975 2309 1076 2364 ducem
1095 2307 1175 2374 adiit,
1189 2306 1273 2379 eique
1293 2305 1525 2378 pretiosissimam
1546 2307 1650 2378 pallam
1665 2325 1791 2380 praesen·

100 2418 178 2472 pene
202 2416 304 2455 omnes
331 2397 406 2455 illius
432 2396 585 2468 complices
610 2401 640 2452 et
665 2396 699 2450 ad
724 2393 924 2451 rebellandum
976 2403 1210 2472 innitamurque
1228 2399 1265 2454 ab
1283 2399 1508 2470 ipsohumilitcr
1527 2400 1726 2457 haereditatem
1746 2418 1791 2460 re·

99 2494 242 2562 saniores,
263 2497 371 2548 terrore
390 2491 496 2546 curuati
517 2493 592 2558 sunt,
609 2495 638 2544 et
651 2489 823 2544 Willelrnum
843 2489 922 2559 prin·
975 2495 1097 2566 quisivit.
1111 2496 1169 2549 ltux
1188 2498 1284 2548 autom
1303 2493 1486 2548 considerans
1501 2492 1681 2550 nobilitatem
1695 2495 1746 2550 viri
1763 2502 1792 2551 et

100 2588 207 2660 aipein,
235 2603 323 2658 quam
350 2584 446 2642 divina
471 2601 574 2640 manus
602 2582 782 2655 protegebat,
809 2582 922 2650 timere,
975 2589 1125 2659 ingentem
1139 2585 1324 2658 probitatem,
1340 2587 1524 2658 recolensque
1538 2603 1616 2642 suam
1631 2593 1730 2644 contra
1744 2591 1792 2647 Ce-

100 2683 188 2754 eique
206 2679 403 2735 obsecundare
418 2679 505 2734 coacti
523 2681 598 2733 suut.
615 2678 676 2748 lpse
691 2675 848 2747 speciosam
865 2675 921 2730 vir·
974 2697 1134 2737 nomannos
1147 2685 1176 2736 et
1189 2679 1328 2749 Britones,
1344 2679 1471 2752 aliosque
1484 2679 1536 2735 sibi
1551 2682 1716 2737 resistentes
1729 2699 1792 2754 pro-

100 2776 203 2848 glnem
224 2773 410 2846 Margaritam
429 2771 566 2844 Stigando
585 2770 695 2843 potanti
713 2768 773 2825 viro
793 2769 827 2823 dc
845 2769 921 2824 blau·
973 2776 1075 2830 borum
1097 2774 1221 2829 militum
1241 2772 1424 2845 paucitatem,
1437 2773 1499 2844 jam
1520 2773 1611 2829 leuior
1629 2774 1745 2831 ellectus
1764 2778 1791 2832 ei

99 2870 180 2924 8ἰοΗο
192 2866 348 2924 0d⁰115⁸ad
361 2866 544 2921 nutriendum
555 2862 839 2929 ⁰⁰mmessd³liiisid
852 2861 921 2933 ipse,
974 2877 1068 2927 reatus
1098 2871 1229 2938 indulsit,
1254 2870 1388 2942 datisque
1416 2870 1554 2939 induciis,
1583 2873 1789 2943 patrimonium

98 2963 273 3034 priusquam
285 2959 395 3015 nubiles
407 2975 496 3014 anuos
508 2958 673 3028 attingeret,
684 2956 779 3011 saeculi
792 2955 923 3011 ludibriis
973 2986 1056 3025 snum
1078 2986 1108 3024 nn
1132 2969 1173 3024 iiii
1197 2968 1377 3025 redditurum
1401 2969 1566 3040 spopondit,
1590 2973 1620 3023 et
1643 2971 1790 3042 usquead

99 3060 201 3127 erepta
224 3054 344 3110 feliciter
367 3052 447 3120 obiit,
471 3056 499 3106 θῑ
525 3050 664 3118 fiscanni»
688 3050 736 3104 ubi
760 3049 1112 3134 m⁰¹¹i⁰hiltissstatutum
1132 3062 1286 3118 terminum
1307 3077 1357 3133 per
1377 3064 1483 3116 terram
1500 3078 1582 3117 suam
1601 3062 1688 3118 eundi
1705 3066 1735 3118 et
1748 3080 1790 3119 re·

97 3148 266 3205 eunonium
285 3147 394 3204 Sflssssiffl
414 3149 444 3201 ei
462 3144 616 3201 individuae
637 3143 781 3198 Tfifliialis
801 3142 922 3215 8¹⁰¹'1052
973 3156 1080 3211 deundi
1096 3156 1214 3210 liberam
1228 3153 1410 3210 securitatem
1424 3155 1572 3210 concessit.
1587 3155 1727 3210 Ernaldus
1739 3156 1790 3211 ita·

100 3242 202 3314 pollet,
218 3242 337 3297 humata
349 3239 477 3312 quiescit·
972 3267 1027 3323 que
1049 3266 1120 3304 vaua
1142 3249 1222 3304 ducis
1240 3247 1427 3320 promissione
1448 3255 1581 3320 perceptu
1604 3250 1716 3305 lcetetus
1734 3253 1787 3320 cst,

134 3344 247 3400 Eodem
262 3350 394 3415 tempore
415 3340 573 3397 Radbertus
588 3340 623 3397 de
638 3340 761 3406 Waceio,
775 3339 850 3394 filius
865 3340 920 3395 Ro·
972 3343 1022 3399 sed
1046 3343 1159 3410 trustra,
1182 3345 1214 3397 ut
1235 3341 1321 3413 paulo
1344 3345 1408 3413 post
1428 3341 1617 3397 dilucidatum
1640 3348 1691 3398 est.
1716 3344 1787 3398 Nam

98 3439 204 3510 dulplri
219 3436 271 3493 lilii
285 3435 421 3492 liodberti
436 3433 653 3505 archiepiscopi,
665 3433 725 3489 siue
739 3432 835 3488 liberis
849 3450 922 3487 mor·
971 3437 1082 3493 illabilia
1093 3435 1229 3492 Talavacii
1243 3434 1298 3490 lilia
1310 3435 1407 3490 lethaii
1418 3450 1527 3490 veneno
1539 3434 1635 3490 cibum
1650 3441 1678 3491 et
1687 3441 1786 3507 potum

98 3537 166 3587 tuus
191 3534 244 3598 est,
269 3535 298 3584 et
319 3528 478 3584 Willelmus
502 3527 558 3582 dux
581 3529 718 3597 cognatus
742 3526 804 3597 ejus
830 3528 921 3581 totam
971 3531 1077 3600 intecit,
1095 3545 1217 3601 cumque
1231 3528 1300 3584 dum
1316 3528 1351 3583 de
1367 3528 1446 3583 curia
1464 3527 1543 3583 ducis
1559 3528 1588 3583 iu
1607 3529 1726 3584 Galliam
1739 3546 1785 3586 re·

98 3624 302 3681 haeredilatem
319 3623 380 3694 ejus
400 3622 430 3677 iu
451 3621 577 3676 dominio
595 3637 646 3675 siro
665 3624 764 3674 uectus
778 3623 829 3675 est.
843 3620 920 3675 Tunc
970 3628 1091 3693 xnearet,
1107 3623 1186 3678 refici
1196 3622 1281 3694 jussit
1287 3639 1295 3690 ;
1310 3622 1358 3677 sed
1374 3621 1414 3676 illi
1428 3637 1480 3691 per
1493 3620 1646 3693 quemdam
1660 3622 1786 3679 amicum

98 3720 159 3791 ipse
174 3726 283 3773 terram
299 3715 436 3772 liodberti
450 3715 486 3770 de
501 3714 597 3782 Witot,
612 3714 661 3787 qui
677 3717 794 3785 propter
806 3713 920 3769 occisio·
970 3733 1052 3772 suum
1074 3716 1131 3771 doli
1152 3715 1298 3772 conscium
1317 3717 1429 3769 tantum
1449 3713 1529 3769 netas
1548 3713 1683 3770 innotuit.
1704 3714 1786 3771 Unde

97 3828 167 3868 uem
192 3810 340 3867 Gisleberti
362 3808 473 3864 comilis
496 3809 649 3874 exsulabat,
673 3807 819 3862 Goisfredo
842 3808 918 3862 lian-
969 3812 1037 3867 dum
1052 3808 1129 3882 apud
1143 3808 1313 3865 Escalloium
1327 3807 1362 3862 ad
1378 3807 1516 3878 quosdam
1528 3807 1632 3862 amieos
1645 3824 1711 3863 suos
1724 3808 1784 3864 col-

96 3907 169 3962 cello
182 3903 265 3959 lratri
277 3902 448 3959 vicecomitis
461 3901 579 3957 liuberti
592 3900 686 3969 dedit,
699 3917 716 3955 a
729 3916 784 3971 quo
797 3899 920 3956 domnus
969 3905 1145 3976 loqueretur,
1159 3909 1187 3959 et
1198 3921 1215 3958 a
1227 3901 1378 3957 clientibus
1391 3901 1517 3972 praelatae
1531 3901 1659 3957 mulieris
1672 3902 1707 3957 ad
1720 3918 1785 3969 con-

96 3999 245 4055 0sberuus
257 3997 346 4052 abbas
360 3997 387 4051 S.
403 3994 508 4050 Ebrulli
523 3994 628 4063 villam,
646 4010 711 4065 quae
728 3995 832 4049 Ductus
851 3995 918 4048 Erlu
968 3998 1074 4053 virium
1090 4014 1156 4053 curu
1169 4012 1282 4052 summa
1296 4011 1378 4067 prece
1390 3995 1568 4063 invitaretur,
1580 4011 1690 4051 mernor
1701 3995 1785 4051 aurici

96 4091 215 4158 dicitur,
235 4095 266 4146 et
285 4089 480 4145 Trunchctum
501 4091 529 4143 ct
547 4087 657 4143 blaisnil
678 4087 819 4143 liuscelini
838 4088 922 4142 emit,
964 4092 1100 4163 jussionis
1118 4090 1280 4147 nullatenus
1299 4088 1452 4161 acquievit,
1468 4089 1517 4145 sed
1537 4089 1657 4145 omuino
1675 4089 1784 4161 cibum,

96 4186 153 4240 lloc
172 4183 332 4239 Willelmus
351 4181 409 4237 dux
429 4180 576 4247 concessit,
597 4185 625 4236 et
646 4180 675 4235 iu
695 4180 793 4235 charta
812 4180 917 4235 confir·
967 4190 996 4241 nt
1014 4190 1124 4257 poium,
1146 4185 1176 4240 in
1198 4201 1254 4257 qno
1276 4184 1388 4239 lethum
1407 4183 1501 4239 inesse
1522 4184 1681 4252 inninniiai,
1696 4200 1783 4256 rnpn.

97 4277 187 4334 marit
214 4293 314 4332 coram
340 4275 524 4347 optimatibus
553 4273 745 4342 Normannioe,
775 4273 917 4328 Willelmo
967 4279 1182 4335 diavit.Verum
1198 4277 1382 4344 Gislcberlus,
1397 4277 1664 4349 tratcrliogeriide
1679 4280 1784 4334 ltonte·

95 4370 220 4426 Osberni
242 4369 310 4439 lilio,
333 4367 472 4424 liicbardo
494 4366 530 4423 de
549 4366 681 4422 Abrincis
701 4366 825 4421 Turstini
848 4366 915 4433 tilio,
966 4371 1116 4439 Gomerici,
1142 4371 1191 4444 qui
1220 4371 1386 4443 preadictum
1415 4369 1571 4425 Erualdum
1597 4370 1781 4440 conducebat,

93 4464 223 4536 lingerio
255 4463 290 4518 de
317 4459 586 4528 Monte-Gomerici,
615 4463 643 4516 el
674 4460 770 4514 mullis
796 4459 858 4514 aliis
884 4461 914 4516 iu
968 4470 1064 4537 utpote
1078 4464 1124 4537 qui
1141 4465 1253 4536 penitus
1266 4464 1324 4519 doli
1340 4463 1451 4518 nescius
1463 4467 1533 4530 erat,
1548 4463 1686 4534 scyphum
1700 4479 1781 4520 acce-

91 4557 195 4614 charta
210 4555 327 4612 notatis.
965 4558 1013 4631 pit,
1033 4574 1119 4630 super
1134 4574 1240 4630 equum
1256 4557 1384 4614 residens
1401 4571 1513 4611 merum
1528 4555 1608 4622 bibit,
1624 4560 1653 4610 et
1669 4571 1781 4613 veneno

127 4659 294 4715 liodbertus
316 4673 383 4712 varo
405 4656 440 4710 de
464 4655 551 4710 Witol
572 4660 636 4727 post
659 4654 779 4726 longum
803 4658 915 4727 tempus
964 4652 1173 4724 inlectusopud
1187 4650 1387 4706 ltaimalastum
1402 4650 1456 4720 (toi
1470 4648 1553 4704 tertia
1571 4647 1617 4702 die
1637 4648 1717 4705 obiit.
1734 4649 1782 4705 Sic

91 4752 155 4809 duci
178 4751 384 4807 reconciliatus
404 4753 457 4815 est,
478 4753 516 4817 et,
537 4750 645 4803 honore
667 4764 717 4802 suo
736 4753 913 4820 recuperate,
965 4746 1073 4819 perlida
1097 4745 1201 4800 mulier
1226 4744 1293 4799 dium
1322 4743 1418 4798 mariti
1442 4741 1485 4796 sui
1510 4742 1647 4797 mmulum
1673 4741 1779 4799 exstin-

93 4846 245 4918 praelatam
266 4848 374 4898 terram
394 4843 422 4898 S.
443 4841 559 4898 Ebrulto
580 4841 768 4897 calumniatus
789 4846 841 4896 cst.
859 4841 914 4898 Sed
964 4855 1051 4911 guero
1066 4837 1182 4911 putavit,
1195 4837 1290 4892 mariti
1303 4838 1345 4891 sui
1357 4837 1475 4892 unicum
1489 4835 1617 4904 tratrem,
1629 4837 1677 4909 qui
1690 4836 1782 4893 multa

91 4957 149 4996 uon
169 4938 346 5009 multopost
364 4935 642 5007 belloringlico,ubi
663 4938 692 4990 el
710 4935 769 5007 ipse
788 4935 819 4990 iu
837 4952 914 5005 genu
964 4934 1113 4989 honestate
1129 4932 1158 4986 in
1176 4930 1258 4985 anuis
1277 4930 1476 4986 adolescentiae
1494 4934 1524 4987 el
1542 4931 1666 5003 equestri
1682 4928 1779 5002 probi·
1852 4914 1862 4935 ⁶

92 5033 260 5089 uulneratus
286 5034 339 5095 cst,
367 5035 499 5102 peracto,
524 5028 688 5083 lethiferam
712 5027 913 5099 egritudinem
964 5029 1019 5080 tate
1035 5024 1167 5096 pollebat,
1183 5023 1295 5079 occidit.
1313 5024 1373 5078 Non
1397 5024 1489 5079 multo
1508 5023 1666 5095 post,dum
1684 5023 1780 5095 primo

92 5125 224 5181 incurrit.
244 5123 298 5188 Qui
318 5122 387 5178 dum
407 5126 531 5177 mortem
553 5121 606 5177 sibi
626 5121 794 5193 appropiare
813 5122 911 5187 sensit,
963 5124 1065 5175 conatu
1084 5135 1112 5173 se
1136 5117 1263 5173 delusum
1287 5133 1347 5172 essa
1369 5115 1519 5187 ingemuit,
1539 5116 1575 5173 ad
1595 5117 1780 5190 concupitum

91 5225 179 5276 totam
197 5224 317 5284 terram,
332 5232 420 5288 quam
437 5214 472 5269 ab
488 5215 547 5286 ipso
561 5214 763 5270 calumniatam
780 5215 913 5286 essejam
963 5211 1074 5267 lacinus
1097 5210 1320 5282 perpetrandum
1341 5210 1395 5265 aiio
1418 5209 1480 5266 rrisu
1506 5227 1563 5266 non
1583 5211 1677 5267 minus
1696 5209 1781 5266 ferali

92 5313 231 5377 diximus,
245 5309 321 5365 bono
332 5309 429 5363 animo
443 5307 572 5364 fidelibus
585 5308 635 5364 Dei
648 5325 700 5380 pro
715 5307 912 5379 redemptione
963 5305 1059 5360 deriuo
1079 5303 1242 5359 insurrexit.
1262 5304 1332 5358 Nam
1352 5303 1508 5375 liogerium
1520 5299 1651 5359 'militem
1671 5320 1778 5376 cogno-

89 5406 196 5461 animae
221 5419 282 5458 suae
304 5401 450 5456 concessit.
476 5402 532 5457 lloc
554 5405 650 5456 autem
672 5400 749 5473 apud
772 5401 911 5456 Doverem
962 5405 1060 5454 mento
1088 5397 1245 5464 Galateam,
1272 5397 1320 5469 qui
1349 5396 1465 5453 Ernaldi
1492 5395 1679 5454 cubicularius
1705 5401 1779 5465 erat,

90 5514 186 5554 comm
213 5495 314 5552 Odone
341 5493 490 5567 BaJocensi
518 5495 647 5566 episcopo
672 5500 701 5550 et
727 5496 847 5566 liugane
876 5495 911 5550 de
962 5491 1095 5566 precibus
1109 5496 1138 5548 et
1156 5492 1302 5564 promissis
1320 5489 1517 5558 circumvenit,
1532 5490 1645 5563 citoque
1659 5490 1780 5547 fraudu·

90 5588 349 5657 fircotcmaisniliu,
370 5589 490 5660 llugonc
510 5605 623 5661 quoquc
643 5588 678 5644 de
700 5588 861 5646 tionteiorti
884 5591 912 5644 ct
961 5587 1072 5642 lantum
1091 5587 1243 5644 satellitem
1263 5586 1379 5645 nefariis
1399 5584 1469 5642 rotis
1490 5582 1648 5645 inclinarit.
1670 5583 1778 5644 Deinde
1862 5627 1866 5635 .

120 5758 172 5821 ite)
189 5755 301 5811 Hodie:
316 5755 459 5808 Ιιειεειανιι
476 5756 574 5820 (Orus).
