3750 6046
104 134 157 190 ms
791 136 950 195 outremer
971 136 1100 193 vitatis
1726 140 1772 195 82⁰

47 256 52 263 ’
105 256 207 330 paucis
225 257 411 315 nobilioribus
432 276 465 315 ac
485 261 670 317 familiaribus
689 261 871 335 privilegium
888 262 916 318 in
928 260 1121 349 Aternissuis
1134 260 1183 317 diu
1203 260 1317 317 delusus
1336 263 1389 330 est,
1403 263 1443 331 et,
1459 258 1610 317 deficiente
1628 258 1771 333 alimenta,
1808 268 1812 277 '

106 353 230 424 propriis
255 352 370 409 saltibus
394 356 515 411 venandi
542 356 683 428 permisit.
697 356 829 413 Curiusus
851 374 916 431 per·
968 356 999 410 in
1016 356 1263 427 ermenaregione
1282 355 1386 413 Christi
1402 355 1540 413 exercitus
1556 354 1772 413 exinanitusast.

108 450 263 515 serutatur,
294 449 391 504 omnia
417 450 620 522 investigabat,
649 455 678 505 et
703 451 799 506 audita
827 451 918 506 tenaci
968 450 1106 523 lienique,
1121 466 1239 523 gravem
1263 450 1388 507 inediam
1406 466 1464 505 non
1488 451 1624 519 ferentes,
1639 448 1771 521 paulatim

106 540 256 596 memorias
268 543 495 599 commendabat.
505 544 604 600 Omnia
614 544 848 602 ruinistrurumet
859 545 919 616 dig·
969 561 999 600 se
1018 544 1229 614 subtraxerunt,
1244 548 1272 600 et
1286 560 1338 617 per
1359 544 1549 601 Macedoniam
1567 544 1668 617 sparsi,
1684 560 1774 616 pacem
1825 570 1828 609 ι

107 634 230 690 uitatum
251 639 370 709 negotia
391 638 462 694 scire
485 639 614 706 volebat,
638 642 667 694 et
690 643 806 695 eventus
827 639 919 695 mnus
968 638 1316 710 imperatorisamplexati
1336 642 1515 711 sunt,aquo
1529 637 1773 711 receptitium

105 728 241 800 Albiouis,
261 747 310 787 seu
331 733 478 801 Naustriru,
493 733 579 788 solers
600 733 716 800 arbiter,
737 733 918 790 discutiebat.
968 731 1134 789 facultatem
1146 732 1314 789 remanendi
1335 732 1386 787 sub
1400 732 1458 803 illu,
1471 733 1515 789 vel
1534 732 1624 789 eundi
1647 748 1704 805 quo
1723 733 1773 789 rel·

106 822 210 879 Abdita
232 841 364 898 quaeque,
380 830 408 882 et
430 842 495 898 quoe
516 828 639 883 latenter
659 827 828 899 agebantur,
853 844 916 900 per·
968 826 1027 883 lent
1051 829 1233 898 acceperunt.
1261 824 1335 891 Quin
1361 825 1448 881 etiam
1474 825 1606 899 plerique
1631 825 1723 883 multa
1746 826 1774 881 ab

109 919 251 988 noscebat,
265 920 393 975 attonitis
407 936 506 975 eorum
520 922 693 989 auctoribus,
708 923 853 994 quomodo
868 939 920 978 rex
968 920 1070 975 eodem
1091 919 1211 975 donaria
1231 924 1426 992 sumpserunt,
1440 919 1559 992 ejusque
1579 919 1712 992 largitata
1731 936 1774 993 po·

109 1010 277 1084 indaginem
294 1030 462 1070 arcanorum
474 1020 599 1071 noverat.
613 1016 767 1087 Diligenter
780 1016 920 1072 revolutis
969 1013 1022 1081 titi,
1048 1018 1160 1086 etpost
1181 1013 1329 1086 ingentem
1351 1013 1503 1085 penuriam
1524 1014 1659 1083 recreati,
1679 1013 1777 1087 gratias

109 1107 293 1179 antiquorum
313 1108 448 1178 historiis,
463 1109 598 1165 audacter
615 1126 708 1166 assero
729 1111 805 1183 quod
827 1111 919 1165 nullus
970 1114 1100 1180 egerunt.

109 1217 212 1273 regum
238 1203 268 1257 in
295 1218 385 1274 regnu
409 1205 539 1275 Anglicu,
564 1208 705 1277 quantum
732 1206 858 1277 pertinet
885 1206 920 1260 ad
1004 1202 1107 1258 Videns
1116 1203 1385 1276 Buamundusquod
1397 1202 1503 1259 nimios
1518 1220 1603 1260 ausus
1615 1206 1777 1277 perpetrare

109 1295 276 1352 saecularem
298 1296 413 1367 tastum,
429 1298 483 1353 fuit
508 1298 601 1370 ditior,
619 1315 667 1355 seu
688 1300 834 1371 potentior
845 1301 917 1355 lien·
970 1315 1028 1352 nun
1042 1303 1146 1370 posset,
1161 1298 1258 1366 doluit,
1273 1297 1460 1370 quotidieque
1481 1298 1601 1355 asociis
1621 1299 1778 1355 stimulatus

107 1390 175 1445 rico.
468 1420 471 1426 .
971 1395 1002 1446 ut
1027 1392 1147 1463 gratiam
1171 1392 1292 1463 Augusti
1318 1399 1504 1463 procuraret,
1533 1393 1641 1449 diutius
1670 1394 1778 1449 restitit.

107 1518 163 1573 llll.
178 1519 367 1583 buamundus,
384 1520 580 1589 urtJ'uountibns
591 1520 702 1575 lieberto
715 1521 748 1574 rte
763 1522 921 1587 llonteforti
970 1486 1106 1592 niffebam
1128 1487 1227 1541 ⁰⁰i¹¹¹²
1251 1490 1356 1545 mm
1380 1489 1537 1595 ‘emmim
1559 1502 1655 1559 pm
1674 1488 1778 1595 ‘'Qu“

144 1606 171 1654 ct
184 1602 314 1670 pistrinis
327 1601 389 1655 retiis
405 1602 550 1656 baronibus
568 1602 765 1670 expeditionem
788 1604 817 1656 iu
837 1604 918 1670 impe·
970 1596 1018 1650 qur
1043 1581 1117 1636 “liii
1146 1582 1252 1636 ”attilii
1279 1586 1383 1636 ¹²⁰⁸ii⁰³
1409 1586 1434 1637 ³2
1460 1597 1530 1637 vilei
1556 1581 1687 1653 fufitii&
1711 1598 1781 1639 Μ

144 1684 261 1734 restorem
278 1682 608 1750 Corestuntiuupalitunum
617 1683 740 1751 suscipit.
751 1684 822 1737 diors
832 1655 957 1735 nrrrctss
969 1677 1139 1745 suscepimus,
1155 1679 1181 1729 εἴ
1193 1679 1286 1730 contra
1296 1680 1419 1731 fantium
1433 1677 1574 1746 imperium
1584 1691 1685 1733 mant&
1699 1676 1782 1732 muare

142 1759 309 1814 Brrrnuundi.
323 1758 471 1814 Antiochia
482 1775 499 1813 a
512 1760 647 1816 balduino
657 1766 750 1815 contra
760 1762 920 1817 Sarrraeerros
966 1771 1196 1839 praesnmpsimus
1213 1769 1259 1825 Λα
1272 1775 1361 1825 tartaros
1373 1785 1455 1825 ausus
1469 1770 1730 1827 aestimatam-sum
1738 1771 1782 1840 jus

142 1836 310 1903 ‹lefmditnn
970 1878 1016 1917 nos
1030 1863 1130 1927 ittecit,
1150 1878 1197 1918 nec
1212 1864 1408 1934 prophetarum
1423 1865 1535 1934 aliquis,
1551 1881 1570 1919 u
1589 1867 1643 1921 Deo
1662 1865 1781 1921 destina-

144 1957 226 2009 Auno
256 1954 291 2008 ab
319 1955 518 2009 lrrcarnatione
545 1956 656 2010 Domini
683 1959 760 2023 ll07,
785 1956 920 2012 lieni-icus
972 1962 1025 2019 tus,
1052 1957 1149 2012 calesti
1177 1972 1224 2013 nos
1249 1958 1357 2013 oracula
1382 1960 1502 2025 eaeimt3
1526 1958 1574 2013 scd
1599 1960 1740 2030 cupiditas
1759 1963 1784 2015 in

40 2062 43 2067 ·
109 2066 158 2104 rer
184 2064 316 2121 proceres
340 2065 406 2103 suos
429 2049 602 2116 convocarit,
624 2054 653 2103 et
679 2050 854 2106 liudbertum
885 2051 920 2105 de
972 2050 1085 2105 alterius
1098 2050 1199 2105 ditione
1211 2050 1373 2107 dominandi
1387 2051 1475 2106 ‹rrduu
1490 2058 1514 2106 te
1536 2052 1654 2122 incipere
1670 2068 1783 2123 persua

108 2144 270 2199 llonteforti
283 2143 394 2215 placitis
405 2143 438 2198 de
453 2143 554 2198 violata
570 2143 625 2197 srde
639 2145 826 2216 propulsavit.
840 2145 920 2199 Uude
971 2147 1016 2211 sit,
1032 2150 1057 2199 ct
1070 2160 1119 2199 reus
1138 2145 1313 2199 nibilominus
1329 2147 1465 2215 appetitus
1484 2146 1612 2200 lucrandi
1632 2146 1670 2200 ad
1689 2148 1783 2203 intute-

108 2239 197 2305 idem,
213 2238 280 2310 quia
293 2254 374 2293 reum
389 2255 418 2292 sc
432 2238 527 2303 sensit,
544 2236 691 2292 licentiam
709 2238 795 2293 eundi
809 2240 918 2293 Jerusa-
971 2239 1083 2293 arabilem
1101 2241 1237 2293 sarcinum
1252 2239 1375 2293 triburam
1394 2247 1419 2293 et
1440 2240 1628 2295 discriminum
1648 2242 1782 2296 sustinen-

108 2332 165 2387 lem
184 2332 301 2403 accepit,
317 2336 464 2403 tutamque
486 2336 593 2386 terram
614 2349 694 2387 suam
715 2332 775 2404 regi
797 2332 920 2404 reliquit.
973 2333 1036 2387 atram
1055 2335 1204 2403 pertraxit.
1231 2334 1340 2396 Verum,
1361 2335 1426 2403 quie
1452 2336 1555 2389 «Deus
1576 2350 1633 2390 non
1655 2335 1785 2390 irridctur

108 2426 216 2482 Deinde
241 2443 304 2482 cum
326 2426 496 2499 quibusdam
520 2426 760 2482 commilitonibus
781 2427 838 2481 suis
852 2444 921 2498 pru-
973 2426 1056 2497 (uait,
1070 2444 1107 2491 rr,
1123 2426 1189 2493 it»
1211 2442 1255 2481 trec
1275 2428 1438 2498 srrpptantut
1446 2428 1597 2497 judicium,
1612 2444 1660 2483 nec
1675 2429 1784 2485 subuer-

108 2524 198 2577 fectus
220 2525 271 2577 est.
295 2522 389 2589 Porro,
404 2520 605 2576 buamundum
625 2521 656 2576 in
678 2522 779 2593 Apulia
801 2522 920 2590 invenit,
974 2524 1006 2576 tit
1019 2521 1091 2591 qnod
1110 2521 1215 2591 justum
1231 2525 1278 2583 est,
1298 2521 1388 2591 preces
1403 2522 1553 2590 iustorum,
1568 2524 1617 2593 qui
1631 2529 1728 2578 contra
1743 2539 1785 2579 nos

35 2610 38 2615 ’
110 2616 206 2687 ibique
221 2614 423 2685 compatriotas
434 2631 500 2669 suos
510 2614 637 2686 gaudens
650 2615 826 2687 recognovit.
841 2616 922 2686 llugo
973 2616 1010 2670 ad
1024 2631 1082 2669 eam
1094 2616 1125 2668 in
1139 2616 1241 2671 tinacia
1259 2614 1398 2678 clermont,
1416 2616 1568 2684 benigniter
1588 2617 1745 2679 exaudivit,
1763 2622 1786 2673 ct

110 2709 188 2764 enim
213 2709 247 2765 de
272 2708 390 2763 Pusacio
418 2712 447 2763 et
470 2707 568 2764 Simon
595 2708 630 2763 de
657 2711 761 2777 Arretu,
787 2708 924 2764 liudulfus
973 2711 1084 2776 apmirm
1100 2711 1271 2772 nostrarmn
1287 2709 1365 2772 bello,
1381 2709 1787 2782 sedtumeuttenuatadisper·

110 2820 223 2877 quoque
237 2803 272 2858 da
290 2804 377 2857 Ponte
390 2801 577 2857 Erehenfredi
591 2808 618 2857 et
631 2801 823 2870 Guaseeliuus,
837 2803 923 2858 frater
973 2805 1019 2870 sit,
1034 2805 1155 2874 uiresque
1169 2810 1276 2858 nostras
1294 2804 1352 2859 sine
1366 2805 1507 2872 sanguinis
1520 2804 1646 2873 effusione
1665 2804 1785 2861 attonsa.

110 2899 182 2970 ejus,
198 2897 304 2969 aliique
328 2898 424 2968 plures
446 2897 480 2952 de
499 2896 646 2967 Cisalpinis
669 2902 749 2951 erunt
773 2913 838 2951 eum
853 2898 922 2951 bua-
974 2900 1025 2953 Fac
1047 2899 1143 2965 initur,
1167 2913 1328 2968 quaesumus,
1348 2914 1445 2969 precem
1464 2914 1523 2953 eum
1546 2900 1720 2969 imperatore,
1739 2917 1785 2956 aa·

110 2991 229 3047 mundo.
264 2989 394 3061 Plerique
426 2991 460 3045 du
489 2989 550 3044 aliis
582 2989 742 3045 nationibus
773 2990 923 3046 transitum
934 2996 1082 3103 Ctequam
1103 2992 1346 3062 comprehendaris,
1372 3008 1419 3047 seu
1441 2998 1525 3048 mute
1543 2992 1740 3057 condemneris,
1763 3002 1788 3049 ct

111 3086 199 3142 maris
212 3085 424 3157 exspectabant,
440 3085 487 3156 qui
508 3100 608 3139 onrues
628 3101 692 3139 eum
713 3085 835 3156 praefato
851 3086 923 3141 duce
974 3101 1062 3141 urrrrres
1077 3087 1127 3147 tui,
1143 3091 1168 3141 te
1183 3087 1303 3149 cudente,
1317 3088 1443 3157 protinus
1460 3086 1626 3158 deputentur
1639 3090 1786 3144 inextrica-

110 3183 210 3235 contru
234 3180 434 3251 imperatorem
460 3178 596 3234 dimicare
623 3178 770 3251 optabant,
798 3182 826 3233 et
848 3179 923 3234 illius
976 3179 1073 3235 bilibus
1087 3182 1220 3235 aerurnnis.

111 3273 291 3343 liberalitate,
308 3272 534 3345 iamsibiquarn
556 3273 635 3344 equis
656 3273 723 3337 suis,
744 3272 924 3345 pabulumin
1011 3272 1058 3328 llis
1088 3273 1201 3344 auditis,
1232 3274 1336 3345 probus
1368 3275 1423 3331 dux
1457 3275 1640 3331 manifestam
1671 3292 1788 3332 suorum

112 3370 158 3425 illa
174 3367 383 3440 praestolatione
402 3368 564 3423 sumebant.
579 3367 628 3422 llle
647 3367 785 3421 nimirum
800 3370 839 3422 tut
854 3368 925 3439 plru-
975 3366 1166 3423 defectionum
1182 3367 1332 3439 intellexit,
1347 3373 1376 3424 et
1395 3374 1548 3440 postrema,
1572 3386 1608 3425 ne
1630 3368 1788 3426 insanabile

110 3464 209 3535 langas
223 3479 274 3535 per
286 3462 432 3517 biennium
448 3460 536 3532 pavit,
551 3461 740 3533 aerariumque
754 3478 836 3515 suum
851 3479 925 3533 poue
975 3461 1097 3517 dedecus
1114 3478 1178 3517 cum
1199 3461 1304 3517 damno
1327 3462 1494 3534 incurreret,
1508 3464 1613 3518 invitus
1631 3464 1728 3532 cessit,
1743 3482 1789 3537 pa·

110 3560 201 3613 totum
221 3556 361 3625 exhausit,
376 3560 403 3611 et
424 3572 508 3612 rravcs
522 3555 657 3611 omnibus
673 3555 734 3611 sine
750 3555 836 3610 naulo
851 3555 924 3610 hila·
975 3572 1038 3611 cern
1054 3572 1119 3610 eum
1133 3561 1258 3628 Augusto
1280 3556 1390 3629 pepigit
1408 3558 1510 3628 [lt08],
1527 3557 1649 3630 indeque
1669 3564 1787 3614 moestus

110 3652 182 3708 riter
195 3651 333 3707 exhibuit.
350 3650 523 3707 liudbertum
536 3653 630 3705 autem
644 3649 680 3704 dc
695 3649 858 3706 bfuntufurti
872 3649 923 3704 ho·
974 3649 1003 3704 in
1017 3649 1149 3721 Apuliam
1162 3651 1312 3706 rcrneavit.
1328 3652 1404 3723 Erga
1425 3651 1528 3720 Gallos,
1544 3651 1648 3723 quibus
1664 3652 1789 3708 maxima

111 3747 228 3802 nuriliee
247 3746 380 3816 suscepit,
396 3750 433 3812 et,
450 3744 577 3799 nesciens
596 3760 651 3815 qun
672 3744 708 3798 dc
728 3760 812 3798 causa
830 3743 924 3797 natale
976 3760 1066 3815 regua
1088 3744 1230 3817 pollicitus
1252 3744 1353 3813 luerat,
1375 3745 1499 3813 erubuit,
1521 3746 1619 3818 eisque
1642 3745 1789 3802 licentiam

112 3841 203 3896 solum
219 3840 366 3907 dimiserit,
381 3839 447 3911 quia
460 3841 564 3893 strator
578 3837 764 3893 Nurmaunici
784 3836 925 3893 exereitus
975 3839 1135 3911 peragendi
1147 3839 1410 3911 peregrinationem
1422 3855 1505 3895 sirum
1520 3857 1585 3895 eum
1600 3840 1706 3897 rubore
1724 3857 1789 3913 per·-

112 3931 768 4004 hareditartojuretuer·ar,i1nerpraecipuos
790 3931 924 3986 sublimn-
976 3933 1054 3989 misit
1076 3934 1177 4004 [ltobl.
1199 3934 1276 3988 Turre
1298 3935 1376 4007 llugu
1399 3935 1434 3991 de
1458 3935 1585 4007 Pusaciu,
1603 3940 1632 3991 et
1654 3936 1792 3994 liedulfus

112 4030 161 4084 rit.
178 4030 230 4083 Per
246 4033 344 4100 portus
358 4026 443 4082 maris
470 4042 554 4082 naves
575 4029 604 4080 et
624 4024 789 4097 peregrinus
807 4025 924 4098 jamdu·
977 4027 1011 4082 de
1028 4029 1116 4082 Ponte
1137 4027 1332 4094 Erchenfredi,
1349 4045 1412 4083 cum
1428 4029 1595 4085 Guascclinu
1613 4030 1704 4087 fratre
1730 4048 1790 4103 suo,

114 4123 183 4177 dum
207 4121 378 4191 detinuerat,
398 4123 426 4175 et
449 4119 554 4175 victum
577 4119 709 4174 omnibus
732 4118 926 4174 abundantem
978 4121 1082 4193 aliique
1110 4122 1205 4193 plures
1229 4122 1502 4195 Constantinopolim
1526 4123 1681 4194 abierunt,
1707 4130 1736 4182 et
1757 4127 1792 4183 ab

115 4217 149 4271 de
164 4214 322 4271 redditibus
336 4214 394 4269 suis
408 4213 601 4282 constituerat,
617 4213 845 4285 acerrimamque
860 4212 926 4267 viris
976 4215 1072 4270 Alexio
1088 4215 1258 4286 imperatore
1274 4216 1372 4272 multis
1384 4217 1551 4273 muneribus
1563 4217 1699 4275 honorati
1715 4225 1791 4292 srrnt,

113 4312 231 4366 classem
246 4309 274 4365 in
287 4311 447 4380 Augustum
463 4324 645 4379 summopere
660 4306 838 4363 instruxerat.
853 4307 925 4361 Tan·
977 4309 1085 4364 atinde
1099 4309 1256 4365 ierusalem
1270 4310 1388 4382 profecti
1404 4315 1479 4366 surrt.
1495 4314 1526 4368 ln
1541 4312 1612 4368 urbe
1626 4314 1708 4386 regia
1723 4331 1793 4371 uxor

114 4407 181 4461 dem
197 4404 337 4460 exercitus
351 4404 454 4459 Christi
474 4419 610 4475 prospero
624 4402 691 4457 ssatu
707 4402 734 4457 in
753 4401 925 4457 Thessaliam
935 4403 966 4477 Ι)
977 4403 1101 4472 ltadulli,
1117 4403 1175 4458 lilia
1190 4404 1314 4459 Goisleni
1329 4404 1364 4460 de
1378 4405 1491 4478 Leugis,
1507 4413 1687 4476 mortuaest,
1703 4412 1732 4464 et
1746 4408 1793 4463 ibi·

115 4500 265 4573 narigavit,
292 4503 320 4554 et
348 4497 502 4553 berceium
531 4499 616 4570 longo
645 4500 774 4569 tempore
804 4494 924 4550 obsedit.
978 4499 1043 4554 deru
1071 4498 1226 4553 honorilice
1253 4499 1393 4555 tumulata
1421 4505 1474 4555 est.
1503 4500 1647 4569 Quidam,
1672 4504 1795 4574 peractis

112 4595 311 4667 hfagunrrimus
325 4594 383 4649 dux
396 4593 493 4648 mullis
507 4591 599 4647 modis
612 4592 771 4647 conabatur
790 4590 926 4663 oppidum
978 4592 1163 4660 orationibus,
1179 4594 1273 4649 natale
1289 4594 1379 4649 sulum
1394 4594 1581 4667 repetierunt,
1597 4596 1722 4669 vitaeque
1737 4615 1794 4654 suae

114 4706 288 4761 expugnare,
308 4689 356 4743 sed
381 4686 574 4758 impediebant
594 4687 642 4758 qui
665 4685 789 4740 maxime
811 4684 926 4740 debuis-
978 4686 1064 4742 finem
1081 4686 1199 4742 dirersis
1212 4687 1324 4743 casibus
1338 4688 1430 4743 sortiti
1443 4693 1517 4745 sunt.
1531 4688 1622 4745 Cnido
1633 4708 1692 4746 nun
1704 4694 1794 4748 multo

114 4787 179 4839 seut
202 4783 281 4838 illum
306 4762 464 4853 adjuvares
476 4780 566 4836 Guido
591 4780 679 4847 enim,
701 4779 790 4834 frater
812 4782 884 4851 ejus,
900 4784 929 4835 et
979 4786 1041 4853 pust
1057 4782 1213 4853 agrotavit,
1230 4787 1258 4836 et
1274 4782 1467 4853 proditionem
1480 4800 1566 4855 quam
1582 4784 1689 4842 lecerat
1702 4788 1795 4858 palam

115 4878 274 4933 Radbertus
290 4876 324 4931 de
339 4875 508 4943 llonteforti,
525 4875 555 4929 iu
571 4874 672 4946 quibus
687 4874 849 4929 confidebat
868 4891 928 4945 pras
979 4874 1111 4946 cognorit
1118 4892 1126 4944 ;
1144 4874 1192 4930 sed
1205 4873 1442 4931 absolutionernu
1462 4877 1549 4932 fmtre
1570 4895 1720 4951 nunquam
1741 4881 1794 4936 inr-

115 4972 234 5041 earteris,
253 4969 587 5026 fraudulenterconrersi
607 4972 689 5024 eruut
707 4968 743 5023 ad
763 4969 926 5040 partesirn-
979 4972 1093 5040 putrere
1119 4969 1220 5041 putuit.
1249 4970 1325 5025 Tune
1353 4969 1437 5026 etiam
1469 4971 1637 5044 Rodbertus,
1665 4975 1796 5046 ejusdem

114 5067 263 5138 paraturis,
284 5068 313 5120 et
336 5063 467 5120 excecati
490 5063 525 5118 ab
547 5080 592 5132 eo,
614 5061 707 5117 nrissis
731 5062 855 5135 ingentis
878 5080 926 5134 pe-
980 5062 1147 5134 proditionis
1166 5064 1319 5136 particeps,
1338 5073 1470 5122 mortuus
1487 5074 1540 5136 ast,
1565 5084 1616 5123 nec
1640 5068 1727 5125 ullius
1747 5086 1796 5126 ure

116 5160 205 5215 cuniae
227 5159 345 5227 exeniis,
361 5159 460 5214 callide
481 5158 693 5213 frustrabantur
715 5156 863 5213 molimina
887 5158 929 5213 sui
980 5173 1032 5229 pro
1048 5156 1159 5211 meritis
1173 5158 1302 5213 laudatus
1315 5164 1367 5215 est.

118 5253 262 5324 principis.
288 5254 369 5319 Nam,
394 5253 462 5308 dum
487 5252 536 5307 ille
560 5251 706 5307 urachinas
731 5254 928 5326 praeparasset,
1016 5253 1098 5306 Anrro
1111 5249 1145 5306 a‘n
1160 5252 1353 5309 incarnatione
1367 5254 1481 5310 flumini
1497 5258 1575 5324 llll,
1591 5255 1749 5314 indictione
1760 5274 1795 5328 rr,

116 5349 221 5419 dieque
244 5350 347 5402 statuto
360 5347 496 5401 assultum
510 5346 603 5402 faeere
626 5346 804 5417 decrevisset,
827 5345 866 5400 illi
886 5346 928 5400 ni·
980 5346 1087 5401 Marcus
1107 5346 1290 5403 buamundus
1310 5353 1372 5419 pust
1395 5349 1501 5405 multus
1521 5366 1628 5421 agones
1650 5356 1680 5407 et
1698 5352 1799 5408 trium·

116 5441 221 5497 mirum
247 5441 355 5513 aliquas
379 5441 538 5497 occasiones
565 5440 684 5497 subdolo
711 5440 929 5513 praetendentes,
982 5440 1053 5511 plros
1068 5440 1097 5495 in
1115 5441 1232 5497 nomine
1246 5443 1311 5497 lesu
1326 5442 1408 5499 obiit.
1420 5443 1471 5501 Cui
1493 5442 1646 5500 laudabilis
1664 5446 1747 5503 utiles
1763 5447 1798 5502 ad

117 5535 243 5591 inducias
258 5536 404 5607 petebant,
419 5536 460 5590 vel
475 5535 614 5606 hostibus,
628 5552 683 5608 qua
699 5534 931 5607 tergiversatione
981 5534 1170 5591 confutandos
1189 5535 1324 5593 h'lhuicos
1336 5537 1495 5594 Taneredus
1514 5554 1565 5610 per·
1578 5538 1690 5611 aliquot
1706 5558 1799 5597 annus

100 5630 271 5698 perieulum
295 5630 410 5687 instans
433 5633 643 5704 praecaverent,
664 5630 793 5687 elurreula
818 5629 933 5686 intima·
983 5629 1207 5696 seleucensibus
1226 5631 1370 5701 defuncto,
1392 5632 1541 5705 hogerius,
1557 5632 1691 5689 llichardi
1710 5634 1798 5707 lilius,

1 5756 25 5871 ἓ
81 5718 167 5777 hant.
187 5722 239 5779 Sic
262 5724 458 5783 Breanruudus
473 5723 643 5802 proditioue
662 5744 785 5787 sumum
808 5743 877 5789 cum
892 5744 938 5785 cu·
990 5725 1184 5803 prefatorum
1211 5724 1381 5800 prinespum
1408 5724 1618 5793 causabimus,
1647 5727 1802 5787 Antinushin
