<?xml version="1.0" encoding="UTF-8"?>
<!DOCTYPE html PUBLIC "-//W3C//DTD XHTML 1.0 Transitional//EN"
    "http://www.w3.org/TR/xhtml1/DTD/xhtml1-transitional.dtd">
<html xmlns="http://www.w3.org/1999/xhtml" xml:lang="en" lang="en">
 <head>
  <title>
</title>
<meta http-equiv="Content-Type" content="text/html;charset=utf-8" />
  <meta name='ocr-system' content='tesseract 3.04.00' />
  <meta name='ocr-capabilities' content='ocr_page ocr_carea ocr_par ocr_line ocrx_word'/>
</head>
<body>
  <div class='ocr_page' id='page_1' title='image "./patrologiaecurs67unkngoog_0278.png"; bbox 0 0 3750 6046; ppageno 0'>
   <div class='ocr_carea' id='block_1_1' title="bbox 399 192 1669 255">
    <p class='ocr_par' dir='ltr' id='par_1_1' title="bbox 399 192 1669 255">
     <span class='ocr_line' id='line_1_1' title="bbox 399 192 1669 255; baseline 0.004 -5"><span class='ocrx_word' id='word_1_1' title='bbox 399 193 553 252; x_wconf 78' lang='lat' dir='ltr'>ttts&#39;lottta</span> <span class='ocrx_word' id='word_1_2' title='bbox 572 195 839 253; x_wconf 72' lang='lat' dir='ltr'>ECCLESleTiCA.</span> <span class='ocrx_word' id='word_1_3' title='bbox 855 225 888 235; x_wconf 91' lang='lat'><em>-</em></span> <span class='ocrx_word' id='word_1_4' title='bbox 903 194 988 250; x_wconf 82' lang='lat' dir='ltr'>PARS</span> <span class='ocrx_word' id='word_1_5' title='bbox 1007 192 1052 248; x_wconf 88' lang='lat' dir='ltr'>lli.</span> <span class='ocrx_word' id='word_1_6' title='bbox 1068 223 1102 234; x_wconf 87' lang='grc'><strong>-</strong></span> <span class='ocrx_word' id='word_1_7' title='bbox 1119 192 1182 249; x_wconf 85' lang='lat' dir='ltr'>Llll.</span> <span class='ocrx_word' id='word_1_8' title='bbox 1204 192 1260 248; x_wconf 90' lang='lat' dir='ltr'>Vll.</span> <span class='ocrx_word' id='word_1_9' title='bbox 1618 201 1669 255; x_wconf 75' lang='lat'>550</span> 
     </span>
    </p>
   </div>
   <div class='ocr_carea' id='block_1_2' title="bbox 71 314 1746 5804">
    <p class='ocr_par' dir='ltr' id='par_1_2' title="bbox 71 314 1672 1794">
     <span class='ocr_line' id='line_1_2' title="bbox 72 314 1672 410; baseline 0.006 -43"><span class='ocrx_word' id='word_1_10' title='bbox 72 317 154 384; x_wconf 83' lang='lat' dir='ltr'>stere,</span> <span class='ocrx_word' id='word_1_11' title='bbox 169 314 312 371; x_wconf 80' lang='lat' dir='ltr'>obediatis</span> <span class='ocrx_word' id='word_1_12' title='bbox 326 317 460 389; x_wconf 90' lang='lat' dir='ltr'>imperio.</span> <span class='ocrx_word' id='word_1_13' title='bbox 477 319 590 374; x_wconf 84' lang='lat' dir='ltr'>Piorum</span> <span class='ocrx_word' id='word_1_14' title='bbox 604 320 799 390; x_wconf 88' lang='lat' dir='ltr'>sophistarum</span> <span class='ocrx_word' id='word_1_15' title='bbox 813 316 1590 410; x_wconf 60' lang='lat' dir='ltr'>ANormanniam,etGuillelmusdngliam.Tuautem</span> <span class='ocrx_word' id='word_1_16' title='bbox 1601 325 1672 377; x_wconf 87' lang='lat' dir='ltr'>tem·</span> 
     </span>
     <span class='ocr_line' id='line_1_3' title="bbox 71 408 1669 484; baseline 0.006 -23"><span class='ocrx_word' id='word_1_17' title='bbox 71 408 119 462; x_wconf 90' lang='lat' dir='ltr'>ina</span> <span class='ocrx_word' id='word_1_18' title='bbox 141 410 193 478; x_wconf 84' lang='lat' dir='ltr'>est,</span> <span class='ocrx_word' id='word_1_19' title='bbox 218 409 327 464; x_wconf 88' lang='lat' dir='ltr'>bonum</span> <span class='ocrx_word' id='word_1_20' title='bbox 349 426 366 465; x_wconf 92' lang='lat' dir='ltr'>a</span> <span class='ocrx_word' id='word_1_21' title='bbox 385 412 460 466; x_wconf 90' lang='lat' dir='ltr'>maio</span> <span class='ocrx_word' id='word_1_22' title='bbox 478 413 646 480; x_wconf 85' lang='lat' dir='ltr'>discernere,</span> <span class='ocrx_word' id='word_1_23' title='bbox 663 413 804 484; x_wconf 89' lang='lat' dir='ltr'>justitiam</span> <span class='ocrx_word' id='word_1_24' title='bbox 853 428 923 482; x_wconf 89' lang='lat' dir='ltr'>pore</span> <span class='ocrx_word' id='word_1_25' title='bbox 945 413 995 466; x_wconf 91' lang='lat' dir='ltr'>tuo</span> <span class='ocrx_word' id='word_1_26' title='bbox 1015 413 1107 465; x_wconf 88' lang='lat' dir='ltr'>totum</span> <span class='ocrx_word' id='word_1_27' title='bbox 1128 412 1277 478; x_wconf 79' lang='lat' dir='ltr'><strong>honorem,</strong></span> <span class='ocrx_word' id='word_1_28' title='bbox 1299 427 1386 482; x_wconf 91' lang='lat' dir='ltr'>quem</span> <span class='ocrx_word' id='word_1_29' title='bbox 1402 429 1456 484; x_wconf 92' lang='lat' dir='ltr'>ego</span> <span class='ocrx_word' id='word_1_30' title='bbox 1478 417 1577 469; x_wconf 88' lang='lat' dir='ltr'>nactus</span> <span class='ocrx_word' id='word_1_31' title='bbox 1595 431 1669 483; x_wconf 88' lang='lat' dir='ltr'>sum,</span> 
     </span>
     <span class='ocr_line' id='line_1_4' title="bbox 72 501 1669 578; baseline 0.005 -23"><span class='ocrx_word' id='word_1_32' title='bbox 72 501 277 572; x_wconf 88' lang='lat' dir='ltr'>modisteuere,</span> <span class='ocrx_word' id='word_1_33' title='bbox 287 503 503 576; x_wconf 77' lang='lat' dir='ltr'>nequitiamque</span> <span class='ocrx_word' id='word_1_34' title='bbox 514 507 592 560; x_wconf 93' lang='lat' dir='ltr'>omni</span> <span class='ocrx_word' id='word_1_35' title='bbox 603 506 803 561; x_wconf 93' lang='lat' dir='ltr'>molimineca-</span> <span class='ocrx_word' id='word_1_36' title='bbox 855 503 981 572; x_wconf 89' lang='lat' dir='ltr'>habebis,</span> <span class='ocrx_word' id='word_1_37' title='bbox 996 507 1024 558; x_wconf 93' lang='lat' dir='ltr'>et</span> <span class='ocrx_word' id='word_1_38' title='bbox 1044 503 1179 558; x_wconf 89' lang='lat' dir='ltr'>fratribus</span> <span class='ocrx_word' id='word_1_39' title='bbox 1194 504 1249 559; x_wconf 91' lang='lat' dir='ltr'>tuis</span> <span class='ocrx_word' id='word_1_40' title='bbox 1264 503 1369 559; x_wconf 91' lang='lat' dir='ltr'>divitiis</span> <span class='ocrx_word' id='word_1_41' title='bbox 1390 511 1418 560; x_wconf 90' lang='lat' dir='ltr'>et</span> <span class='ocrx_word' id='word_1_42' title='bbox 1436 511 1574 576; x_wconf 87' lang='lat' dir='ltr'>potestate</span> <span class='ocrx_word' id='word_1_43' title='bbox 1594 524 1669 578; x_wconf 76' lang='lat' dir='ltr'>pra·</span> 
     </span>
     <span class='ocr_line' id='line_1_5' title="bbox 81 593 1668 673; baseline 0.005 -24"><span class='ocrx_word' id='word_1_44' title='bbox 81 593 204 650; x_wconf 86' lang='lat' dir='ltr'>infirmis</span> <span class='ocrx_word' id='word_1_45' title='bbox 218 599 246 651; x_wconf 88' lang='lat' dir='ltr'>et</span> <span class='ocrx_word' id='word_1_46' title='bbox 259 597 431 668; x_wconf 89' lang='lat' dir='ltr'>pauperibus</span> <span class='ocrx_word' id='word_1_47' title='bbox 441 616 473 654; x_wconf 88' lang='lat' dir='ltr'>ac</span> <span class='ocrx_word' id='word_1_48' title='bbox 480 599 566 670; x_wconf 87' lang='lat' dir='ltr'>justis</span> <span class='ocrx_word' id='word_1_49' title='bbox 578 616 693 671; x_wconf 90' lang='lat' dir='ltr'>parcere</span> <span class='ocrx_word' id='word_1_50' title='bbox 702 610 729 655; x_wconf 94' lang='lat' dir='ltr'>et</span> <span class='ocrx_word' id='word_1_51' title='bbox 740 600 803 655; x_wconf 90' lang='lat' dir='ltr'>sub·</span> <span class='ocrx_word' id='word_1_52' title='bbox 853 597 948 652; x_wconf 75' lang='lat' dir='ltr'>ambis.</span> <span class='ocrx_word' id='word_1_53' title='bbox 963 617 978 647; x_wconf 83' lang='lat' dir='ltr'>u</span> <span class='ocrx_word' id='word_1_54' title='bbox 1003 596 1050 651; x_wconf 86' lang='lat' dir='ltr'>liis</span> <span class='ocrx_word' id='word_1_55' title='bbox 1071 597 1112 651; x_wconf 92' lang='lat' dir='ltr'>ita</span> <span class='ocrx_word' id='word_1_56' title='bbox 1127 597 1218 666; x_wconf 92' lang='lat' dir='ltr'>dictis,</span> <span class='ocrx_word' id='word_1_57' title='bbox 1243 600 1374 653; x_wconf 86' lang='lat' dir='ltr'>metuens</span> <span class='ocrx_word' id='word_1_58' title='bbox 1397 614 1503 655; x_wconf 89' lang='lat' dir='ltr'>rexne</span> <span class='ocrx_word' id='word_1_59' title='bbox 1525 599 1554 655; x_wconf 92' lang='lat' dir='ltr'>iu</span> <span class='ocrx_word' id='word_1_60' title='bbox 1576 616 1668 673; x_wconf 91' lang='lat' dir='ltr'>regno</span> 
     </span>
     <span class='ocr_line' id='line_1_6' title="bbox 72 688 1669 763; baseline 0.006 -21"><span class='ocrx_word' id='word_1_61' title='bbox 72 703 96 757; x_wconf 87' lang='lat' dir='ltr'>e,</span> <span class='ocrx_word' id='word_1_62' title='bbox 113 689 252 760; x_wconf 88' lang='lat' dir='ltr'>superbos</span> <span class='ocrx_word' id='word_1_63' title='bbox 272 694 300 745; x_wconf 88' lang='lat' dir='ltr'>et</span> <span class='ocrx_word' id='word_1_64' title='bbox 314 691 428 762; x_wconf 91' lang='lat' dir='ltr'>iniquos</span> <span class='ocrx_word' id='word_1_65' title='bbox 442 693 631 763; x_wconf 82' lang='lat' dir='ltr'>comprimere</span> <span class='ocrx_word' id='word_1_66' title='bbox 654 709 687 747; x_wconf 91' lang='lat' dir='ltr'>ac</span> <span class='ocrx_word' id='word_1_67' title='bbox 704 692 801 748; x_wconf 91' lang='lat' dir='ltr'>debel·</span> <span class='ocrx_word' id='word_1_68' title='bbox 853 694 910 745; x_wconf 79' lang='lat' dir='ltr'>am</span> <span class='ocrx_word' id='word_1_69' title='bbox 931 688 1036 745; x_wconf 82' lang='lat' dir='ltr'>diffuso</span> <span class='ocrx_word' id='word_1_70' title='bbox 1057 690 1209 761; x_wconf 88' lang='lat' dir='ltr'>repentina</span> <span class='ocrx_word' id='word_1_71' title='bbox 1232 690 1356 746; x_wconf 88' lang='lat' dir='ltr'>oriretur</span> <span class='ocrx_word' id='word_1_72' title='bbox 1371 690 1505 762; x_wconf 74' lang='lat' dir='ltr'>turbatio,</span> <span class='ocrx_word' id='word_1_73' title='bbox 1520 693 1669 763; x_wconf 87' lang='lat' dir='ltr'>epistolam</span> 
     </span>
     <span class='ocr_line' id='line_1_7' title="bbox 72 782 1667 859; baseline 0.006 -24"><span class='ocrx_word' id='word_1_74' title='bbox 72 785 102 836; x_wconf 87' lang='lat' dir='ltr'>et</span> <span class='ocrx_word' id='word_1_75' title='bbox 111 782 146 836; x_wconf 91' lang='lat' dir='ltr'>ab</span> <span class='ocrx_word' id='word_1_76' title='bbox 161 782 343 840; x_wconf 84' lang='lat' dir='ltr'>infestatione</span> <span class='ocrx_word' id='word_1_77' title='bbox 356 785 529 857; x_wconf 90' lang='lat' dir='ltr'>simplicium</span> <span class='ocrx_word' id='word_1_78' title='bbox 544 787 699 856; x_wconf 87' lang='lat' dir='ltr'>refrenare,</span> <span class='ocrx_word' id='word_1_79' title='bbox 716 787 802 843; x_wconf 89' lang='lat' dir='ltr'>eccle·</span> <span class='ocrx_word' id='word_1_80' title='bbox 852 784 888 838; x_wconf 88' lang='lat' dir='ltr'>de</span> <span class='ocrx_word' id='word_1_81' title='bbox 902 783 1101 839; x_wconf 85' lang='lat' dir='ltr'>constituendo</span> <span class='ocrx_word' id='word_1_82' title='bbox 1114 799 1183 855; x_wconf 85' lang='lat' dir='ltr'>rege</span> <span class='ocrx_word' id='word_1_83' title='bbox 1196 783 1265 839; x_wconf 89' lang='lat' dir='ltr'>fecit</span> <span class='ocrx_word' id='word_1_84' title='bbox 1274 784 1431 840; x_wconf 87' lang='lat' dir='ltr'>Lanfranco</span> <span class='ocrx_word' id='word_1_85' title='bbox 1441 786 1667 859; x_wconf 88' lang='lat' dir='ltr'>archiepiscopo,</span> 
     </span>
     <span class='ocr_line' id='line_1_8' title="bbox 72 875 1666 951; baseline 0.004 -22"><span class='ocrx_word' id='word_1_86' title='bbox 72 878 194 931; x_wconf 72' lang='lat' dir='ltr'>sanctam</span> <span class='ocrx_word' id='word_1_87' title='bbox 205 875 306 933; x_wconf 89' lang='lat' dir='ltr'>devota</span> <span class='ocrx_word' id='word_1_88' title='bbox 319 877 513 951; x_wconf 89' lang='lat' dir='ltr'>frequentare,</span> <span class='ocrx_word' id='word_1_89' title='bbox 525 879 681 936; x_wconf 89' lang='lat' dir='ltr'>divinitatis</span> <span class='ocrx_word' id='word_1_90' title='bbox 691 881 800 936; x_wconf 88' lang='lat' dir='ltr'>cultum</span> <span class='ocrx_word' id='word_1_91' title='bbox 851 893 959 950; x_wconf 88' lang='lat' dir='ltr'>suoque</span> <span class='ocrx_word' id='word_1_92' title='bbox 983 877 1074 950; x_wconf 86' lang='lat' dir='ltr'>sigillo</span> <span class='ocrx_word' id='word_1_93' title='bbox 1097 877 1241 949; x_wconf 80' lang='lat' dir='ltr'>signatam</span> <span class='ocrx_word' id='word_1_94' title='bbox 1266 877 1383 932; x_wconf 89' lang='lat' dir='ltr'>tradidit</span> <span class='ocrx_word' id='word_1_95' title='bbox 1406 879 1558 936; x_wconf 86' lang='lat' dir='ltr'>Guilielmo</span> <span class='ocrx_word' id='word_1_96' title='bbox 1582 880 1666 951; x_wconf 85' lang='lat' dir='ltr'>liufo,</span> 
     </span>
     <span class='ocr_line' id='line_1_9' title="bbox 91 970 1665 1046; baseline 0.004 -23"><span class='ocrx_word' id='word_1_97' title='bbox 91 984 193 1024; x_wconf 91' lang='lat' dir='ltr'>omnes</span> <span class='ocrx_word' id='word_1_98' title='bbox 215 970 328 1026; x_wconf 80' lang='lat' dir='ltr'>divitias</span> <span class='ocrx_word' id='word_1_99' title='bbox 342 988 450 1040; x_wconf 83' lang='lat' dir='ltr'>amare,</span> <span class='ocrx_word' id='word_1_100' title='bbox 466 978 494 1028; x_wconf 88' lang='lat' dir='ltr'>et</span> <span class='ocrx_word' id='word_1_101' title='bbox 516 973 617 1029; x_wconf 73' lang='lat' dir='ltr'>divine</span> <span class='ocrx_word' id='word_1_102' title='bbox 639 974 696 1046; x_wconf 80' lang='lat' dir='ltr'>tegi</span> <span class='ocrx_word' id='word_1_103' title='bbox 718 981 800 1031; x_wconf 85' lang='lat' dir='ltr'>noete</span> <span class='ocrx_word' id='word_1_104' title='bbox 851 970 909 1027; x_wconf 86' lang='lat' dir='ltr'>lilio</span> <span class='ocrx_word' id='word_1_105' title='bbox 922 986 985 1040; x_wconf 91' lang='lat' dir='ltr'>suo,</span> <span class='ocrx_word' id='word_1_106' title='bbox 999 971 1102 1042; x_wconf 86' lang='lat' dir='ltr'>jubens</span> <span class='ocrx_word' id='word_1_107' title='bbox 1118 974 1148 1026; x_wconf 93' lang='lat' dir='ltr'>ut</span> <span class='ocrx_word' id='word_1_108' title='bbox 1161 972 1190 1026; x_wconf 93' lang='lat' dir='ltr'>iu</span> <span class='ocrx_word' id='word_1_109' title='bbox 1211 971 1345 1042; x_wconf 83' lang='lat' dir='ltr'>angliam</span> <span class='ocrx_word' id='word_1_110' title='bbox 1360 972 1559 1030; x_wconf 76' lang='lat' dir='ltr'>transfretaret</span> <span class='ocrx_word' id='word_1_111' title='bbox 1573 975 1665 1030; x_wconf 90' lang='lat' dir='ltr'>couti·</span> 
     </span>
     <span class='ocr_line' id='line_1_10' title="bbox 72 1062 1663 1139; baseline 0.005 -23"><span class='ocrx_word' id='word_1_112' title='bbox 72 1077 89 1116; x_wconf 88' lang='lat' dir='ltr'>a</span> <span class='ocrx_word' id='word_1_113' title='bbox 117 1067 145 1116; x_wconf 88' lang='lat' dir='ltr'>et</span> <span class='ocrx_word' id='word_1_114' title='bbox 169 1062 198 1117; x_wconf 91' lang='lat' dir='ltr'>in</span> <span class='ocrx_word' id='word_1_115' title='bbox 224 1064 350 1119; x_wconf 85' lang='lat' dir='ltr'>adversis</span> <span class='ocrx_word' id='word_1_116' title='bbox 372 1072 401 1121; x_wconf 90' lang='lat' dir='ltr'>et</span> <span class='ocrx_word' id='word_1_117' title='bbox 421 1066 565 1138; x_wconf 84' lang='lat' dir='ltr'>prosperis</span> <span class='ocrx_word' id='word_1_118' title='bbox 587 1067 801 1139; x_wconf 80' lang='lat' dir='ltr'>infatigabiliter</span> <span class='ocrx_word' id='word_1_119' title='bbox 849 1080 917 1120; x_wconf 92' lang='lat' dir='ltr'>nuo.</span> <span class='ocrx_word' id='word_1_120' title='bbox 933 1064 1038 1120; x_wconf 83' lang='lat' dir='ltr'>Deinde</span> <span class='ocrx_word' id='word_1_121' title='bbox 1051 1065 1193 1120; x_wconf 88' lang='lat' dir='ltr'>osculatus</span> <span class='ocrx_word' id='word_1_122' title='bbox 1205 1081 1273 1119; x_wconf 91' lang='lat' dir='ltr'>eum</span> <span class='ocrx_word' id='word_1_123' title='bbox 1286 1065 1439 1134; x_wconf 83' lang='lat' dir='ltr'>benedixit,</span> <span class='ocrx_word' id='word_1_124' title='bbox 1456 1072 1484 1121; x_wconf 90' lang='lat' dir='ltr'>et</span> <span class='ocrx_word' id='word_1_125' title='bbox 1500 1071 1579 1123; x_wconf 87' lang='lat' dir='ltr'>trans</span> <span class='ocrx_word' id='word_1_126' title='bbox 1593 1084 1663 1139; x_wconf 87' lang='lat' dir='ltr'>pon·</span> 
     </span>
     <span class='ocr_line' id='line_1_11' title="bbox 72 1156 1665 1230; baseline 0.004 -21"><span class='ocrx_word' id='word_1_127' title='bbox 72 1170 197 1226; x_wconf 76' lang='lat' dir='ltr'>sperare.</span> <span class='ocrx_word' id='word_1_128' title='bbox 850 1163 912 1213; x_wconf 91' lang='lat' dir='ltr'>tum</span> <span class='ocrx_word' id='word_1_129' title='bbox 925 1157 960 1212; x_wconf 91' lang='lat' dir='ltr'>ad</span> <span class='ocrx_word' id='word_1_130' title='bbox 975 1156 1189 1229; x_wconf 90' lang='lat' dir='ltr'>suscipiendum</span> <span class='ocrx_word' id='word_1_131' title='bbox 1205 1157 1339 1213; x_wconf 87' lang='lat' dir='ltr'>diadema</span> <span class='ocrx_word' id='word_1_132' title='bbox 1353 1164 1542 1230; x_wconf 86' lang='lat' dir='ltr'>properanter</span> <span class='ocrx_word' id='word_1_133' title='bbox 1552 1160 1665 1216; x_wconf 91' lang='lat' dir='ltr'>direxit.</span> 
     </span>
     <span class='ocr_line' id='line_1_12' title="bbox 72 1249 1664 1327; baseline 0.004 -24"><span class='ocrx_word' id='word_1_134' title='bbox 72 1249 200 1304; x_wconf 83' lang='lat' dir='ltr'>iuratum</span> <span class='ocrx_word' id='word_1_135' title='bbox 228 1250 420 1320; x_wconf 83' lang='lat' dir='ltr'>Normanniae,</span> <span class='ocrx_word' id='word_1_136' title='bbox 441 1257 596 1325; x_wconf 81' lang='lat' dir='ltr'>autequam</span> <span class='ocrx_word' id='word_1_137' title='bbox 617 1256 648 1311; x_wconf 83' lang='lat' dir='ltr'>in</span> <span class='ocrx_word' id='word_1_138' title='bbox 672 1256 799 1327; x_wconf 79' lang='lat' dir='ltr'>epitumo</span> <span class='ocrx_word' id='word_1_139' title='bbox 850 1250 905 1314; x_wconf 86' lang='lat' dir='ltr'>Qui</span> <span class='ocrx_word' id='word_1_140' title='bbox 920 1265 984 1306; x_wconf 88' lang='lat' dir='ltr'>mox</span> <span class='ocrx_word' id='word_1_141' title='bbox 997 1249 1035 1305; x_wconf 91' lang='lat' dir='ltr'>ad</span> <span class='ocrx_word' id='word_1_142' title='bbox 1050 1254 1176 1321; x_wconf 90' lang='lat' dir='ltr'>portum,</span> <span class='ocrx_word' id='word_1_143' title='bbox 1192 1251 1242 1322; x_wconf 92' lang='lat' dir='ltr'>qui</span> <span class='ocrx_word' id='word_1_144' title='bbox 1257 1251 1382 1306; x_wconf 85' lang='lat' dir='ltr'>Witsaud</span> <span class='ocrx_word' id='word_1_145' title='bbox 1396 1251 1510 1320; x_wconf 89' lang='lat' dir='ltr'>dicitur,</span> <span class='ocrx_word' id='word_1_146' title='bbox 1523 1254 1664 1325; x_wconf 81' lang='lat' dir='ltr'>pervenit,</span> 
     </span>
     <span class='ocr_line' id='line_1_13' title="bbox 72 1342 1663 1416; baseline 0.004 -21"><span class='ocrx_word' id='word_1_147' title='bbox 72 1358 83 1396; x_wconf 89' lang='lat' dir='ltr'>c</span> <span class='ocrx_word' id='word_1_148' title='bbox 104 1348 204 1398; x_wconf 86' lang='lat' dir='ltr'>contra</span> <span class='ocrx_word' id='word_1_149' title='bbox 226 1343 377 1400; x_wconf 69' lang='lat' dir='ltr'>beroldum</span> <span class='ocrx_word' id='word_1_150' title='bbox 403 1350 566 1416; x_wconf 77' lang='lat' dir='ltr'>certassem,</span> <span class='ocrx_word' id='word_1_151' title='bbox 591 1349 714 1405; x_wconf 76' lang='lat' dir='ltr'>lieberto</span> <span class='ocrx_word' id='word_1_152' title='bbox 739 1349 798 1406; x_wconf 78' lang='lat' dir='ltr'>filie</span> <span class='ocrx_word' id='word_1_153' title='bbox 848 1342 946 1414; x_wconf 90' lang='lat' dir='ltr'>ibique</span> <span class='ocrx_word' id='word_1_154' title='bbox 955 1343 1016 1415; x_wconf 89' lang='lat' dir='ltr'>jam</span> <span class='ocrx_word' id='word_1_155' title='bbox 1031 1348 1141 1414; x_wconf 90' lang='lat' dir='ltr'>patrem</span> <span class='ocrx_word' id='word_1_156' title='bbox 1162 1343 1272 1399; x_wconf 87' lang='lat' dir='ltr'>audivit</span> <span class='ocrx_word' id='word_1_157' title='bbox 1287 1343 1400 1399; x_wconf 89' lang='lat' dir='ltr'>obiisse.</span> <span class='ocrx_word' id='word_1_158' title='bbox 1416 1345 1554 1401; x_wconf 89' lang='lat' dir='ltr'>Heuricus</span> <span class='ocrx_word' id='word_1_159' title='bbox 1567 1352 1663 1402; x_wconf 87' lang='lat' dir='ltr'>autem</span> 
     </span>
     <span class='ocr_line' id='line_1_14' title="bbox 72 1436 1664 1514; baseline 0.004 -25"><span class='ocrx_word' id='word_1_160' title='bbox 72 1436 537 1510; x_wconf 85' lang='lat' dir='ltr'>oncessi,quiaprimogenitusest.</span> <span class='ocrx_word' id='word_1_161' title='bbox 552 1441 715 1497; x_wconf 87' lang='lat' dir='ltr'>Hominium</span> <span class='ocrx_word' id='word_1_162' title='bbox 725 1459 799 1514; x_wconf 87' lang='lat' dir='ltr'>pene</span> <span class='ocrx_word' id='word_1_163' title='bbox 848 1436 993 1492; x_wconf 85' lang='lat' dir='ltr'>festinavit</span> <span class='ocrx_word' id='word_1_164' title='bbox 1006 1437 1224 1492; x_wconf 82' lang='lat' dir='ltr'>denominatam</span> <span class='ocrx_word' id='word_1_165' title='bbox 1238 1437 1290 1492; x_wconf 91' lang='lat' dir='ltr'>sibi</span> <span class='ocrx_word' id='word_1_166' title='bbox 1302 1440 1454 1509; x_wconf 89' lang='lat' dir='ltr'>pecuniam</span> <span class='ocrx_word' id='word_1_167' title='bbox 1468 1439 1605 1510; x_wconf 86' lang='lat' dir='ltr'>recipere,</span> <span class='ocrx_word' id='word_1_168' title='bbox 1623 1440 1664 1494; x_wconf 92' lang='lat' dir='ltr'>di·</span> 
     </span>
     <span class='ocr_line' id='line_1_15' title="bbox 71 1529 1665 1607; baseline 0.004 -24"><span class='ocrx_word' id='word_1_169' title='bbox 71 1545 113 1584; x_wconf 83' lang='lat' dir='ltr'>rm</span> <span class='ocrx_word' id='word_1_170' title='bbox 126 1529 211 1600; x_wconf 91' lang='lat' dir='ltr'>hujus</span> <span class='ocrx_word' id='word_1_171' title='bbox 230 1531 328 1601; x_wconf 76' lang='lat' dir='ltr'>patrie</span> <span class='ocrx_word' id='word_1_172' title='bbox 348 1532 493 1588; x_wconf 87' lang='lat' dir='ltr'>baronum</span> <span class='ocrx_word' id='word_1_173' title='bbox 512 1536 573 1606; x_wconf 88' lang='lat' dir='ltr'>jam</span> <span class='ocrx_word' id='word_1_174' title='bbox 593 1536 710 1607; x_wconf 87' lang='lat' dir='ltr'>recepit.</span> <span class='ocrx_word' id='word_1_175' title='bbox 724 1538 797 1593; x_wconf 86' lang='lat' dir='ltr'>Con·</span> <span class='ocrx_word' id='word_1_176' title='bbox 848 1529 973 1603; x_wconf 88' lang='lat' dir='ltr'>ligenter</span> <span class='ocrx_word' id='word_1_177' title='bbox 985 1547 1022 1585; x_wconf 91' lang='lat' dir='ltr'>ne</span> <span class='ocrx_word' id='word_1_178' title='bbox 1036 1530 1105 1602; x_wconf 91' lang='lat' dir='ltr'>quid</span> <span class='ocrx_word' id='word_1_179' title='bbox 1115 1530 1168 1586; x_wconf 89' lang='lat' dir='ltr'>sibi</span> <span class='ocrx_word' id='word_1_180' title='bbox 1176 1531 1289 1592; x_wconf 83' lang='lat' dir='ltr'>deesset</span> <span class='ocrx_word' id='word_1_181' title='bbox 1298 1531 1469 1603; x_wconf 87' lang='lat' dir='ltr'>ponderare,</span> <span class='ocrx_word' id='word_1_182' title='bbox 1479 1533 1665 1589; x_wconf 88' lang='lat' dir='ltr'>necessarios·</span> 
     </span>
     <span class='ocr_line' id='line_1_16' title="bbox 72 1622 1661 1701; baseline 0.005 -27"><span class='ocrx_word' id='word_1_183' title='bbox 72 1623 184 1679; x_wconf 65' lang='lat' dir='ltr'>thonor</span> <span class='ocrx_word' id='word_1_184' title='bbox 196 1625 296 1696; x_wconf 90' lang='lat' dir='ltr'>nequit</span> <span class='ocrx_word' id='word_1_185' title='bbox 307 1625 443 1682; x_wconf 91' lang='lat' dir='ltr'>abstrahi.</span> <span class='ocrx_word' id='word_1_186' title='bbox 457 1627 514 1683; x_wconf 91' lang='lat' dir='ltr'>Sed</span> <span class='ocrx_word' id='word_1_187' title='bbox 529 1628 726 1686; x_wconf 89' lang='lat' dir='ltr'>indubitanter</span> <span class='ocrx_word' id='word_1_188' title='bbox 739 1631 797 1686; x_wconf 93' lang='lat' dir='ltr'>scio</span> <span class='ocrx_word' id='word_1_189' title='bbox 847 1640 903 1696; x_wconf 90' lang='lat' dir='ltr'>qua</span> <span class='ocrx_word' id='word_1_190' title='bbox 922 1623 1034 1679; x_wconf 90' lang='lat' dir='ltr'>sodales</span> <span class='ocrx_word' id='word_1_191' title='bbox 1052 1624 1081 1678; x_wconf 93' lang='lat' dir='ltr'>in</span> <span class='ocrx_word' id='word_1_192' title='bbox 1100 1622 1205 1696; x_wconf 90' lang='lat' dir='ltr'>quibus</span> <span class='ocrx_word' id='word_1_193' title='bbox 1226 1624 1383 1679; x_wconf 85' lang='lat' dir='ltr'>confideret</span> <span class='ocrx_word' id='word_1_194' title='bbox 1403 1626 1549 1694; x_wconf 88' lang='lat' dir='ltr'>advocare,</span> <span class='ocrx_word' id='word_1_195' title='bbox 1565 1625 1661 1701; x_wconf 85' lang='lat' dir='ltr'>muni·</span> 
     </span>
     <span class='ocr_line' id='line_1_17' title="bbox 74 1708 1463 1794; baseline 0.006 -23"><span class='ocrx_word' id='word_1_196' title='bbox 74 1732 144 1772; x_wconf 81' lang='lat' dir='ltr'>vere</span> <span class='ocrx_word' id='word_1_197' title='bbox 166 1717 273 1773; x_wconf 79' lang='lat' dir='ltr'>misera</span> <span class='ocrx_word' id='word_1_198' title='bbox 294 1719 349 1774; x_wconf 85' lang='lat' dir='ltr'>erit</span> <span class='ocrx_word' id='word_1_199' title='bbox 370 1721 462 1791; x_wconf 82' lang='lat' dir='ltr'>ragio,</span> <span class='ocrx_word' id='word_1_200' title='bbox 477 1738 541 1793; x_wconf 80' lang='lat' dir='ltr'>que</span> <span class='ocrx_word' id='word_1_201' title='bbox 562 1722 690 1794; x_wconf 78' lang='lat' dir='ltr'>subiecta</span> <span class='ocrx_word' id='word_1_202' title='bbox 711 1708 965 1789; x_wconf 84' lang='lat' dir='ltr'>fueritsstumque</span> <span class='ocrx_word' id='word_1_203' title='bbox 979 1717 1216 1789; x_wconf 76' lang='lat' dir='ltr'>gazophylacium</span> <span class='ocrx_word' id='word_1_204' title='bbox 1231 1716 1284 1772; x_wconf 84' lang='lat' dir='ltr'>sibi</span> <span class='ocrx_word' id='word_1_205' title='bbox 1299 1733 1463 1789; x_wconf 80' lang='lat' dir='ltr'>procurare.</span> 
     </span>
    </p>

    <p class='ocr_par' dir='ltr' id='par_1_3' title="bbox 71 1809 1746 4405">
     <span class='ocr_line' id='line_1_18' title="bbox 72 1809 1664 1887; baseline 0.003 -23"><span class='ocrx_word' id='word_1_206' title='bbox 72 1809 203 1866; x_wconf 91' lang='lat' dir='ltr'>lominio.</span> <span class='ocrx_word' id='word_1_207' title='bbox 219 1811 363 1883; x_wconf 89' lang='lat' dir='ltr'>Superbus</span> <span class='ocrx_word' id='word_1_208' title='bbox 377 1813 455 1868; x_wconf 91' lang='lat' dir='ltr'>enim</span> <span class='ocrx_word' id='word_1_209' title='bbox 474 1818 516 1870; x_wconf 90' lang='lat' dir='ltr'>est</span> <span class='ocrx_word' id='word_1_210' title='bbox 539 1818 568 1870; x_wconf 90' lang='lat' dir='ltr'>et</span> <span class='ocrx_word' id='word_1_211' title='bbox 590 1815 727 1887; x_wconf 90' lang='lat' dir='ltr'>insipieus</span> <span class='ocrx_word' id='word_1_212' title='bbox 750 1834 798 1872; x_wconf 88' lang='lat' dir='ltr'>ne·</span> <span class='ocrx_word' id='word_1_213' title='bbox 883 1812 996 1867; x_wconf 86' lang='lat' dir='ltr'>Interea</span> <span class='ocrx_word' id='word_1_214' title='bbox 1009 1810 1113 1866; x_wconf 89' lang='lat' dir='ltr'>medici</span> <span class='ocrx_word' id='word_1_215' title='bbox 1125 1815 1154 1866; x_wconf 87' lang='lat' dir='ltr'>et</span> <span class='ocrx_word' id='word_1_216' title='bbox 1164 1811 1276 1883; x_wconf 85' lang='lat' dir='ltr'>regales</span> <span class='ocrx_word' id='word_1_217' title='bbox 1289 1810 1423 1879; x_wconf 89' lang='lat' dir='ltr'>ministri,</span> <span class='ocrx_word' id='word_1_218' title='bbox 1434 1812 1664 1885; x_wconf 86' lang='lat' dir='ltr'>quilauguidum</span> 
     </span>
     <span class='ocr_line' id='line_1_19' title="bbox 71 1902 1664 1978; baseline 0.002 -21"><span class='ocrx_word' id='word_1_219' title='bbox 71 1902 203 1974; x_wconf 84' lang='lat' dir='ltr'>trucique</span> <span class='ocrx_word' id='word_1_220' title='bbox 219 1905 267 1959; x_wconf 92' lang='lat' dir='ltr'>diu</span> <span class='ocrx_word' id='word_1_221' title='bbox 281 1906 449 1977; x_wconf 87' lang='lat' dir='ltr'>plectendus</span> <span class='ocrx_word' id='word_1_222' title='bbox 468 1907 632 1963; x_wconf 86' lang='lat' dir='ltr'>infortunio.</span> <span class='ocrx_word' id='word_1_223' title='bbox 648 1910 796 1965; x_wconf 86' lang='lat' dir='ltr'>Neminem</span> <span class='ocrx_word' id='word_1_224' title='bbox 848 1904 1007 1978; x_wconf 89' lang='lat' dir='ltr'>principem</span> <span class='ocrx_word' id='word_1_225' title='bbox 1030 1904 1237 1972; x_wconf 85' lang='lat' dir='ltr'>custodiebant,</span> <span class='ocrx_word' id='word_1_226' title='bbox 1252 1919 1452 1976; x_wconf 87' lang='lat' dir='ltr'>proceresque,</span> <span class='ocrx_word' id='word_1_227' title='bbox 1474 1905 1522 1977; x_wconf 90' lang='lat' dir='ltr'>qui</span> <span class='ocrx_word' id='word_1_228' title='bbox 1536 1906 1573 1961; x_wconf 87' lang='lat' dir='ltr'>ad</span> <span class='ocrx_word' id='word_1_229' title='bbox 1596 1922 1664 1964; x_wconf 87' lang='lat' dir='ltr'>eum</span> 
     </span>
     <span class='ocr_line' id='line_1_20' title="bbox 72 1996 1661 2070; baseline 0.003 -19"><span class='ocrx_word' id='word_1_230' title='bbox 72 1996 92 2051; x_wconf 75' lang='lat' dir='ltr'>ti</span> <span class='ocrx_word' id='word_1_231' title='bbox 108 1997 191 2069; x_wconf 92' lang='lat' dir='ltr'>regui</span> <span class='ocrx_word' id='word_1_232' title='bbox 207 1999 348 2054; x_wconf 88' lang='lat' dir='ltr'>constituo</span> <span class='ocrx_word' id='word_1_233' title='bbox 371 2000 527 2069; x_wconf 72' lang='lat' dir='ltr'>heredem,</span> <span class='ocrx_word' id='word_1_234' title='bbox 543 2001 592 2058; x_wconf 85' lang='lat' dir='ltr'>sed</span> <span class='ocrx_word' id='word_1_235' title='bbox 607 2005 714 2059; x_wconf 73' lang='lat' dir='ltr'>eterno</span> <span class='ocrx_word' id='word_1_236' title='bbox 728 2020 796 2060; x_wconf 85' lang='lat' dir='ltr'>eon.</span> <span class='ocrx_word' id='word_1_237' title='bbox 848 1997 981 2053; x_wconf 87' lang='lat' dir='ltr'>visitandi</span> <span class='ocrx_word' id='word_1_238' title='bbox 1007 1999 1101 2070; x_wconf 85' lang='lat' dir='ltr'>gratia</span> <span class='ocrx_word' id='word_1_239' title='bbox 1120 1997 1283 2065; x_wconf 90' lang='lat' dir='ltr'>veniebant,</span> <span class='ocrx_word' id='word_1_240' title='bbox 1305 2001 1454 2069; x_wconf 74' lang='lat' dir='ltr'>coeperunt</span> <span class='ocrx_word' id='word_1_241' title='bbox 1476 2014 1528 2070; x_wconf 94' lang='lat' dir='ltr'>pro</span> <span class='ocrx_word' id='word_1_242' title='bbox 1549 1999 1661 2070; x_wconf 86' lang='lat' dir='ltr'>vinctis,</span> 
     </span>
     <span class='ocr_line' id='line_1_21' title="bbox 72 2090 1661 2165; baseline 0.003 -21"><span class='ocrx_word' id='word_1_243' title='bbox 72 2131 77 2158; x_wconf 86' lang='lat'>‚</span> <span class='ocrx_word' id='word_1_244' title='bbox 95 2090 179 2160; x_wconf 89' lang='lat' dir='ltr'>cujus</span> <span class='ocrx_word' id='word_1_245' title='bbox 190 2107 264 2158; x_wconf 90' lang='lat' dir='ltr'>sum,</span> <span class='ocrx_word' id='word_1_246' title='bbox 280 2097 309 2146; x_wconf 91' lang='lat' dir='ltr'>et</span> <span class='ocrx_word' id='word_1_247' title='bbox 322 2093 352 2146; x_wconf 92' lang='lat' dir='ltr'>iu</span> <span class='ocrx_word' id='word_1_248' title='bbox 366 2093 446 2164; x_wconf 86' lang='lat' dir='ltr'>cujus</span> <span class='ocrx_word' id='word_1_249' title='bbox 460 2109 549 2148; x_wconf 90' lang='lat' dir='ltr'>mauu</span> <span class='ocrx_word' id='word_1_250' title='bbox 563 2099 630 2151; x_wconf 77' lang='lat' dir='ltr'>saint</span> <span class='ocrx_word' id='word_1_251' title='bbox 644 2096 752 2165; x_wconf 89' lang='lat' dir='ltr'>omnia,</span> <span class='ocrx_word' id='word_1_252' title='bbox 767 2097 799 2151; x_wconf 90' lang='lat' dir='ltr'>il-</span> <span class='ocrx_word' id='word_1_253' title='bbox 848 2106 921 2162; x_wconf 88' lang='lat' dir='ltr'>quos</span> <span class='ocrx_word' id='word_1_254' title='bbox 937 2091 966 2146; x_wconf 93' lang='lat' dir='ltr'>iu</span> <span class='ocrx_word' id='word_1_255' title='bbox 981 2106 1094 2146; x_wconf 85' lang='lat' dir='ltr'>carcere</span> <span class='ocrx_word' id='word_1_256' title='bbox 1111 2091 1238 2158; x_wconf 88' lang='lat' dir='ltr'>tenebat,</span> <span class='ocrx_word' id='word_1_257' title='bbox 1254 2106 1320 2146; x_wconf 90' lang='lat' dir='ltr'>eum</span> <span class='ocrx_word' id='word_1_258' title='bbox 1338 2090 1431 2154; x_wconf 84' lang='lat' dir='ltr'>affari,</span> <span class='ocrx_word' id='word_1_259' title='bbox 1443 2107 1485 2160; x_wconf 86' lang='lat' dir='ltr'>ac,</span> <span class='ocrx_word' id='word_1_260' title='bbox 1501 2097 1532 2148; x_wconf 91' lang='lat' dir='ltr'>ut</span> <span class='ocrx_word' id='word_1_261' title='bbox 1543 2092 1661 2149; x_wconf 91' lang='lat' dir='ltr'>misere·</span> 
     </span>
     <span class='ocr_line' id='line_1_22' title="bbox 72 2183 1662 2257; baseline 0.004 -23"><span class='ocrx_word' id='word_1_262' title='bbox 72 2183 226 2238; x_wconf 65' lang='lat' dir='ltr'>immundo.</span> <span class='ocrx_word' id='word_1_263' title='bbox 240 2184 301 2240; x_wconf 87' lang='lat' dir='ltr'>Non</span> <span class='ocrx_word' id='word_1_264' title='bbox 312 2185 390 2240; x_wconf 90' lang='lat' dir='ltr'>euim</span> <span class='ocrx_word' id='word_1_265' title='bbox 400 2188 509 2241; x_wconf 91' lang='lat' dir='ltr'>tautum</span> <span class='ocrx_word' id='word_1_266' title='bbox 522 2187 608 2242; x_wconf 89' lang='lat' dir='ltr'>decus</span> <span class='ocrx_word' id='word_1_267' title='bbox 618 2188 797 2244; x_wconf 79' lang='lat' dir='ltr'>haereditario</span> <span class='ocrx_word' id='word_1_268' title='bbox 847 2188 927 2239; x_wconf 89' lang='lat' dir='ltr'>retur</span> <span class='ocrx_word' id='word_1_269' title='bbox 940 2183 991 2252; x_wconf 89' lang='lat' dir='ltr'>eis,</span> <span class='ocrx_word' id='word_1_270' title='bbox 1006 2189 1034 2240; x_wconf 93' lang='lat' dir='ltr'>et</span> <span class='ocrx_word' id='word_1_271' title='bbox 1046 2185 1199 2252; x_wconf 89' lang='lat' dir='ltr'>relaxaret,</span> <span class='ocrx_word' id='word_1_272' title='bbox 1211 2184 1376 2255; x_wconf 90' lang='lat' dir='ltr'>suppliciter</span> <span class='ocrx_word' id='word_1_273' title='bbox 1387 2184 1545 2257; x_wconf 87' lang='lat' dir='ltr'>deprecari.</span> <span class='ocrx_word' id='word_1_274' title='bbox 1556 2187 1662 2251; x_wconf 79' lang='lat' dir='ltr'>tinibus</span> 
     </span>
     <span class='ocr_line' id='line_1_23' title="bbox 72 2276 1661 2349; baseline 0.003 -18"><span class='ocrx_word' id='word_1_275' title='bbox 72 2276 188 2344; x_wconf 67' lang='lat' dir='ltr'>rossad,</span> <span class='ocrx_word' id='word_1_276' title='bbox 201 2277 251 2332; x_wconf 89' lang='lat' dir='ltr'>sed</span> <span class='ocrx_word' id='word_1_277' title='bbox 270 2277 330 2333; x_wconf 86' lang='lat' dir='ltr'>diro</span> <span class='ocrx_word' id='word_1_278' title='bbox 352 2279 483 2335; x_wconf 84' lang='lat' dir='ltr'>conflictu</span> <span class='ocrx_word' id='word_1_279' title='bbox 505 2285 535 2335; x_wconf 89' lang='lat' dir='ltr'>et</span> <span class='ocrx_word' id='word_1_280' title='bbox 555 2281 643 2336; x_wconf 80' lang='lat' dir='ltr'>multe</span> <span class='ocrx_word' id='word_1_281' title='bbox 658 2281 796 2338; x_wconf 82' lang='lat' dir='ltr'>effusione</span> <span class='ocrx_word' id='word_1_282' title='bbox 846 2276 907 2348; x_wconf 90' lang='lat' dir='ltr'>ipse</span> <span class='ocrx_word' id='word_1_283' title='bbox 920 2277 983 2332; x_wconf 91' lang='lat' dir='ltr'>ait:</span> <span class='ocrx_word' id='word_1_284' title='bbox 999 2298 1013 2328; x_wconf 82' lang='lat' dir='ltr'>u</span> <span class='ocrx_word' id='word_1_285' title='bbox 1025 2278 1196 2347; x_wconf 87' lang='lat' dir='ltr'>blorcarum,</span> <span class='ocrx_word' id='word_1_286' title='bbox 1208 2277 1335 2333; x_wconf 90' lang='lat' dir='ltr'>nobilem</span> <span class='ocrx_word' id='word_1_287' title='bbox 1346 2278 1505 2349; x_wconf 74' lang='lat' dir='ltr'>auglorum</span> <span class='ocrx_word' id='word_1_288' title='bbox 1515 2280 1661 2348; x_wconf 88' lang='lat' dir='ltr'>comitem,</span> 
     </span>
     <span class='ocr_line' id='line_1_24' title="bbox 72 2369 1746 2445; baseline 0.01 -21"><span class='ocrx_word' id='word_1_289' title='bbox 72 2369 102 2424; x_wconf 94' lang='lat' dir='ltr'>ni</span> <span class='ocrx_word' id='word_1_290' title='bbox 116 2371 227 2425; x_wconf 87' lang='lat' dir='ltr'>cruoris</span> <span class='ocrx_word' id='word_1_291' title='bbox 242 2372 356 2442; x_wconf 89' lang='lat' dir='ltr'>perjuro</span> <span class='ocrx_word' id='word_1_292' title='bbox 369 2373 432 2445; x_wconf 87' lang='lat' dir='ltr'>regi</span> <span class='ocrx_word' id='word_1_293' title='bbox 450 2373 572 2430; x_wconf 88' lang='lat' dir='ltr'>lieraldo</span> <span class='ocrx_word' id='word_1_294' title='bbox 585 2373 696 2445; x_wconf 90' lang='lat' dir='ltr'>abstuli,</span> <span class='ocrx_word' id='word_1_295' title='bbox 712 2380 740 2432; x_wconf 90' lang='lat' dir='ltr'>et</span> <span class='ocrx_word' id='word_1_296' title='bbox 751 2376 796 2432; x_wconf 89' lang='lat' dir='ltr'>in·</span> <span class='ocrx_word' id='word_1_297' title='bbox 844 2369 903 2441; x_wconf 64' lang='lat' dir='ltr'>jam</span> <span class='ocrx_word' id='word_1_298' title='bbox 917 2370 968 2426; x_wconf 73' lang='lat' dir='ltr'>diu</span> <span class='ocrx_word' id='word_1_299' title='bbox 980 2370 1107 2426; x_wconf 59' lang='lat' dir='ltr'>Vinctum</span> <span class='ocrx_word' id='word_1_300' title='bbox 1120 2370 1211 2438; x_wconf 90' lang='lat' dir='ltr'>tenui,</span> <span class='ocrx_word' id='word_1_301' title='bbox 1228 2376 1257 2426; x_wconf 70' lang='grc' dir='ltr'>θῐ</span> <span class='ocrx_word' id='word_1_302' title='bbox 1270 2371 1375 2442; x_wconf 67' lang='lat' dir='ltr'>iniiste</span> <span class='ocrx_word' id='word_1_303' title='bbox 1388 2388 1398 2441; x_wconf 74' lang='grc' dir='ltr'><strong><em>ἱ</em></strong></span> <span class='ocrx_word' id='word_1_304' title='bbox 1413 2371 1465 2426; x_wconf 66' lang='grc' dir='ltr'>3θῦ</span> <span class='ocrx_word' id='word_1_305' title='bbox 1478 2387 1530 2444; x_wconf 69' lang='grc' dir='ltr'>1)Γο</span> <span class='ocrx_word' id='word_1_306' title='bbox 1547 2372 1660 2440; x_wconf 55' lang='lat' dir='ltr'>limma</span> <span class='ocrx_word' id='word_1_307' title='bbox 1744 2400 1746 2407; x_wconf 56' lang='lat'><em>*</em></span> 
     </span>
     <span class='ocr_line' id='line_1_25' title="bbox 72 2463 1661 2538; baseline 0.002 -20"><span class='ocrx_word' id='word_1_308' title='bbox 72 2463 107 2518; x_wconf 87' lang='lat' dir='ltr'>tis</span> <span class='ocrx_word' id='word_1_309' title='bbox 116 2463 298 2534; x_wconf 84' lang='lat' dir='ltr'>releffugatis</span> <span class='ocrx_word' id='word_1_310' title='bbox 309 2465 469 2521; x_wconf 82' lang='lat' dir='ltr'>fautoribus</span> <span class='ocrx_word' id='word_1_311' title='bbox 478 2466 549 2538; x_wconf 89' lang='lat' dir='ltr'>ejus,</span> <span class='ocrx_word' id='word_1_312' title='bbox 562 2468 722 2524; x_wconf 90' lang='lat' dir='ltr'>dominatui</span> <span class='ocrx_word' id='word_1_313' title='bbox 731 2485 797 2525; x_wconf 88' lang='lat' dir='ltr'>meo</span> <span class='ocrx_word' id='word_1_314' title='bbox 846 2479 882 2519; x_wconf 86' lang='lat' dir='ltr'>ne</span> <span class='ocrx_word' id='word_1_315' title='bbox 897 2479 949 2535; x_wconf 88' lang='lat' dir='ltr'>per</span> <span class='ocrx_word' id='word_1_316' title='bbox 961 2480 1038 2532; x_wconf 88' lang='lat' dir='ltr'>eum,</span> <span class='ocrx_word' id='word_1_317' title='bbox 1049 2464 1072 2519; x_wconf 91' lang='lat' dir='ltr'>si</span> <span class='ocrx_word' id='word_1_318' title='bbox 1081 2464 1155 2519; x_wconf 91' lang='lat' dir='ltr'>liber</span> <span class='ocrx_word' id='word_1_319' title='bbox 1167 2464 1276 2532; x_wconf 89' lang='lat' dir='ltr'>fuisset,</span> <span class='ocrx_word' id='word_1_320' title='bbox 1291 2463 1457 2520; x_wconf 87' lang='lat' dir='ltr'>turbaretur</span> <span class='ocrx_word' id='word_1_321' title='bbox 1471 2480 1594 2537; x_wconf 86' lang='lat' dir='ltr'>reguum</span> <span class='ocrx_word' id='word_1_322' title='bbox 1604 2468 1661 2522; x_wconf 79' lang='lat' dir='ltr'>An·</span> 
     </span>
     <span class='ocr_line' id='line_1_26' title="bbox 72 2554 1736 2640; baseline 0.003 -30"><span class='ocrx_word' id='word_1_323' title='bbox 72 2554 92 2610; x_wconf 90' lang='lat' dir='ltr'>i.</span> <span class='ocrx_word' id='word_1_324' title='bbox 106 2556 257 2613; x_wconf 80' lang='lat' dir='ltr'>Naturales</span> <span class='ocrx_word' id='word_1_325' title='bbox 271 2558 353 2629; x_wconf 85' lang='lat' dir='ltr'>regni</span> <span class='ocrx_word' id='word_1_326' title='bbox 370 2559 441 2613; x_wconf 82' lang='lat' dir='ltr'>filios</span> <span class='ocrx_word' id='word_1_327' title='bbox 462 2560 524 2631; x_wconf 91' lang='lat' dir='ltr'>plus</span> <span class='ocrx_word' id='word_1_328' title='bbox 537 2576 621 2632; x_wconf 78' lang='lat' dir='ltr'>aquo</span> <span class='ocrx_word' id='word_1_329' title='bbox 634 2577 730 2618; x_wconf 89' lang='lat' dir='ltr'>exosos</span> <span class='ocrx_word' id='word_1_330' title='bbox 743 2563 795 2617; x_wconf 93' lang='lat' dir='ltr'>ha·</span> <span class='ocrx_word' id='word_1_331' title='bbox 847 2556 923 2629; x_wconf 81' lang='lat' dir='ltr'>glioe.</span> <span class='ocrx_word' id='word_1_332' title='bbox 938 2558 1082 2629; x_wconf 85' lang='lat' dir='ltr'>Rogerum</span> <span class='ocrx_word' id='word_1_333' title='bbox 1101 2573 1169 2613; x_wconf 90' lang='lat' dir='ltr'>vero</span> <span class='ocrx_word' id='word_1_334' title='bbox 1184 2557 1220 2612; x_wconf 92' lang='lat' dir='ltr'>de</span> <span class='ocrx_word' id='word_1_335' title='bbox 1234 2557 1362 2626; x_wconf 88' lang='lat' dir='ltr'>Britolio,</span> <span class='ocrx_word' id='word_1_336' title='bbox 1376 2558 1444 2630; x_wconf 90' lang='lat' dir='ltr'>quia</span> <span class='ocrx_word' id='word_1_337' title='bbox 1463 2559 1543 2614; x_wconf 84' lang='lat' dir='ltr'>valde</span> <span class='ocrx_word' id='word_1_338' title='bbox 1558 2561 1659 2615; x_wconf 85' lang='lat' dir='ltr'>coutu-</span> <span class='ocrx_word' id='word_1_339' title='bbox 1733 2636 1736 2640; x_wconf 91' lang='lat'>.</span> 
     </span>
     <span class='ocr_line' id='line_1_27' title="bbox 72 2648 1659 2727; baseline 0.003 -23"><span class='ocrx_word' id='word_1_340' title='bbox 72 2648 178 2704; x_wconf 75' lang='lat' dir='ltr'>labiles</span> <span class='ocrx_word' id='word_1_341' title='bbox 192 2655 221 2705; x_wconf 90' lang='lat' dir='ltr'>et</span> <span class='ocrx_word' id='word_1_342' title='bbox 243 2651 375 2723; x_wconf 85' lang='lat' dir='ltr'>vulgares</span> <span class='ocrx_word' id='word_1_343' title='bbox 394 2653 546 2708; x_wconf 87' lang='lat' dir='ltr'>cmdeliter</span> <span class='ocrx_word' id='word_1_344' title='bbox 562 2655 670 2724; x_wconf 81' lang='lat' dir='ltr'>vexavi,</span> <span class='ocrx_word' id='word_1_345' title='bbox 691 2655 796 2727; x_wconf 82' lang='lat' dir='ltr'>injuste</span> <span class='ocrx_word' id='word_1_346' title='bbox 846 2650 964 2707; x_wconf 88' lang='lat' dir='ltr'>maciter</span> <span class='ocrx_word' id='word_1_347' title='bbox 987 2657 1085 2707; x_wconf 88' lang='lat' dir='ltr'>contra</span> <span class='ocrx_word' id='word_1_348' title='bbox 1099 2666 1146 2706; x_wconf 90' lang='lat' dir='ltr'>me</span> <span class='ocrx_word' id='word_1_349' title='bbox 1163 2650 1262 2720; x_wconf 91' lang='lat' dir='ltr'>furuit,</span> <span class='ocrx_word' id='word_1_350' title='bbox 1276 2656 1305 2706; x_wconf 91' lang='lat' dir='ltr'>ot</span> <span class='ocrx_word' id='word_1_351' title='bbox 1322 2650 1477 2708; x_wconf 83' lang='lat' dir='ltr'>liudulfum</span> <span class='ocrx_word' id='word_1_352' title='bbox 1492 2650 1527 2708; x_wconf 92' lang='lat' dir='ltr'>de</span> <span class='ocrx_word' id='word_1_353' title='bbox 1546 2653 1659 2709; x_wconf 88' lang='lat' dir='ltr'>Guader</span> 
     </span>
     <span class='ocr_line' id='line_1_28' title="bbox 72 2743 1658 2821; baseline 0.003 -24"><span class='ocrx_word' id='word_1_354' title='bbox 72 2759 84 2797; x_wconf 87' lang='lat' dir='ltr'>s</span> <span class='ocrx_word' id='word_1_355' title='bbox 104 2743 304 2799; x_wconf 72' lang='lat' dir='ltr'>exhaereditavi</span> <span class='ocrx_word' id='word_1_356' title='bbox 316 2762 324 2811; x_wconf 89' lang='grc'><strong>;</strong></span> <span class='ocrx_word' id='word_1_357' title='bbox 338 2745 513 2811; x_wconf 88' lang='lat' dir='ltr'>innumeros,</span> <span class='ocrx_word' id='word_1_358' title='bbox 530 2748 655 2803; x_wconf 85' lang='lat' dir='ltr'>maxime</span> <span class='ocrx_word' id='word_1_359' title='bbox 676 2749 705 2803; x_wconf 91' lang='lat' dir='ltr'>in</span> <span class='ocrx_word' id='word_1_360' title='bbox 721 2765 795 2821; x_wconf 89' lang='lat' dir='ltr'>pago</span> <span class='ocrx_word' id='word_1_361' title='bbox 846 2744 984 2800; x_wconf 89' lang='lat' dir='ltr'>sororium</span> <span class='ocrx_word' id='word_1_362' title='bbox 1000 2761 1095 2812; x_wconf 89' lang='lat' dir='ltr'>suum,</span> <span class='ocrx_word' id='word_1_363' title='bbox 1110 2749 1139 2800; x_wconf 89' lang='lat' dir='ltr'>et</span> <span class='ocrx_word' id='word_1_364' title='bbox 1157 2744 1264 2800; x_wconf 91' lang='lat' dir='ltr'>multos</span> <span class='ocrx_word' id='word_1_365' title='bbox 1278 2745 1348 2800; x_wconf 90' lang='lat' dir='ltr'>aiios</span> <span class='ocrx_word' id='word_1_366' title='bbox 1365 2745 1395 2800; x_wconf 93' lang='lat' dir='ltr'>in</span> <span class='ocrx_word' id='word_1_367' title='bbox 1414 2761 1462 2801; x_wconf 92' lang='lat' dir='ltr'>me</span> <span class='ocrx_word' id='word_1_368' title='bbox 1483 2747 1658 2817; x_wconf 85' lang='lat' dir='ltr'>provocavit,</span> 
     </span>
     <span class='ocr_line' id='line_1_29' title="bbox 72 2836 1656 2912; baseline 0.004 -20"><span class='ocrx_word' id='word_1_369' title='bbox 72 2836 162 2902; x_wconf 83' lang='lat' dir='ltr'>censi,</span> <span class='ocrx_word' id='word_1_370' title='bbox 177 2836 255 2892; x_wconf 83' lang='lat' dir='ltr'>tama</span> <span class='ocrx_word' id='word_1_371' title='bbox 268 2855 318 2892; x_wconf 85' lang='lat' dir='ltr'>seu</span> <span class='ocrx_word' id='word_1_372' title='bbox 331 2839 406 2893; x_wconf 87' lang='lat' dir='ltr'>ferro</span> <span class='ocrx_word' id='word_1_373' title='bbox 426 2839 601 2896; x_wconf 81' lang='lat' dir='ltr'>mortificavi.</span> <span class='ocrx_word' id='word_1_374' title='bbox 618 2841 692 2897; x_wconf 77' lang='lat' dir='ltr'>[tetri</span> <span class='ocrx_word' id='word_1_375' title='bbox 716 2843 795 2898; x_wconf 84' lang='lat' dir='ltr'>enim</span> <span class='ocrx_word' id='word_1_376' title='bbox 845 2837 876 2891; x_wconf 91' lang='lat' dir='ltr'>in</span> <span class='ocrx_word' id='word_1_377' title='bbox 889 2836 1008 2893; x_wconf 81' lang='lat' dir='ltr'>vinculis</span> <span class='ocrx_word' id='word_1_378' title='bbox 1021 2838 1139 2905; x_wconf 84' lang='lat' dir='ltr'>arctavi,</span> <span class='ocrx_word' id='word_1_379' title='bbox 1154 2843 1183 2893; x_wconf 84' lang='lat' dir='ltr'>et</span> <span class='ocrx_word' id='word_1_380' title='bbox 1197 2837 1275 2909; x_wconf 86' lang='lat' dir='ltr'>quod</span> <span class='ocrx_word' id='word_1_381' title='bbox 1296 2837 1326 2892; x_wconf 89' lang='lat' dir='ltr'>in</span> <span class='ocrx_word' id='word_1_382' title='bbox 1340 2837 1396 2893; x_wconf 82' lang='lat' dir='ltr'>vita</span> <span class='ocrx_word' id='word_1_383' title='bbox 1416 2854 1480 2894; x_wconf 85' lang='lat' dir='ltr'>mea</span> <span class='ocrx_word' id='word_1_384' title='bbox 1499 2855 1557 2895; x_wconf 90' lang='lat' dir='ltr'>non</span> <span class='ocrx_word' id='word_1_385' title='bbox 1575 2855 1656 2912; x_wconf 80' lang='lat' dir='ltr'>egre·</span> 
     </span>
     <span class='ocr_line' id='line_1_30' title="bbox 72 2929 1658 3005; baseline 0.003 -21"><span class='ocrx_word' id='word_1_386' title='bbox 72 2929 303 2986; x_wconf 75' lang='lat' dir='ltr'>ins-Humbranae</span> <span class='ocrx_word' id='word_1_387' title='bbox 325 2937 426 3003; x_wconf 85' lang='lat' dir='ltr'>gentas</span> <span class='ocrx_word' id='word_1_388' title='bbox 451 2935 604 2989; x_wconf 86' lang='lat' dir='ltr'>exercitum</span> <span class='ocrx_word' id='word_1_389' title='bbox 628 2935 724 3005; x_wconf 87' lang='lat' dir='ltr'>sueni,</span> <span class='ocrx_word' id='word_1_390' title='bbox 744 2938 795 2991; x_wconf 82' lang='lat' dir='ltr'>Da·</span> <span class='ocrx_word' id='word_1_391' title='bbox 845 2931 971 3002; x_wconf 88' lang='lat' dir='ltr'>daretur,</span> <span class='ocrx_word' id='word_1_392' title='bbox 985 2931 1090 3002; x_wconf 86' lang='lat' dir='ltr'>juravi.</span> <span class='ocrx_word' id='word_1_393' title='bbox 1102 2931 1146 2987; x_wconf 90' lang='lat' dir='ltr'>Sic</span> <span class='ocrx_word' id='word_1_394' title='bbox 1159 2930 1263 2987; x_wconf 90' lang='lat' dir='ltr'>multos</span> <span class='ocrx_word' id='word_1_395' title='bbox 1276 2930 1396 2987; x_wconf 90' lang='lat' dir='ltr'>vinculis</span> <span class='ocrx_word' id='word_1_396' title='bbox 1410 2931 1495 3004; x_wconf 86' lang='lat' dir='ltr'>injeci</span> <span class='ocrx_word' id='word_1_397' title='bbox 1510 2949 1544 2988; x_wconf 87' lang='lat' dir='ltr'>ex</span> <span class='ocrx_word' id='word_1_398' title='bbox 1555 2933 1658 2989; x_wconf 88' lang='lat' dir='ltr'>merito</span> 
     </span>
     <span class='ocr_line' id='line_1_31' title="bbox 72 3022 1656 3098; baseline 0.004 -22"><span class='ocrx_word' id='word_1_399' title='bbox 72 3022 186 3094; x_wconf 81' lang='lat' dir='ltr'>arogis,</span> <span class='ocrx_word' id='word_1_400' title='bbox 200 3028 298 3078; x_wconf 88' lang='lat' dir='ltr'>contra</span> <span class='ocrx_word' id='word_1_401' title='bbox 314 3040 360 3079; x_wconf 89' lang='lat' dir='ltr'>me</span> <span class='ocrx_word' id='word_1_402' title='bbox 376 3030 573 3098; x_wconf 89' lang='lat' dir='ltr'>susceperunt,</span> <span class='ocrx_word' id='word_1_403' title='bbox 590 3031 619 3081; x_wconf 86' lang='lat' dir='ltr'>et</span> <span class='ocrx_word' id='word_1_404' title='bbox 636 3027 791 3083; x_wconf 83' lang='lat' dir='ltr'>Robertum</span> <span class='ocrx_word' id='word_1_405' title='bbox 844 3022 968 3094; x_wconf 80' lang='lat' dir='ltr'>propriae</span> <span class='ocrx_word' id='word_1_406' title='bbox 981 3024 1183 3096; x_wconf 84' lang='lat' dir='ltr'>perversitatis,</span> <span class='ocrx_word' id='word_1_407' title='bbox 1201 3024 1328 3096; x_wconf 89' lang='lat' dir='ltr'>aliosque</span> <span class='ocrx_word' id='word_1_408' title='bbox 1341 3023 1440 3096; x_wconf 91' lang='lat' dir='ltr'>plures</span> <span class='ocrx_word' id='word_1_409' title='bbox 1454 3042 1506 3097; x_wconf 92' lang='lat' dir='ltr'>pro</span> <span class='ocrx_word' id='word_1_410' title='bbox 1519 3032 1598 3082; x_wconf 92' lang='lat' dir='ltr'>metu</span> <span class='ocrx_word' id='word_1_411' title='bbox 1611 3026 1656 3082; x_wconf 88' lang='lat' dir='ltr'>fu-</span> 
     </span>
     <span class='ocr_line' id='line_1_32' title="bbox 72 3074 1656 3190; baseline 0.003 -18"><span class='ocrx_word' id='word_1_412' title='bbox 72 3115 162 3172; x_wconf 88' lang='lat' dir='ltr'>miuis</span> <span class='ocrx_word' id='word_1_413' title='bbox 177 3133 243 3172; x_wconf 89' lang='lat' dir='ltr'>cum</span> <span class='ocrx_word' id='word_1_414' title='bbox 265 3117 342 3172; x_wconf 91' lang='lat' dir='ltr'>mille</span> <span class='ocrx_word' id='word_1_415' title='bbox 363 3118 500 3174; x_wconf 89' lang='lat' dir='ltr'>militibus</span> <span class='ocrx_word' id='word_1_416' title='bbox 517 3121 597 3175; x_wconf 90' lang='lat' dir='ltr'>intra</span> <span class='ocrx_word' id='word_1_417' title='bbox 608 3121 790 3190; x_wconf 88' lang='lat' dir='ltr'>Dunelmum,</span> <span class='ocrx_word' id='word_1_418' title='bbox 802 3074 829 3147; x_wconf 74' lang='lat' dir='ltr'>C</span> <span class='ocrx_word' id='word_1_419' title='bbox 842 3120 914 3172; x_wconf 84' lang='lat' dir='ltr'>tura</span> <span class='ocrx_word' id='word_1_420' title='bbox 927 3116 1084 3172; x_wconf 88' lang='lat' dir='ltr'>seditionis.</span> <span class='ocrx_word' id='word_1_421' title='bbox 1100 3118 1157 3173; x_wconf 90' lang='lat' dir='ltr'>lloe</span> <span class='ocrx_word' id='word_1_422' title='bbox 1176 3117 1252 3173; x_wconf 92' lang='lat' dir='ltr'>euim</span> <span class='ocrx_word' id='word_1_423' title='bbox 1273 3134 1393 3174; x_wconf 89' lang='lat' dir='ltr'>censura</span> <span class='ocrx_word' id='word_1_424' title='bbox 1406 3119 1583 3176; x_wconf 85' lang='lat' dir='ltr'>rectitudinis</span> <span class='ocrx_word' id='word_1_425' title='bbox 1598 3121 1656 3176; x_wconf 92' lang='lat' dir='ltr'>exi·</span> 
     </span>
     <span class='ocr_line' id='line_1_33' title="bbox 72 3208 1656 3287; baseline 0.001 -21"><span class='ocrx_word' id='word_1_426' title='bbox 72 3225 105 3266; x_wconf 80' lang='lat' dir='ltr'>ae</span> <span class='ocrx_word' id='word_1_427' title='bbox 118 3226 251 3281; x_wconf 89' lang='lat' dir='ltr'>proceres</span> <span class='ocrx_word' id='word_1_428' title='bbox 266 3227 346 3267; x_wconf 91' lang='lat' dir='ltr'>meos</span> <span class='ocrx_word' id='word_1_429' title='bbox 360 3215 389 3267; x_wconf 92' lang='lat' dir='ltr'>et</span> <span class='ocrx_word' id='word_1_430' title='bbox 409 3213 516 3267; x_wconf 88' lang='lat' dir='ltr'>tirones</span> <span class='ocrx_word' id='word_1_431' title='bbox 536 3213 748 3286; x_wconf 89' lang='lat' dir='ltr'>probatissimos</span> <span class='ocrx_word' id='word_1_432' title='bbox 761 3216 792 3271; x_wconf 91' lang='lat' dir='ltr'>in</span> <span class='ocrx_word' id='word_1_433' title='bbox 842 3209 893 3281; x_wconf 76' lang='lat' dir='ltr'>git,</span> <span class='ocrx_word' id='word_1_434' title='bbox 910 3215 938 3266; x_wconf 83' lang='lat' dir='ltr'>ei</span> <span class='ocrx_word' id='word_1_435' title='bbox 951 3208 1047 3266; x_wconf 81' lang='lat' dir='ltr'>divine</span> <span class='ocrx_word' id='word_1_436' title='bbox 1060 3211 1107 3266; x_wconf 92' lang='lat' dir='ltr'>lex</span> <span class='ocrx_word' id='word_1_437' title='bbox 1122 3227 1175 3282; x_wconf 89' lang='lat' dir='ltr'>per</span> <span class='ocrx_word' id='word_1_438' title='bbox 1186 3211 1300 3283; x_wconf 87' lang='lat' dir='ltr'>lloysen</span> <span class='ocrx_word' id='word_1_439' title='bbox 1314 3212 1472 3268; x_wconf 89' lang='lat' dir='ltr'>rectoribus</span> <span class='ocrx_word' id='word_1_440' title='bbox 1486 3211 1564 3268; x_wconf 92' lang='lat' dir='ltr'>orbis</span> <span class='ocrx_word' id='word_1_441' title='bbox 1582 3230 1656 3287; x_wconf 75' lang='lat' dir='ltr'>prae·</span> 
     </span>
     <span class='ocr_line' id='line_1_34' title="bbox 72 3302 1657 3377; baseline 0.004 -18"><span class='ocrx_word' id='word_1_442' title='bbox 72 3305 95 3359; x_wconf 89' lang='lat' dir='ltr'>is</span> <span class='ocrx_word' id='word_1_443' title='bbox 107 3303 180 3360; x_wconf 88' lang='lat' dir='ltr'>locis</span> <span class='ocrx_word' id='word_1_444' title='bbox 193 3308 385 3375; x_wconf 89' lang='lat' dir='ltr'>peremerunt.</span> <span class='ocrx_word' id='word_1_445' title='bbox 401 3306 481 3362; x_wconf 90' lang='lat' dir='ltr'>Unde</span> <span class='ocrx_word' id='word_1_446' title='bbox 491 3307 682 3363; x_wconf 90' lang='lat' dir='ltr'>immoderato</span> <span class='ocrx_word' id='word_1_447' title='bbox 694 3309 792 3364; x_wconf 90' lang='lat' dir='ltr'>furore</span> <span class='ocrx_word' id='word_1_448' title='bbox 842 3302 912 3374; x_wconf 74' lang='lat' dir='ltr'>cipit</span> <span class='ocrx_word' id='word_1_449' title='bbox 936 3309 968 3360; x_wconf 84' lang='lat' dir='ltr'>ui</span> <span class='ocrx_word' id='word_1_450' title='bbox 990 3303 1184 3375; x_wconf 81' lang='lat' dir='ltr'>comprimant</span> <span class='ocrx_word' id='word_1_451' title='bbox 1198 3308 1342 3375; x_wconf 80' lang='lat' dir='ltr'>nocentes,</span> <span class='ocrx_word' id='word_1_452' title='bbox 1357 3321 1394 3361; x_wconf 87' lang='lat' dir='ltr'>ne</span> <span class='ocrx_word' id='word_1_453' title='bbox 1413 3305 1555 3377; x_wconf 82' lang='lat' dir='ltr'>perimant</span> <span class='ocrx_word' id='word_1_454' title='bbox 1573 3306 1657 3364; x_wconf 92' lang='lat' dir='ltr'>inno·</span> 
     </span>
     <span class='ocr_line' id='line_1_35' title="bbox 72 3397 1656 3474; baseline 0.005 -25"><span class='ocrx_word' id='word_1_455' title='bbox 72 3402 148 3466; x_wconf 75' lang='lat' dir='ltr'>ottus,</span> <span class='ocrx_word' id='word_1_456' title='bbox 163 3397 193 3452; x_wconf 91' lang='lat' dir='ltr'>in</span> <span class='ocrx_word' id='word_1_457' title='bbox 209 3398 336 3454; x_wconf 82' lang='lat' dir='ltr'>boreales</span> <span class='ocrx_word' id='word_1_458' title='bbox 355 3401 463 3470; x_wconf 64' lang='lat' dir='ltr'>ingles</span> <span class='ocrx_word' id='word_1_459' title='bbox 477 3404 508 3455; x_wconf 87' lang='lat' dir='ltr'>ut</span> <span class='ocrx_word' id='word_1_460' title='bbox 527 3416 647 3456; x_wconf 77' lang='lat' dir='ltr'>vesanus</span> <span class='ocrx_word' id='word_1_461' title='bbox 670 3402 714 3458; x_wconf 84' lang='lat' dir='ltr'>leo</span> <span class='ocrx_word' id='word_1_462' title='bbox 728 3418 793 3474; x_wconf 77' lang='lat' dir='ltr'>pro·</span> <span class='ocrx_word' id='word_1_463' title='bbox 841 3402 948 3451; x_wconf 90' lang='lat' dir='ltr'>centes.</span> <span class='ocrx_word' id='word_1_464' title='bbox 961 3397 1041 3452; x_wconf 86' lang='lat' dir='ltr'>Nunc</span> <span class='ocrx_word' id='word_1_465' title='bbox 1053 3401 1150 3454; x_wconf 90' lang='lat' dir='ltr'>autem</span> <span class='ocrx_word' id='word_1_466' title='bbox 1166 3398 1195 3453; x_wconf 91' lang='lat' dir='ltr'>iu</span> <span class='ocrx_word' id='word_1_467' title='bbox 1209 3397 1329 3454; x_wconf 92' lang='lat' dir='ltr'>articulo</span> <span class='ocrx_word' id='word_1_468' title='bbox 1340 3399 1437 3454; x_wconf 89' lang='lat' dir='ltr'>mortis</span> <span class='ocrx_word' id='word_1_469' title='bbox 1450 3399 1567 3470; x_wconf 89' lang='lat' dir='ltr'>positus,</span> <span class='ocrx_word' id='word_1_470' title='bbox 1583 3400 1656 3457; x_wconf 88' lang='lat' dir='ltr'>sieut</span> 
     </span>
     <span class='ocr_line' id='line_1_36' title="bbox 73 3490 1655 3566; baseline 0.003 -20"><span class='ocrx_word' id='word_1_471' title='bbox 73 3533 80 3547; x_wconf 91' lang='lat'>.</span> <span class='ocrx_word' id='word_1_472' title='bbox 102 3493 207 3547; x_wconf 82' lang='lat' dir='ltr'>aomos</span> <span class='ocrx_word' id='word_1_473' title='bbox 228 3508 327 3547; x_wconf 90' lang='lat' dir='ltr'>eorum</span> <span class='ocrx_word' id='word_1_474' title='bbox 346 3494 428 3563; x_wconf 78' lang='lat' dir='ltr'>Jussi,</span> <span class='ocrx_word' id='word_1_475' title='bbox 448 3497 613 3566; x_wconf 82' lang='lat' dir='ltr'>segetesque</span> <span class='ocrx_word' id='word_1_476' title='bbox 633 3497 663 3550; x_wconf 93' lang='lat' dir='ltr'>et</span> <span class='ocrx_word' id='word_1_477' title='bbox 676 3511 792 3552; x_wconf 91' lang='lat' dir='ltr'>omnem</span> <span class='ocrx_word' id='word_1_478' title='bbox 842 3493 911 3561; x_wconf 90' lang='lat' dir='ltr'>opto</span> <span class='ocrx_word' id='word_1_479' title='bbox 925 3490 1036 3560; x_wconf 84' lang='lat' dir='ltr'>salvari,</span> <span class='ocrx_word' id='word_1_480' title='bbox 1052 3496 1082 3547; x_wconf 90' lang='lat' dir='ltr'>et</span> <span class='ocrx_word' id='word_1_481' title='bbox 1102 3507 1154 3563; x_wconf 88' lang='lat' dir='ltr'>per</span> <span class='ocrx_word' id='word_1_482' title='bbox 1173 3490 1400 3547; x_wconf 89' lang='lat' dir='ltr'>misericordiam</span> <span class='ocrx_word' id='word_1_483' title='bbox 1418 3492 1468 3547; x_wconf 86' lang='lat' dir='ltr'>Dei</span> <span class='ocrx_word' id='word_1_484' title='bbox 1491 3508 1508 3546; x_wconf 88' lang='lat' dir='ltr'>a</span> <span class='ocrx_word' id='word_1_485' title='bbox 1528 3494 1655 3550; x_wconf 90' lang='lat' dir='ltr'>reatibus</span> 
     </span>
     <span class='ocr_line' id='line_1_37' title="bbox 72 3582 1652 3658; baseline 0.002 -19"><span class='ocrx_word' id='word_1_486' title='bbox 72 3587 147 3640; x_wconf 79' lang='lat' dir='ltr'>itum</span> <span class='ocrx_word' id='word_1_487' title='bbox 167 3590 252 3656; x_wconf 89' lang='lat' dir='ltr'>atque</span> <span class='ocrx_word' id='word_1_488' title='bbox 272 3586 476 3657; x_wconf 90' lang='lat' dir='ltr'>supellectilem</span> <span class='ocrx_word' id='word_1_489' title='bbox 497 3587 646 3642; x_wconf 87' lang='lat' dir='ltr'>confestim</span> <span class='ocrx_word' id='word_1_490' title='bbox 664 3588 790 3657; x_wconf 89' lang='lat' dir='ltr'>incendi,</span> <span class='ocrx_word' id='word_1_491' title='bbox 841 3583 913 3638; x_wconf 86' lang='lat' dir='ltr'>meis</span> <span class='ocrx_word' id='word_1_492' title='bbox 928 3582 1046 3652; x_wconf 89' lang='lat' dir='ltr'>absolvi,</span> <span class='ocrx_word' id='word_1_493' title='bbox 1060 3584 1099 3639; x_wconf 89' lang='lat' dir='ltr'>sic</span> <span class='ocrx_word' id='word_1_494' title='bbox 1114 3599 1216 3639; x_wconf 90' lang='lat' dir='ltr'>omnes</span> <span class='ocrx_word' id='word_1_495' title='bbox 1226 3585 1387 3655; x_wconf 88' lang='lat' dir='ltr'>moxjubeo</span> <span class='ocrx_word' id='word_1_496' title='bbox 1396 3601 1524 3640; x_wconf 88' lang='lat' dir='ltr'>carceres</span> <span class='ocrx_word' id='word_1_497' title='bbox 1536 3586 1652 3658; x_wconf 75' lang='lat' dir='ltr'>aperiri,</span> 
     </span>
     <span class='ocr_line' id='line_1_38' title="bbox 72 3677 1652 3753; baseline 0.001 -19"><span class='ocrx_word' id='word_1_498' title='bbox 72 3679 145 3734; x_wconf 88' lang='lat' dir='ltr'>iosus</span> <span class='ocrx_word' id='word_1_499' title='bbox 153 3683 352 3734; x_wconf 88' lang='lat' dir='ltr'>armentorum</span> <span class='ocrx_word' id='word_1_500' title='bbox 363 3679 560 3750; x_wconf 89' lang='lat' dir='ltr'>pecudumque</span> <span class='ocrx_word' id='word_1_501' title='bbox 573 3697 674 3752; x_wconf 87' lang='lat' dir='ltr'>greges</span> <span class='ocrx_word' id='word_1_502' title='bbox 685 3681 791 3753; x_wconf 90' lang='lat' dir='ltr'>passim</span> <span class='ocrx_word' id='word_1_503' title='bbox 842 3691 997 3748; x_wconf 90' lang='lat' dir='ltr'>omnesque</span> <span class='ocrx_word' id='word_1_504' title='bbox 1013 3677 1121 3732; x_wconf 87' lang='lat' dir='ltr'>vinctos</span> <span class='ocrx_word' id='word_1_505' title='bbox 1133 3680 1239 3748; x_wconf 77' lang='lat' dir='ltr'>prater</span> <span class='ocrx_word' id='word_1_506' title='bbox 1250 3677 1371 3732; x_wconf 88' lang='lat' dir='ltr'>fratrem</span> <span class='ocrx_word' id='word_1_507' title='bbox 1389 3692 1498 3748; x_wconf 89' lang='lat' dir='ltr'>meum,</span> <span class='ocrx_word' id='word_1_508' title='bbox 1514 3679 1652 3750; x_wconf 85' lang='lat' dir='ltr'>Bajoceu·</span> 
     </span>
     <span class='ocr_line' id='line_1_39' title="bbox 72 3770 1652 3844; baseline 0.002 -18"><span class='ocrx_word' id='word_1_509' title='bbox 72 3770 105 3827; x_wconf 89' lang='lat' dir='ltr'>ri.</span> <span class='ocrx_word' id='word_1_510' title='bbox 121 3770 332 3826; x_wconf 88' lang='lat' dir='ltr'>ltultitudiuem</span> <span class='ocrx_word' id='word_1_511' title='bbox 346 3772 444 3843; x_wconf 90' lang='lat' dir='ltr'>itaque</span> <span class='ocrx_word' id='word_1_512' title='bbox 466 3773 616 3843; x_wconf 91' lang='lat' dir='ltr'>utriusque</span> <span class='ocrx_word' id='word_1_513' title='bbox 635 3790 721 3829; x_wconf 88' lang='lat' dir='ltr'>sexus</span> <span class='ocrx_word' id='word_1_514' title='bbox 733 3781 791 3829; x_wconf 89' lang='lat' dir='ltr'>tam</span> <span class='ocrx_word' id='word_1_515' title='bbox 841 3786 902 3825; x_wconf 87' lang='lat' dir='ltr'>sem</span> <span class='ocrx_word' id='word_1_516' title='bbox 913 3771 1092 3844; x_wconf 89' lang='lat' dir='ltr'>episcopum,</span> <span class='ocrx_word' id='word_1_517' title='bbox 1104 3770 1237 3838; x_wconf 88' lang='lat' dir='ltr'>relaxari,</span> <span class='ocrx_word' id='word_1_518' title='bbox 1249 3770 1410 3842; x_wconf 89' lang='lat' dir='ltr'>liberosque</span> <span class='ocrx_word' id='word_1_519' title='bbox 1420 3787 1473 3843; x_wconf 88' lang='lat' dir='ltr'>pro</span> <span class='ocrx_word' id='word_1_520' title='bbox 1483 3787 1579 3829; x_wconf 91' lang='lat' dir='ltr'>amore</span> <span class='ocrx_word' id='word_1_521' title='bbox 1590 3774 1652 3844; x_wconf 87' lang='lat' dir='ltr'>Dei,</span> 
     </span>
     <span class='ocr_line' id='line_1_40' title="bbox 72 3863 1654 3936; baseline 0.003 -17"><span class='ocrx_word' id='word_1_522' title='bbox 72 3863 145 3919; x_wconf 90' lang='lat' dir='ltr'>amis</span> <span class='ocrx_word' id='word_1_523' title='bbox 166 3880 304 3920; x_wconf 91' lang='lat' dir='ltr'>mucrone</span> <span class='ocrx_word' id='word_1_524' title='bbox 320 3865 463 3933; x_wconf 88' lang='lat' dir='ltr'>mulctavi,</span> <span class='ocrx_word' id='word_1_525' title='bbox 480 3870 509 3921; x_wconf 94' lang='lat' dir='ltr'>et</span> <span class='ocrx_word' id='word_1_526' title='bbox 531 3866 570 3921; x_wconf 89' lang='lat' dir='ltr'>sie</span> <span class='ocrx_word' id='word_1_527' title='bbox 592 3866 682 3922; x_wconf 90' lang='lat' dir='ltr'>multa</span> <span class='ocrx_word' id='word_1_528' title='bbox 700 3867 791 3922; x_wconf 89' lang='lat' dir='ltr'>millia</span> <span class='ocrx_word' id='word_1_529' title='bbox 840 3869 872 3920; x_wconf 88' lang='lat' dir='ltr'>ut</span> <span class='ocrx_word' id='word_1_530' title='bbox 894 3865 955 3936; x_wconf 91' lang='lat' dir='ltr'>ipse</span> <span class='ocrx_word' id='word_1_531' title='bbox 977 3864 1049 3919; x_wconf 92' lang='lat' dir='ltr'>mihi</span> <span class='ocrx_word' id='word_1_532' title='bbox 1068 3864 1247 3934; x_wconf 88' lang='lat' dir='ltr'>misereatur,</span> <span class='ocrx_word' id='word_1_533' title='bbox 1260 3864 1375 3920; x_wconf 90' lang='lat' dir='ltr'>dimitti.</span> <span class='ocrx_word' id='word_1_534' title='bbox 1399 3865 1467 3920; x_wconf 82' lang='lat' dir='ltr'>Neri</span> <span class='ocrx_word' id='word_1_535' title='bbox 1489 3869 1587 3923; x_wconf 63' lang='lat' dir='ltr'>umen</span> <span class='ocrx_word' id='word_1_536' title='bbox 1603 3867 1654 3923; x_wconf 84' lang='lat' dir='ltr'>tati</span> 
     </span>
     <span class='ocr_line' id='line_1_41' title="bbox 72 3957 1653 4033; baseline 0.003 -21"><span class='ocrx_word' id='word_1_537' title='bbox 72 3957 276 4028; x_wconf 67' lang='lat' dir='ltr'>arrimsegentis</span> <span class='ocrx_word' id='word_1_538' title='bbox 286 3959 788 4033; x_wconf 85' lang='lat' dir='ltr'>senumjuvenumque,prohdolori</span> <span class='ocrx_word' id='word_1_539' title='bbox 839 3960 941 4013; x_wconf 84' lang='lat' dir='ltr'>tenore</span> <span class='ocrx_word' id='word_1_540' title='bbox 955 3958 991 4013; x_wconf 93' lang='lat' dir='ltr'>de</span> <span class='ocrx_word' id='word_1_541' title='bbox 1010 3973 1123 4014; x_wconf 89' lang='lat' dir='ltr'>carcere</span> <span class='ocrx_word' id='word_1_542' title='bbox 1139 3957 1303 4029; x_wconf 89' lang='lat' dir='ltr'>procedant,</span> <span class='ocrx_word' id='word_1_543' title='bbox 1317 3960 1351 4013; x_wconf 90' lang='lat' dir='ltr'>ut</span> <span class='ocrx_word' id='word_1_544' title='bbox 1362 3964 1446 4014; x_wconf 91' lang='lat' dir='ltr'>antea</span> <span class='ocrx_word' id='word_1_545' title='bbox 1463 3959 1653 4030; x_wconf 88' lang='lat' dir='ltr'>jurejurando</span> 
     </span>
     <span class='ocr_line' id='line_1_42' title="bbox 72 4050 1652 4128; baseline 0.004 -24"><span class='ocrx_word' id='word_1_546' title='bbox 72 4066 104 4105; x_wconf 84' lang='lat' dir='ltr'>us</span> <span class='ocrx_word' id='word_1_547' title='bbox 121 4050 269 4106; x_wconf 84' lang='lat' dir='ltr'>trucidavi.</span> <span class='ocrx_word' id='word_1_548' title='bbox 287 4051 383 4106; x_wconf 78' lang='lat' dir='ltr'>Fasces</span> <span class='ocrx_word' id='word_1_549' title='bbox 401 4051 490 4123; x_wconf 90' lang='lat' dir='ltr'>igitur</span> <span class='ocrx_word' id='word_1_550' title='bbox 507 4052 594 4123; x_wconf 91' lang='lat' dir='ltr'>hujus</span> <span class='ocrx_word' id='word_1_551' title='bbox 613 4053 704 4126; x_wconf 88' lang='lat' dir='ltr'>regni,</span> <span class='ocrx_word' id='word_1_552' title='bbox 719 4070 791 4126; x_wconf 90' lang='lat' dir='ltr'>quos</span> <span class='ocrx_word' id='word_1_553' title='bbox 839 4051 1024 4107; x_wconf 89' lang='lat' dir='ltr'>securitatem</span> <span class='ocrx_word' id='word_1_554' title='bbox 1038 4051 1203 4123; x_wconf 77' lang='lat' dir='ltr'>reipublicae</span> <span class='ocrx_word' id='word_1_555' title='bbox 1222 4051 1360 4108; x_wconf 87' lang='lat' dir='ltr'>ministris</span> <span class='ocrx_word' id='word_1_556' title='bbox 1372 4051 1488 4123; x_wconf 85' lang='lat' dir='ltr'>faciant,</span> <span class='ocrx_word' id='word_1_557' title='bbox 1506 4053 1586 4125; x_wconf 88' lang='lat' dir='ltr'>quod</span> <span class='ocrx_word' id='word_1_558' title='bbox 1600 4071 1652 4128; x_wconf 90' lang='lat' dir='ltr'>pa·</span> 
     </span>
     <span class='ocr_line' id='line_1_43' title="bbox 72 4142 1654 4217; baseline 0.004 -18"><span class='ocrx_word' id='word_1_559' title='bbox 72 4149 107 4199; x_wconf 85' lang='lat' dir='ltr'>ot</span> <span class='ocrx_word' id='word_1_560' title='bbox 127 4142 248 4214; x_wconf 87' lang='lat' dir='ltr'>peccatis</span> <span class='ocrx_word' id='word_1_561' title='bbox 262 4143 381 4211; x_wconf 88' lang='lat' dir='ltr'>obtinui,</span> <span class='ocrx_word' id='word_1_562' title='bbox 402 4145 472 4200; x_wconf 91' lang='lat' dir='ltr'>nulli</span> <span class='ocrx_word' id='word_1_563' title='bbox 484 4146 574 4201; x_wconf 89' lang='lat' dir='ltr'>audeo</span> <span class='ocrx_word' id='word_1_564' title='bbox 594 4146 718 4215; x_wconf 87' lang='lat' dir='ltr'>tradere,</span> <span class='ocrx_word' id='word_1_565' title='bbox 735 4147 790 4203; x_wconf 92' lang='lat' dir='ltr'>uisi</span> <span class='ocrx_word' id='word_1_566' title='bbox 839 4161 902 4201; x_wconf 91' lang='lat' dir='ltr'>cem</span> <span class='ocrx_word' id='word_1_567' title='bbox 921 4144 952 4201; x_wconf 91' lang='lat' dir='ltr'>iu</span> <span class='ocrx_word' id='word_1_568' title='bbox 972 4145 1077 4217; x_wconf 82' lang='lat' dir='ltr'>Anglia</span> <span class='ocrx_word' id='word_1_569' title='bbox 1097 4151 1126 4202; x_wconf 92' lang='lat' dir='ltr'>et</span> <span class='ocrx_word' id='word_1_570' title='bbox 1146 4145 1323 4201; x_wconf 88' lang='lat' dir='ltr'>Narmauuia</span> <span class='ocrx_word' id='word_1_571' title='bbox 1343 4145 1477 4202; x_wconf 88' lang='lat' dir='ltr'>omuibus</span> <span class='ocrx_word' id='word_1_572' title='bbox 1498 4148 1591 4203; x_wconf 90' lang='lat' dir='ltr'>modis</span> <span class='ocrx_word' id='word_1_573' title='bbox 1614 4154 1654 4205; x_wconf 90' lang='lat' dir='ltr'>te-</span> 
     </span>
     <span class='ocr_line' id='line_1_44' title="bbox 72 4236 1654 4311; baseline 0.006 -23"><span class='ocrx_word' id='word_1_574' title='bbox 72 4236 98 4292; x_wconf 72' lang='lat' dir='ltr'>›li</span> <span class='ocrx_word' id='word_1_575' title='bbox 109 4254 119 4307; x_wconf 89' lang='lat'>;</span> <span class='ocrx_word' id='word_1_576' title='bbox 133 4237 335 4308; x_wconf 87' lang='lat' dir='ltr'>nepostfunus</span> <span class='ocrx_word' id='word_1_577' title='bbox 347 4254 447 4293; x_wconf 93' lang='lat' dir='ltr'>meum</span> <span class='ocrx_word' id='word_1_578' title='bbox 459 4238 553 4294; x_wconf 90' lang='lat' dir='ltr'>adhuc</span> <span class='ocrx_word' id='word_1_579' title='bbox 566 4240 708 4295; x_wconf 86' lang='lat' dir='ltr'>deteriora</span> <span class='ocrx_word' id='word_1_580' title='bbox 720 4241 791 4295; x_wconf 85' lang='lat' dir='ltr'>flant</span> <span class='ocrx_word' id='word_1_581' title='bbox 839 4241 936 4305; x_wconf 87' lang='lat' dir='ltr'>aeaut,</span> <span class='ocrx_word' id='word_1_582' title='bbox 957 4242 986 4293; x_wconf 89' lang='lat' dir='ltr'>et</span> <span class='ocrx_word' id='word_1_583' title='bbox 1007 4238 1082 4309; x_wconf 88' lang='lat' dir='ltr'>pacis</span> <span class='ocrx_word' id='word_1_584' title='bbox 1107 4238 1275 4294; x_wconf 88' lang='lat' dir='ltr'>adversariis</span> <span class='ocrx_word' id='word_1_585' title='bbox 1294 4255 1347 4311; x_wconf 88' lang='lat' dir='ltr'>pro</span> <span class='ocrx_word' id='word_1_586' title='bbox 1366 4255 1447 4311; x_wconf 85' lang='lat' dir='ltr'>posse</span> <span class='ocrx_word' id='word_1_587' title='bbox 1467 4256 1518 4295; x_wconf 90' lang='lat' dir='ltr'>suo</span> <span class='ocrx_word' id='word_1_588' title='bbox 1537 4241 1654 4299; x_wconf 89' lang='lat' dir='ltr'>viriliter</span> 
     </span>
     <span class='ocr_line' id='line_1_45' title="bbox 72 4330 1012 4405; baseline -0.004 -19"><span class='ocrx_word' id='word_1_589' title='bbox 72 4346 121 4387; x_wconf 76' lang='lat' dir='ltr'>ane</span> <span class='ocrx_word' id='word_1_590' title='bbox 134 4330 203 4386; x_wconf 90' lang='lat' dir='ltr'>mei.</span> <span class='ocrx_word' id='word_1_591' title='bbox 217 4331 409 4398; x_wconf 87' lang='lat' dir='ltr'>Guiltelmum,</span> <span class='ocrx_word' id='word_1_592' title='bbox 425 4331 515 4387; x_wconf 86' lang='lat' dir='ltr'>tilium</span> <span class='ocrx_word' id='word_1_593' title='bbox 531 4349 640 4399; x_wconf 91' lang='lat' dir='ltr'>meum,</span> <span class='ocrx_word' id='word_1_594' title='bbox 653 4334 702 4405; x_wconf 89' lang='lat' dir='ltr'>qai</span> <span class='ocrx_word' id='word_1_595' title='bbox 717 4334 788 4388; x_wconf 88' lang='lat' dir='ltr'>mibi</span> <span class='ocrx_word' id='word_1_596' title='bbox 839 4331 982 4386; x_wconf 79' lang='lat' dir='ltr'>resistant.</span> <span class='ocrx_word' id='word_1_597' title='bbox 999 4351 1012 4381; x_wconf 78' lang='lat' dir='ltr'>v</span> 
     </span>
    </p>

    <p class='ocr_par' dir='ltr' id='par_1_4' title="bbox 72 4423 1658 5804">
     <span class='ocr_line' id='line_1_46' title="bbox 72 4423 1651 4513; baseline 0.002 -34"><span class='ocrx_word' id='word_1_598' title='bbox 72 4423 108 4480; x_wconf 84' lang='lat' dir='ltr'>ris</span> <span class='ocrx_word' id='word_1_599' title='bbox 128 4424 211 4480; x_wconf 89' lang='lat' dir='ltr'>anuis</span> <span class='ocrx_word' id='word_1_600' title='bbox 233 4441 345 4496; x_wconf 88' lang='lat' dir='ltr'>semper</span> <span class='ocrx_word' id='word_1_601' title='bbox 358 4426 479 4493; x_wconf 73' lang='lat' dir='ltr'>inhaesit,</span> <span class='ocrx_word' id='word_1_602' title='bbox 496 4426 612 4481; x_wconf 90' lang='lat' dir='ltr'>etmihi</span> <span class='ocrx_word' id='word_1_603' title='bbox 637 4443 688 4498; x_wconf 91' lang='lat' dir='ltr'>pro</span> <span class='ocrx_word' id='word_1_604' title='bbox 705 4441 825 4513; x_wconf 73' lang='lat' dir='ltr'>pessel)</span> <span class='ocrx_word' id='word_1_605' title='bbox 872 4424 999 4495; x_wconf 89' lang='lat' dir='ltr'>Cumque</span> <span class='ocrx_word' id='word_1_606' title='bbox 1012 4423 1180 4494; x_wconf 82' lang='lat' dir='ltr'>Radbertus,</span> <span class='ocrx_word' id='word_1_607' title='bbox 1193 4425 1328 4480; x_wconf 84' lang='lat' dir='ltr'>lloritolii</span> <span class='ocrx_word' id='word_1_608' title='bbox 1342 4442 1448 4494; x_wconf 89' lang='lat' dir='ltr'>comes,</span> <span class='ocrx_word' id='word_1_609' title='bbox 1464 4423 1590 4482; x_wconf 87' lang='lat' dir='ltr'>audisset</span> <span class='ocrx_word' id='word_1_610' title='bbox 1603 4442 1651 4482; x_wconf 88' lang='lat' dir='ltr'>re·</span> 
     </span>
     <span class='ocr_line' id='line_1_47' title="bbox 72 4515 1651 4592; baseline 0.001 -20"><span class='ocrx_word' id='word_1_611' title='bbox 72 4535 90 4572; x_wconf 86' lang='lat' dir='ltr'>r</span> <span class='ocrx_word' id='word_1_612' title='bbox 105 4518 202 4573; x_wconf 89' lang='lat' dir='ltr'>omnia</span> <span class='ocrx_word' id='word_1_613' title='bbox 217 4518 341 4574; x_wconf 89' lang='lat' dir='ltr'>libenter</span> <span class='ocrx_word' id='word_1_614' title='bbox 357 4518 489 4588; x_wconf 88' lang='lat' dir='ltr'>obedivit,</span> <span class='ocrx_word' id='word_1_615' title='bbox 502 4525 569 4591; x_wconf 91' lang='lat' dir='ltr'>opto</span> <span class='ocrx_word' id='word_1_616' title='bbox 584 4520 612 4574; x_wconf 94' lang='lat' dir='ltr'>in</span> <span class='ocrx_word' id='word_1_617' title='bbox 624 4520 725 4592; x_wconf 89' lang='lat' dir='ltr'>spiritu</span> <span class='ocrx_word' id='word_1_618' title='bbox 738 4521 787 4576; x_wconf 89' lang='lat' dir='ltr'>[lei</span> <span class='ocrx_word' id='word_1_619' title='bbox 837 4516 895 4588; x_wconf 88' lang='lat' dir='ltr'>gali</span> <span class='ocrx_word' id='word_1_620' title='bbox 910 4515 1052 4571; x_wconf 91' lang='lat' dir='ltr'>sententia</span> <span class='ocrx_word' id='word_1_621' title='bbox 1063 4516 1183 4572; x_wconf 87' lang='lat' dir='ltr'>fratrem</span> <span class='ocrx_word' id='word_1_622' title='bbox 1196 4532 1281 4573; x_wconf 87' lang='lat' dir='ltr'>suum</span> <span class='ocrx_word' id='word_1_623' title='bbox 1296 4525 1435 4590; x_wconf 90' lang='lat' dir='ltr'>perpetuo</span> <span class='ocrx_word' id='word_1_624' title='bbox 1450 4518 1561 4588; x_wconf 83' lang='lat' dir='ltr'>vinciri,</span> <span class='ocrx_word' id='word_1_625' title='bbox 1577 4519 1651 4575; x_wconf 93' lang='lat' dir='ltr'>mul·</span> 
     </span>
     <span class='ocr_line' id='line_1_48' title="bbox 72 4610 1650 4684; baseline 0.003 -18"><span class='ocrx_word' id='word_1_626' title='bbox 72 4613 149 4679; x_wconf 73' lang='lat' dir='ltr'>clere,</span> <span class='ocrx_word' id='word_1_627' title='bbox 164 4617 192 4668; x_wconf 91' lang='lat' dir='ltr'>et</span> <span class='ocrx_word' id='word_1_628' title='bbox 215 4612 245 4667; x_wconf 95' lang='lat' dir='ltr'>in</span> <span class='ocrx_word' id='word_1_629' title='bbox 269 4612 353 4684; x_wconf 89' lang='lat' dir='ltr'>regni</span> <span class='ocrx_word' id='word_1_630' title='bbox 376 4613 457 4683; x_wconf 90' lang='lat' dir='ltr'>solio,</span> <span class='ocrx_word' id='word_1_631' title='bbox 472 4613 494 4668; x_wconf 89' lang='lat' dir='ltr'>si</span> <span class='ocrx_word' id='word_1_632' title='bbox 511 4613 562 4670; x_wconf 85' lang='lat' dir='ltr'>Dei</span> <span class='ocrx_word' id='word_1_633' title='bbox 584 4614 714 4670; x_wconf 90' lang='lat' dir='ltr'>voluntas</span> <span class='ocrx_word' id='word_1_634' title='bbox 733 4617 786 4683; x_wconf 88' lang='lat' dir='ltr'>est,</span> <span class='ocrx_word' id='word_1_635' title='bbox 837 4615 899 4665; x_wconf 89' lang='lat' dir='ltr'>tum</span> <span class='ocrx_word' id='word_1_636' title='bbox 919 4610 1101 4665; x_wconf 87' lang='lat' dir='ltr'>contristatus</span> <span class='ocrx_word' id='word_1_637' title='bbox 1121 4614 1172 4665; x_wconf 90' lang='lat' dir='ltr'>est.</span> <span class='ocrx_word' id='word_1_638' title='bbox 1194 4610 1345 4666; x_wconf 87' lang='lat' dir='ltr'>tierluinus</span> <span class='ocrx_word' id='word_1_639' title='bbox 1366 4611 1471 4684; x_wconf 92' lang='lat' dir='ltr'>quippe</span> <span class='ocrx_word' id='word_1_640' title='bbox 1495 4612 1530 4668; x_wconf 93' lang='lat' dir='ltr'>de</span> <span class='ocrx_word' id='word_1_641' title='bbox 1549 4614 1650 4670; x_wconf 71' lang='lat' dir='ltr'>conta</span> 
     </span>
     <span class='ocr_line' id='line_1_49' title="bbox 72 4703 1652 4777; baseline 0.003 -17"><span class='ocrx_word' id='word_1_642' title='bbox 72 4705 224 4777; x_wconf 62' lang='lat' dir='ltr'>effulgere.</span> <span class='ocrx_word' id='word_1_643' title='bbox 242 4727 256 4754; x_wconf 71' lang='lat' dir='ltr'>a</span> <span class='ocrx_word' id='word_1_644' title='bbox 837 4703 902 4758; x_wconf 88' lang='lat' dir='ltr'>villa</span> <span class='ocrx_word' id='word_1_645' title='bbox 915 4703 1073 4772; x_wconf 89' lang='lat' dir='ltr'>llerlevam,</span> <span class='ocrx_word' id='word_1_646' title='bbox 1087 4704 1221 4759; x_wconf 88' lang='lat' dir='ltr'>liodberti</span> <span class='ocrx_word' id='word_1_647' title='bbox 1236 4704 1317 4760; x_wconf 89' lang='lat' dir='ltr'>ducis</span> <span class='ocrx_word' id='word_1_648' title='bbox 1329 4705 1527 4774; x_wconf 89' lang='lat' dir='ltr'>concubinam,</span> <span class='ocrx_word' id='word_1_649' title='bbox 1542 4705 1573 4762; x_wconf 92' lang='lat' dir='ltr'>in</span> <span class='ocrx_word' id='word_1_650' title='bbox 1587 4723 1652 4764; x_wconf 89' lang='lat' dir='ltr'>con·</span> 
     </span>
     <span class='ocr_line' id='line_1_50' title="bbox 72 4797 1652 4870; baseline 0.003 -16"><span class='ocrx_word' id='word_1_651' title='bbox 72 4798 174 4854; x_wconf 87' lang='lat' dir='ltr'>ethis</span> <span class='ocrx_word' id='word_1_652' title='bbox 194 4798 298 4852; x_wconf 89' lang='lat' dir='ltr'>similia</span> <span class='ocrx_word' id='word_1_653' title='bbox 310 4799 380 4854; x_wconf 92' lang='lat' dir='ltr'>dum</span> <span class='ocrx_word' id='word_1_654' title='bbox 394 4815 442 4853; x_wconf 90' lang='lat' dir='ltr'>rex</span> <span class='ocrx_word' id='word_1_655' title='bbox 456 4799 622 4855; x_wconf 87' lang='lat' dir='ltr'>Guillelmus</span> <span class='ocrx_word' id='word_1_656' title='bbox 642 4801 786 4857; x_wconf 89' lang='lat' dir='ltr'>multadi-</span> <span class='ocrx_word' id='word_1_657' title='bbox 834 4797 948 4868; x_wconf 89' lang='lat' dir='ltr'>jugium</span> <span class='ocrx_word' id='word_1_658' title='bbox 968 4800 1124 4868; x_wconf 87' lang='lat' dir='ltr'>acceperat,</span> <span class='ocrx_word' id='word_1_659' title='bbox 1141 4812 1175 4852; x_wconf 89' lang='lat' dir='ltr'>ex</span> <span class='ocrx_word' id='word_1_660' title='bbox 1195 4814 1251 4870; x_wconf 90' lang='lat' dir='ltr'>qua</span> <span class='ocrx_word' id='word_1_661' title='bbox 1272 4798 1343 4854; x_wconf 92' lang='lat' dir='ltr'>duos</span> <span class='ocrx_word' id='word_1_662' title='bbox 1363 4798 1443 4867; x_wconf 83' lang='lat' dir='ltr'>filios,</span> <span class='ocrx_word' id='word_1_663' title='bbox 1472 4799 1602 4856; x_wconf 88' lang='lat' dir='ltr'>Odonem</span> <span class='ocrx_word' id='word_1_664' title='bbox 1623 4806 1652 4858; x_wconf 91' lang='lat' dir='ltr'>et</span> 
     </span>
     <span class='ocr_line' id='line_1_51' title="bbox 81 4890 1648 4967; baseline 0.001 -20"><span class='ocrx_word' id='word_1_665' title='bbox 81 4894 112 4947; x_wconf 95' lang='lat' dir='ltr'>et</span> <span class='ocrx_word' id='word_1_666' title='bbox 120 4894 219 4962; x_wconf 86' lang='lat' dir='ltr'>stupor</span> <span class='ocrx_word' id='word_1_667' title='bbox 232 4891 405 4960; x_wconf 88' lang='lat' dir='ltr'>assistentes,</span> <span class='ocrx_word' id='word_1_668' title='bbox 419 4892 575 4964; x_wconf 90' lang='lat' dir='ltr'>callideque</span> <span class='ocrx_word' id='word_1_669' title='bbox 587 4894 684 4949; x_wconf 86' lang='lat' dir='ltr'>futura</span> <span class='ocrx_word' id='word_1_670' title='bbox 697 4894 789 4949; x_wconf 90' lang='lat' dir='ltr'>dime·</span> <span class='ocrx_word' id='word_1_671' title='bbox 839 4890 1025 4958; x_wconf 80' lang='lat' dir='ltr'>liudbertum,</span> <span class='ocrx_word' id='word_1_672' title='bbox 1033 4895 1185 4963; x_wconf 88' lang='lat' dir='ltr'>genuerat.</span> <span class='ocrx_word' id='word_1_673' title='bbox 1196 4890 1364 4947; x_wconf 86' lang='lat' dir='ltr'>Guillelmus</span> <span class='ocrx_word' id='word_1_674' title='bbox 1374 4896 1471 4948; x_wconf 89' lang='lat' dir='ltr'>autem</span> <span class='ocrx_word' id='word_1_675' title='bbox 1483 4893 1538 4948; x_wconf 82' lang='lat' dir='ltr'>dux</span> <span class='ocrx_word' id='word_1_676' title='bbox 1547 4895 1648 4967; x_wconf 87' lang='lat' dir='ltr'>etpos-</span> 
     </span>
     <span class='ocr_line' id='line_1_52' title="bbox 72 4983 1650 5057; baseline 0.003 -17"><span class='ocrx_word' id='word_1_677' title='bbox 72 5003 86 5054; x_wconf 82' lang='lat' dir='ltr'>t,</span> <span class='ocrx_word' id='word_1_678' title='bbox 102 4985 259 5052; x_wconf 86' lang='lat' dir='ltr'>invasisset,</span> <span class='ocrx_word' id='word_1_679' title='bbox 283 4985 428 5053; x_wconf 80' lang='lat' dir='ltr'>tierricus,</span> <span class='ocrx_word' id='word_1_680' title='bbox 449 4986 549 5056; x_wconf 88' lang='lat' dir='ltr'>junior</span> <span class='ocrx_word' id='word_1_681' title='bbox 568 4986 653 5053; x_wconf 87' lang='lat' dir='ltr'>filius,</span> <span class='ocrx_word' id='word_1_682' title='bbox 670 4992 702 5041; x_wconf 90' lang='lat' dir='ltr'>ut</span> <span class='ocrx_word' id='word_1_683' title='bbox 715 4987 787 5042; x_wconf 91' lang='lat' dir='ltr'>nihil</span> <span class='ocrx_word' id='word_1_684' title='bbox 838 4985 886 5038; x_wconf 88' lang='lat' dir='ltr'>toa</span> <span class='ocrx_word' id='word_1_685' title='bbox 899 4999 951 5039; x_wconf 90' lang='lat' dir='ltr'>rex</span> <span class='ocrx_word' id='word_1_686' title='bbox 963 4983 1097 5039; x_wconf 89' lang='lat' dir='ltr'>vitricum</span> <span class='ocrx_word' id='word_1_687' title='bbox 1112 5000 1195 5040; x_wconf 90' lang='lat' dir='ltr'>suum</span> <span class='ocrx_word' id='word_1_688' title='bbox 1207 4983 1324 5057; x_wconf 88' lang='lat' dir='ltr'>maguis</span> <span class='ocrx_word' id='word_1_689' title='bbox 1336 4988 1365 5041; x_wconf 91' lang='lat' dir='ltr'>et</span> <span class='ocrx_word' id='word_1_690' title='bbox 1383 4984 1481 5040; x_wconf 87' lang='lat' dir='ltr'>multis</span> <span class='ocrx_word' id='word_1_691' title='bbox 1492 4986 1650 5044; x_wconf 88' lang='lat' dir='ltr'>honoribus</span> 
     </span>
     <span class='ocr_line' id='line_1_53' title="bbox 72 5076 1649 5151; baseline 0.001 -15"><span class='ocrx_word' id='word_1_692' title='bbox 72 5096 82 5136; x_wconf 85' lang='lat' dir='ltr'>e</span> <span class='ocrx_word' id='word_1_693' title='bbox 103 5078 248 5151; x_wconf 87' lang='lat' dir='ltr'>regalibus</span> <span class='ocrx_word' id='word_1_694' title='bbox 270 5077 346 5149; x_wconf 87' lang='lat' dir='ltr'>gazis</span> <span class='ocrx_word' id='word_1_695' title='bbox 365 5077 426 5133; x_wconf 89' lang='lat' dir='ltr'>dari</span> <span class='ocrx_word' id='word_1_696' title='bbox 447 5079 564 5147; x_wconf 90' lang='lat' dir='ltr'>audivit,</span> <span class='ocrx_word' id='word_1_697' title='bbox 586 5095 708 5136; x_wconf 76' lang='lat' dir='ltr'>maerens</span> <span class='ocrx_word' id='word_1_698' title='bbox 722 5096 788 5135; x_wconf 90' lang='lat' dir='ltr'>cum</span> <span class='ocrx_word' id='word_1_699' title='bbox 837 5076 867 5131; x_wconf 91' lang='lat' dir='ltr'>iu</span> <span class='ocrx_word' id='word_1_700' title='bbox 880 5076 1091 5133; x_wconf 87' lang='lat' dir='ltr'>Normauniaet</span> <span class='ocrx_word' id='word_1_701' title='bbox 1104 5078 1205 5149; x_wconf 66' lang='lat' dir='ltr'>anglia</span> <span class='ocrx_word' id='word_1_702' title='bbox 1218 5077 1367 5147; x_wconf 82' lang='lat' dir='ltr'>ditaverat,</span> <span class='ocrx_word' id='word_1_703' title='bbox 1383 5085 1412 5135; x_wconf 91' lang='lat' dir='ltr'>et</span> <span class='ocrx_word' id='word_1_704' title='bbox 1424 5078 1578 5151; x_wconf 78' lang='lat' dir='ltr'>filiuseius,</span> <span class='ocrx_word' id='word_1_705' title='bbox 1592 5080 1649 5138; x_wconf 90' lang='lat' dir='ltr'>lia·</span> 
     </span>
     <span class='ocr_line' id='line_1_54' title="bbox 72 5170 1652 5244; baseline 0.003 -17"><span class='ocrx_word' id='word_1_706' title='bbox 72 5175 107 5227; x_wconf 83' lang='lat' dir='ltr'>ris</span> <span class='ocrx_word' id='word_1_707' title='bbox 118 5172 153 5227; x_wconf 92' lang='lat' dir='ltr'>ad</span> <span class='ocrx_word' id='word_1_708' title='bbox 166 5186 266 5242; x_wconf 90' lang='lat' dir='ltr'>regem</span> <span class='ocrx_word' id='word_1_709' title='bbox 280 5172 370 5227; x_wconf 74' lang='lat' dir='ltr'>dixita</span> <span class='ocrx_word' id='word_1_710' title='bbox 383 5191 398 5222; x_wconf 82' lang='lat' dir='ltr'>u</span> <span class='ocrx_word' id='word_1_711' title='bbox 412 5173 445 5226; x_wconf 82' lang='lat' dir='ltr'>ut</span> <span class='ocrx_word' id='word_1_712' title='bbox 458 5172 539 5240; x_wconf 91' lang='lat' dir='ltr'>mihi,</span> <span class='ocrx_word' id='word_1_713' title='bbox 551 5175 641 5244; x_wconf 89' lang='lat' dir='ltr'>pater,</span> <span class='ocrx_word' id='word_1_714' title='bbox 656 5173 725 5244; x_wconf 90' lang='lat' dir='ltr'>quid</span> <span class='ocrx_word' id='word_1_715' title='bbox 739 5173 789 5229; x_wconf 88' lang='lat' dir='ltr'>tri-</span> <span class='ocrx_word' id='word_1_716' title='bbox 838 5170 957 5240; x_wconf 74' lang='lat' dir='ltr'>aarum,</span> <span class='ocrx_word' id='word_1_717' title='bbox 967 5186 1054 5241; x_wconf 89' lang='lat' dir='ltr'>quem</span> <span class='ocrx_word' id='word_1_718' title='bbox 1065 5170 1099 5225; x_wconf 92' lang='lat' dir='ltr'>de</span> <span class='ocrx_word' id='word_1_719' title='bbox 1113 5171 1170 5226; x_wconf 89' lang='lat' dir='ltr'>alia</span> <span class='ocrx_word' id='word_1_720' title='bbox 1179 5171 1300 5243; x_wconf 84' lang='lat' dir='ltr'>conjuge</span> <span class='ocrx_word' id='word_1_721' title='bbox 1313 5177 1525 5242; x_wconf 88' lang='lat' dir='ltr'>procreaverat,</span> <span class='ocrx_word' id='word_1_722' title='bbox 1537 5173 1652 5232; x_wconf 87' lang='lat' dir='ltr'>fratres·</span> 
     </span>
     <span class='ocr_line' id='line_1_55' title="bbox 72 5262 1650 5337; baseline 0.003 -16"><span class='ocrx_word' id='word_1_723' title='bbox 72 5265 149 5321; x_wconf 71' lang='lat' dir='ltr'>»Cui</span> <span class='ocrx_word' id='word_1_724' title='bbox 163 5281 213 5321; x_wconf 88' lang='lat' dir='ltr'>rex</span> <span class='ocrx_word' id='word_1_725' title='bbox 224 5265 282 5320; x_wconf 90' lang='lat' dir='ltr'>ait:</span> <span class='ocrx_word' id='word_1_726' title='bbox 298 5285 313 5315; x_wconf 77' lang='grc' dir='ltr'>α</span> <span class='ocrx_word' id='word_1_727' title='bbox 327 5265 457 5336; x_wconf 81' lang='lat' dir='ltr'>Quinque</span> <span class='ocrx_word' id='word_1_728' title='bbox 473 5265 562 5320; x_wconf 87' lang='lat' dir='ltr'>millia</span> <span class='ocrx_word' id='word_1_729' title='bbox 576 5266 665 5321; x_wconf 91' lang='lat' dir='ltr'>libras</span> <span class='ocrx_word' id='word_1_730' title='bbox 675 5267 786 5337; x_wconf 88' lang='lat' dir='ltr'>argenti</span> <span class='ocrx_word' id='word_1_731' title='bbox 837 5280 893 5336; x_wconf 90' lang='lat' dir='ltr'>que</span> <span class='ocrx_word' id='word_1_732' title='bbox 908 5279 974 5319; x_wconf 87' lang='lat' dir='ltr'>suos</span> <span class='ocrx_word' id='word_1_733' title='bbox 986 5263 1121 5333; x_wconf 89' lang='lat' dir='ltr'>uterinos,</span> <span class='ocrx_word' id='word_1_734' title='bbox 1135 5262 1265 5319; x_wconf 90' lang='lat' dir='ltr'>Odouem</span> <span class='ocrx_word' id='word_1_735' title='bbox 1281 5270 1310 5320; x_wconf 91' lang='lat' dir='ltr'>et</span> <span class='ocrx_word' id='word_1_736' title='bbox 1322 5265 1509 5336; x_wconf 78' lang='lat' dir='ltr'>liudbertum,</span> <span class='ocrx_word' id='word_1_737' title='bbox 1521 5269 1650 5325; x_wconf 90' lang='lat' dir='ltr'>maximis</span> 
     </span>
     <span class='ocr_line' id='line_1_56' title="bbox 72 5357 1649 5433; baseline 0.003 -19"><span class='ocrx_word' id='word_1_738' title='bbox 72 5373 155 5414; x_wconf 88' lang='lat' dir='ltr'>sauro</span> <span class='ocrx_word' id='word_1_739' title='bbox 168 5373 234 5413; x_wconf 92' lang='lat' dir='ltr'>meo</span> <span class='ocrx_word' id='word_1_740' title='bbox 247 5358 298 5412; x_wconf 90' lang='lat' dir='ltr'>tihi</span> <span class='ocrx_word' id='word_1_741' title='bbox 311 5359 357 5414; x_wconf 91' lang='lat' dir='ltr'>do.</span> <span class='ocrx_word' id='word_1_742' title='bbox 372 5380 387 5409; x_wconf 81' lang='lat' dir='ltr'>u</span> <span class='ocrx_word' id='word_1_743' title='bbox 404 5358 445 5415; x_wconf 78' lang='lat' dir='ltr'>bd</span> <span class='ocrx_word' id='word_1_744' title='bbox 457 5359 520 5414; x_wconf 81' lang='lat' dir='ltr'>haec</span> <span class='ocrx_word' id='word_1_745' title='bbox 539 5359 677 5414; x_wconf 90' lang='lat' dir='ltr'>lienricus</span> <span class='ocrx_word' id='word_1_746' title='bbox 692 5359 785 5414; x_wconf 83' lang='lat' dir='ltr'>dixit:</span> <span class='ocrx_word' id='word_1_747' title='bbox 837 5357 1060 5429; x_wconf 88' lang='lat' dir='ltr'>possessionibus</span> <span class='ocrx_word' id='word_1_748' title='bbox 1073 5357 1288 5415; x_wconf 88' lang='lat' dir='ltr'>sublimaverat.</span> <span class='ocrx_word' id='word_1_749' title='bbox 1302 5359 1385 5430; x_wconf 90' lang='lat' dir='ltr'>Nam,</span> <span class='ocrx_word' id='word_1_750' title='bbox 1398 5365 1550 5433; x_wconf 90' lang='lat' dir='ltr'>postquam</span> <span class='ocrx_word' id='word_1_751' title='bbox 1571 5362 1649 5418; x_wconf 87' lang='lat' dir='ltr'>Guil-</span> 
     </span>
     <span class='ocr_line' id='line_1_57' title="bbox 81 5449 1651 5527; baseline 0.004 -21"><span class='ocrx_word' id='word_1_752' title='bbox 81 5449 186 5507; x_wconf 83' lang='lat' dir='ltr'>faciam</span> <span class='ocrx_word' id='word_1_753' title='bbox 197 5451 380 5519; x_wconf 87' lang='lat' dir='ltr'>dethesauro‚</span> <span class='ocrx_word' id='word_1_754' title='bbox 392 5452 414 5506; x_wconf 89' lang='lat' dir='ltr'>si</span> <span class='ocrx_word' id='word_1_755' title='bbox 426 5452 520 5506; x_wconf 89' lang='lat' dir='ltr'>locum</span> <span class='ocrx_word' id='word_1_756' title='bbox 532 5451 720 5508; x_wconf 86' lang='lat' dir='ltr'>habitationis</span> <span class='ocrx_word' id='word_1_757' title='bbox 729 5469 787 5508; x_wconf 92' lang='lat' dir='ltr'>nou</span> <span class='ocrx_word' id='word_1_758' title='bbox 836 5450 956 5507; x_wconf 90' lang='lat' dir='ltr'>tetmum</span> <span class='ocrx_word' id='word_1_759' title='bbox 963 5455 1158 5522; x_wconf 88' lang='lat' dir='ltr'>cognomento</span> <span class='ocrx_word' id='word_1_760' title='bbox 1168 5451 1356 5524; x_wconf 87' lang='lat' dir='ltr'>Werliugum,</span> <span class='ocrx_word' id='word_1_761' title='bbox 1364 5453 1651 5527; x_wconf 82' lang='lat' dir='ltr'>ltoritoliicomitem,</span> 
     </span>
     <span class='ocr_line' id='line_1_58' title="bbox 72 5543 1649 5618; baseline 0.003 -17"><span class='ocrx_word' id='word_1_762' title='bbox 72 5545 118 5601; x_wconf 82' lang='lat' dir='ltr'>rot</span> <span class='ocrx_word' id='word_1_763' title='bbox 131 5565 146 5595; x_wconf 80' lang='lat' dir='ltr'>a</span> <span class='ocrx_word' id='word_1_764' title='bbox 161 5543 213 5602; x_wconf 81' lang='lat' dir='ltr'>(lui</span> <span class='ocrx_word' id='word_1_765' title='bbox 227 5549 308 5616; x_wconf 88' lang='lat' dir='ltr'>pater</span> <span class='ocrx_word' id='word_1_766' title='bbox 320 5545 484 5618; x_wconf 90' lang='lat' dir='ltr'>respondit:</span> <span class='ocrx_word' id='word_1_767' title='bbox 499 5566 513 5597; x_wconf 82' lang='lat' dir='ltr'>a</span> <span class='ocrx_word' id='word_1_768' title='bbox 524 5545 702 5617; x_wconf 86' lang='lat' dir='ltr'>AEquauimis</span> <span class='ocrx_word' id='word_1_769' title='bbox 713 5551 785 5616; x_wconf 86' lang='lat' dir='ltr'>esto,</span> <span class='ocrx_word' id='word_1_770' title='bbox 836 5544 927 5599; x_wconf 87' lang='lat' dir='ltr'>illium</span> <span class='ocrx_word' id='word_1_771' title='bbox 950 5544 1075 5615; x_wconf 87' lang='lat' dir='ltr'>llalgerii</span> <span class='ocrx_word' id='word_1_772' title='bbox 1096 5544 1216 5614; x_wconf 89' lang='lat' dir='ltr'>comitis,</span> <span class='ocrx_word' id='word_1_773' title='bbox 1239 5561 1292 5618; x_wconf 93' lang='lat' dir='ltr'>pro</span> <span class='ocrx_word' id='word_1_774' title='bbox 1309 5546 1437 5602; x_wconf 90' lang='lat' dir='ltr'>minimis</span> <span class='ocrx_word' id='word_1_775' title='bbox 1453 5548 1649 5605; x_wconf 85' lang='lat' dir='ltr'>occasionibus</span> 
     </span>
     <span class='ocr_line' id='line_1_59' title="bbox 77 5637 1647 5712; baseline 0.001 -16"><span class='ocrx_word' id='word_1_776' title='bbox 77 5637 240 5696; x_wconf 82' lang='lat' dir='ltr'>confortare</span> <span class='ocrx_word' id='word_1_777' title='bbox 252 5638 282 5694; x_wconf 91' lang='lat' dir='ltr'>iu</span> <span class='ocrx_word' id='word_1_778' title='bbox 296 5638 425 5694; x_wconf 85' lang='lat' dir='ltr'>Domino.</span> <span class='ocrx_word' id='word_1_779' title='bbox 440 5638 558 5694; x_wconf 85' lang='lat' dir='ltr'>Paciflce</span> <span class='ocrx_word' id='word_1_780' title='bbox 573 5644 669 5710; x_wconf 89' lang='lat' dir='ltr'>patere</span> <span class='ocrx_word' id='word_1_781' title='bbox 684 5642 718 5695; x_wconf 89' lang='lat' dir='ltr'>ut</span> <span class='ocrx_word' id='word_1_782' title='bbox 730 5655 787 5694; x_wconf 91' lang='lat' dir='ltr'>ma-</span> <span class='ocrx_word' id='word_1_783' title='bbox 837 5637 872 5693; x_wconf 91' lang='lat' dir='ltr'>de</span> <span class='ocrx_word' id='word_1_784' title='bbox 883 5637 1012 5694; x_wconf 87' lang='lat' dir='ltr'>Neustria</span> <span class='ocrx_word' id='word_1_785' title='bbox 1025 5637 1248 5709; x_wconf 87' lang='lat' dir='ltr'>propulsaverat,</span> <span class='ocrx_word' id='word_1_786' title='bbox 1264 5638 1417 5709; x_wconf 76' lang='lat' dir='ltr'>liudberto,</span> <span class='ocrx_word' id='word_1_787' title='bbox 1432 5641 1560 5697; x_wconf 87' lang='lat' dir='ltr'>llerluiui</span> <span class='ocrx_word' id='word_1_788' title='bbox 1576 5641 1647 5712; x_wconf 86' lang='lat' dir='ltr'>illio,</span> 
     </span>
     <span class='ocr_line' id='line_1_60' title="bbox 72 5730 1658 5804; baseline 0 -14"><span class='ocrx_word' id='word_1_789' title='bbox 72 5732 173 5790; x_wconf 70' lang='lat' dir='ltr'>naues</span> <span class='ocrx_word' id='word_1_790' title='bbox 195 5732 236 5789; x_wconf 90' lang='lat' dir='ltr'>tui</span> <span class='ocrx_word' id='word_1_791' title='bbox 256 5732 422 5804; x_wconf 72' lang='lat' dir='ltr'>praecedant</span> <span class='ocrx_word' id='word_1_792' title='bbox 448 5737 486 5788; x_wconf 90' lang='lat' dir='ltr'>te.</span> <span class='ocrx_word' id='word_1_793' title='bbox 509 5731 649 5789; x_wconf 84' lang='lat' dir='ltr'>liebertus</span> <span class='ocrx_word' id='word_1_794' title='bbox 669 5731 786 5790; x_wconf 87' lang='lat' dir='ltr'>habebit</span> <span class='ocrx_word' id='word_1_795' title='bbox 835 5730 919 5789; x_wconf 88' lang='lat' dir='ltr'>fratri</span> <span class='ocrx_word' id='word_1_796' title='bbox 941 5746 1002 5803; x_wconf 85' lang='lat' dir='ltr'>suo,</span> <span class='ocrx_word' id='word_1_797' title='bbox 1021 5731 1189 5789; x_wconf 88' lang='lat' dir='ltr'>comitatum</span> <span class='ocrx_word' id='word_1_798' title='bbox 1208 5732 1340 5791; x_wconf 82' lang='lat' dir='ltr'>llontolii</span> <span class='ocrx_word' id='word_1_799' title='bbox 1362 5733 1494 5792; x_wconf 85' lang='lat' dir='ltr'>dederat.</span> <span class='ocrx_word' id='word_1_800' title='bbox 1511 5735 1658 5791; x_wconf 58' lang='lat' dir='ltr'>batanea</span> 
     </span>
    </p>
   </div>
   <div class='ocr_carea' id='block_1_3' title="bbox 0 0 1880 6046">
    <p class='ocr_par' dir='ltr' id='par_1_5' title="bbox 0 0 1880 6046">
     <span class='ocr_line' id='line_1_61' title="bbox 0 0 1880 6046; baseline 0 0"><span class='ocrx_word' id='word_1_801' title='bbox 0 0 1880 6046; x_wconf 95' lang='lat' dir='ltr'> </span> 
     </span>
    </p>
   </div>
  </div>
 </body>
</html>
