3750 6046
154 188 224 246 tots
684 180 834 241 ausuum
854 180 1156 243 unvucauueuusts
1173 180 1281 243 EPISC.
1756 184 1815 241 tuto

150 312 228 367 effici
248 312 387 383 valuerit,
408 302 473 379 opus
496 309 540 362 est
558 308 591 361 ut
610 306 739 363 omnium
762 308 908 379 minimus,
925 312 957 365 ut
965 336 995 409 Α
1006 309 1182 366 monasticus
1198 307 1356 381 benjamin,
1371 307 1421 381 qui
1436 324 1453 364 a
1469 312 1561 362 matre
1578 306 1655 376 itlius
1668 304 1781 375 dolorm,
1803 324 1816 362 a

149 405 278 461 omnium
303 406 430 465 minister
444 400 590 460 efficiatur.
609 402 670 457 lam
689 417 756 457 vero
774 403 953 474 quandoqui·
1004 408 1086 475 patre
1110 420 1177 459 vero
1198 405 1272 473 illius
1296 403 1399 458 deutra
1419 405 1532 457 vocatus
1554 401 1645 472 (Geta,
1661 398 1758 471 xxxv).
1778 399 1814 455 si-

146 498 212 554 dem
225 499 342 570 gloriari
352 498 473 566 oportet,
494 495 559 551 licet
578 511 634 550 nou
657 495 800 567 expediat,
815 496 954 567 glorietur
1003 496 1119 568 quidem
1143 512 1209 552 euru
1236 500 1327 552 mater
1353 495 1475 551 Ecclesia
1499 494 1530 549 iu
1555 494 1656 550 dolore
1681 492 1816 564 passionis

145 597 173 648 et
184 592 254 648 ordo
269 590 429 653 canonicus,
444 589 583 660 glorietur
593 592 691 644 autem
700 606 759 645 nou
770 589 799 644 in
813 606 853 657 se,
865 590 913 645 sed
925 590 955 644 in
1004 606 1074 658 sure,
1088 596 1120 646 ut
1133 590 1264 660 superius
1277 590 1383 645 dictum
1399 593 1451 657 est,
1466 605 1499 643 ac
1512 589 1613 643 mortis
1625 601 1760 642 amorem
1780 602 1817 643 so

144 686 275 757 Domino,
290 681 419 755 dicatque
438 682 468 736 iu
485 699 540 754 quo
556 682 619 754 quis
634 684 720 738 audet
733 683 761 737 in
778 682 953 755 insipientia,
1003 682 1133 738 litudinis
1144 689 1172 739 et
1184 684 1382 739 necessitatem
1398 683 1427 738 in
1443 683 1620 738 voluntatem
1636 681 1815 736 convertitl

142 780 236 835 audeo
249 786 274 837 et
286 793 340 850 ego
355 795 364 846 ;
386 779 540 832 sectatores
557 778 733 849 paupertatis
752 776 857 834 Christi
877 783 953 847 suut,
1003 780 1085 849 patre
1098 783 1191 833 autem
1205 777 1234 832 in
1248 775 1338 832 lilium
1354 775 1462 832 dentre
1474 777 1574 848 utpote
1588 779 1766 831 aeternorum
1777 772 1817 829 bo

146 877 174 929 et
194 888 267 945 03⁰3
292 870 473 926 aemulatores
494 871 657 942 apostolicas
677 871 859 943 perfectionis
879 877 954 942 suut,
1006 886 1111 925 norum
1123 871 1214 925 hares
1228 870 1345 926 dilectus
1359 870 1511 941 deputatus
1531 870 1584 924 est.
1599 871 1675 924 Nam
1694 882 1752 939 ego
1771 882 1818 921 ma·

146 974 176 1023 et
194 982 266 1039 ego;
290 965 465 1037 professores
489 970 517 1020 et
534 965 727 1021 observatores
747 965 906 1020 communis
924 980 956 1020 ae
1002 963 1049 1035 jor
1068 963 1172 1018 horum
1189 963 1312 1018 liliorum
1335 962 1450 1034 loseph,
1466 962 1536 1017 ordo
1559 961 1697 1016 videlicet
1713 960 1818 1015 canoni

144 1057 317 1116 coenobitalis
330 1058 394 1113 vitae
408 1063 483 1126 sunt,
501 1063 529 1114 et
543 1074 606 1130 ego.
760 1043 762 1048 ⁸
1005 1073 1053 1112 cus
1066 1075 1083 1112 a
1097 1056 1232 1112 fratribus
1248 1058 1278 1110 in
1293 1059 1447 1128 AEgyptum
1461 1055 1595 1110 venditus
1605 1059 1748 1126 tempore
1761 1070 1817 1125 per·

291 1152 403 1208 CAPUT
412 1153 455 1208 lV.
468 1156 504 1207 lie
517 1154 605 1223 pluria
620 1154 814 1209 tribulationis.
1006 1152 1158 1207 secationis
1182 1167 1306 1206 carceres
1334 1150 1473 1218 sustinui,
1504 1165 1569 1205 cum
1599 1150 1690 1205 etiam
1717 1147 1819 1203 ferma

179 1245 297 1302 ldinistri
311 1246 417 1301 Christi
434 1252 509 1316 sunt,
527 1250 555 1301 et
575 1262 648 1319 ego;
671 1252 701 1302 ot
722 1248 826 1315 minus,
841 1246 891 1301 sed
911 1263 955 1301 sa·
1006 1244 1185 1300 multimodae
1200 1244 1340 1316 passionis
1354 1244 1481 1299 animam
1502 1258 1596 1297 meam
1610 1242 1699 1296 simul
1720 1245 1752 1297 et
1767 1256 1819 1296 ear·

144 1340 229 1412 piens
245 1339 349 1409 dicam,
364 1339 429 1411 plus
442 1355 507 1410 ego.
522 1341 552 1393 ln
570 1339 714 1395 laboribus
730 1341 837 1408 multis,
853 1339 881 1395 iu
894 1355 956 1394 car·
1006 1354 1072 1394 nam
1088 1338 1280 1410 pertransivit,
1293 1339 1384 1393 douec
1403 1337 1491 1392 verbo
1511 1352 1576 1392 meo
1593 1351 1686 1408 usqrre
1710 1335 1749 1389 ad
1762 1351 1821 1407 prae

143 1433 257 1489 ceribus
279 1432 480 1502 abuudantius,
505 1434 534 1488 iu
559 1434 653 1506 plagis
672 1434 906 1505 supramodum,
926 1433 956 1487 in
1007 1432 1118 1487 linitam
1135 1449 1151 1487 a
1168 1433 1224 1488 ileo
1239 1432 1468 1487 testificationem
1491 1430 1689 1503 perveniente,
1707 1428 1822 1484 muudus

143 1526 284 1583 mortibus
303 1527 479 1599 frequenter.
500 1530 522 1581 Α
543 1527 647 1583 tudaeis
668 1528 753 1582 simul
773 1532 801 1584 et
824 1528 958 1599 gentibus
1007 1526 1218 1598 subjugalidei
1234 1526 1436 1581 adductusest.

143 1621 289 1677 multoties
303 1620 500 1692 scorpionibus
515 1624 543 1676 et
563 1621 678 1688 taureis,
694 1621 848 1693 plumbatis
862 1626 890 1677 et
907 1620 957 1675 ila·
1026 1620 1135 1676 caput
1148 1620 1191 1675 Vl.
1207 1619 1336 1675 Cuuontct
1349 1634 1409 1674 oum
1420 1618 1516 1689 loseph
1528 1621 1557 1673 iu
1566 1618 1688 1689 AEpupte
1702 1618 1809 1671 aetna.

145 1716 203 1788 gris
219 1717 459 1770 attrectatussum
475 1714 577 1771 millies
592 1732 598 1770 :
616 1716 701 1786 virgis
715 1732 878 1770 caesussum
888 1715 998 1789 mul-B
1044 1715 1183 1785 Tempore
1211 1719 1307 1768 autem
1334 1712 1460 1769 Silvestri
1484 1728 1568 1784 papas
1594 1716 1624 1766 et
1651 1710 1823 1766 Constantini

143 1809 237 1876 toties,
251 1808 391 1880 lapidatus
407 1810 519 1881 saepius,
536 1809 719 1881 naufragium
734 1809 799 1877 feei,
816 1809 960 1864 multoties
1009 1808 1146 1882 principis
1169 1822 1219 1878 por
1241 1805 1425 1879 ipsumpium
1448 1805 1605 1878 principem
1620 1803 1761 1859 Ecclesiis
1778 1804 1822 1859 usi
1867 1862 1869 1871 ,

146 1903 261 1976 ignibus
283 1902 412 1972 traditus,
432 1903 579 1958 multoties
598 1902 680 1974 aquis
702 1903 862 1971 immersus,
883 1903 958 1957 mul·
1010 1917 1077 1973 pace
1098 1900 1217 1967 reddita,
1234 1899 1262 1954 in
1282 1901 1344 1972 Jam
1359 1900 1434 1955 dicto
1458 1916 1531 1971 papa
1550 1903 1580 1953 et
1600 1898 1634 1953 in
1649 1897 1730 1954 clero
1749 1895 1823 1952 miri·

147 1996 232 2052 toties
252 1996 349 2051 bestiis
371 1997 526 2067 expositus,
540 1996 645 2052 centies
665 1998 695 2051 in
714 1997 812 2052 eculeo
830 1996 959 2052 subleva·
1011 1999 1062 2054 lice
1075 1999 1160 2054 etiam
1183 1998 1257 2070 apud
1279 1997 1410 2053 homines
1425 1997 1587 2066 sublimato,
1603 2011 1666 2051 nou
1685 1994 1825 2052 solumde

146 2095 202 2159 tus,
219 2091 325 2147 centies
345 2090 374 2145 in
394 2094 502 2145 catasta
518 2095 659 2158 extensus,
674 2106 750 2163 saepo
770 2091 876 2146 ferreos
895 2107 960 2162 pec·
1011 2109 1123 2149 carcero
1143 2093 1221 2148 relat
1239 2093 1312 2148 alter
1328 2092 1468 2163 iosephus
1489 2090 1608 2147 eductus
1621 2106 1700 2158 sum,
1715 2090 1828 2162 insuper

147 2185 223 2241 tines
237 2201 347 2256 passus,
362 2200 420 2240 non
435 2186 522 2239 semel
535 2184 564 2239 in
578 2185 713 2240 oraticula
726 2187 846 2252 assatus,
861 2184 961 2239 millies
1010 2186 1041 2242 in
1054 2204 1139 2242 curru
1153 2186 1306 2242 Pharaonis
1320 2186 1443 2248 consedi,
1459 2185 1653 2257 dominusque
1668 2183 1787 2256 AEgypti
1800 2197 1827 2237 ac

150 2279 243 2351 gladio
256 2279 469 2333 animadversus
482 2295 556 2333 sum.
576 2281 606 2334 ln
628 2278 778 2333 itineribus
797 2295 871 2350 saepe
884 2278 960 2350 peri·
1011 2282 1143 2354 princeps
1163 2280 1240 2336 orbis
1261 2283 1412 2346 terrarum,
1436 2282 1585 2351 rectorque
1610 2293 1775 2350 regnorum
1792 2276 1827 2333 el-

148 2374 219 2429 eulis
232 2371 395 2440 fluminum,
407 2373 540 2445 periculis
553 2372 711 2440 latronum,
723 2372 853 2443 periculis
866 2388 900 2428 ex
915 2388 963 2444 ge·
1011 2375 1102 2431 tectius
1115 2392 1189 2430 sum.
1207 2376 1263 2430 lloc
1279 2390 1383 2445 nempe
1396 2374 1425 2429 in
1439 2374 1500 2445 ipso
1517 2373 1652 2429 Silvestre
1669 2388 1751 2445 papa
1763 2386 1828 2443 pene

148 2484 226 2537 nere,
251 2466 381 2538 periculis
405 2483 439 2521 ex
464 2466 605 2537 gentibus,
630 2465 764 2538 periculis
786 2466 816 2521 in
839 2466 960 2534 civitate,
1013 2469 1196 2524 historialiter
1209 2471 1238 2523 et
1258 2468 1415 2523 secundum
1438 2468 1564 2522 litteram
1584 2465 1768 2538 completum
1783 2471 1830 2535 est,

147 2561 278 2634 perieulis
292 2560 319 2614 in
335 2560 498 2626 solitudine,
518 2560 654 2632 periculis
673 2560 702 2614 in
721 2560 805 2627 mari,
826 2560 960 2631 periculis
1012 2579 1076 2617 eram
1093 2563 1118 2617 ei
1132 2563 1289 2633 imperator
1303 2561 1331 2615 iu
1346 2561 1418 2616 urbe
1432 2562 1524 2616 Roma
1538 2575 1627 2632 super
1645 2576 1760 2632 equum
1773 2560 1823 2614 im·

148 2655 178 2709 in
200 2655 278 2709 falsis
299 2653 443 2708 fratribus.
471 2655 499 2707 ln
518 2653 625 2722 labore,
648 2670 786 2721 aerumna,
808 2654 836 2708 in
858 2653 963 2725 vigiliis
1014 2657 1151 2728 perialom
1174 2656 1284 2711 sedenti
1310 2671 1362 2726 per
1381 2655 1510 2710 mediana
1532 2654 1653 2710 civitatis
1678 2652 1830 2709 servatoris

149 2748 255 2815 mollis,
279 2748 308 2801 in
330 2748 406 2803 fame
431 2753 459 2802 et
481 2747 536 2816 siti,
551 2747 580 2802 in
599 2748 719 2818 jejuniis
743 2748 849 2817 multis,
865 2748 893 2802 in
914 2748 962 2802 lri-
1017 2750 1142 2805 osticium
1159 2750 1296 2804 exhibuit.

153 2859 223 2914 gare
247 2844 276 2895 el
299 2842 426 2897 nuditate
440 2841 473 2912 (lt
488 2840 560 2902 Cor„
581 2842 626 2912 u).
644 2843 748 2896 Praeter
768 2841 814 2918 illa
835 2858 899 2912 quae
915 2859 963 2896 en·
1127 2845 1237 2899 CAPUT
1252 2845 1305 2899 Vll.
1320 2841 1717 2913 Deperseeuttouebaresium.

151 2936 291 2990 trinsecus
304 2937 379 3003 sunt,
395 2934 609 2989 instantiamea
623 2934 792 3005 quotidiana
806 2934 965 2990 sollicitudo
1050 2937 1105 2994 Sed
1132 2941 1262 3009 tempore
1288 2937 1440 2992 haeresium
1467 2935 1531 3007 quis
1555 2935 1785 2992 infirmabatur?
1807 2942 1831 2990 et

98 3048 101 3057 ¹
153 3027 283 3083 omnium
299 3027 495 3083 ecclesiarum.
508 3029 538 3084 lu
551 3027 796 3098 quibusomuihus
812 3028 963 3095 laboribus,
1015 3048 1069 3104 ego
1092 3049 1149 3086 non
1171 3031 1358 3085 infirmabar?
1378 3031 1441 3102 quis
1461 3029 1712 3085 scandalizabatur
1729 3033 1759 3085 et
1780 3045 1829 3100 ego

151 3121 295 3193 periculis,
317 3120 504 3176 anxietatibus
529 3123 558 3176 et
580 3121 767 3192 passionibus,
790 3121 912 3193 qualitor
935 3091 1003 3176 iuC
1016 3142 1073 3181 nou
1090 3124 1214 3180 urebar?
1235 3124 1268 3196 (ll
1282 3127 1354 3192 Cor,
1372 3127 1419 3193 η.)
1438 3125 1508 3180 Cum
1528 3121 1646 3178 iuterim
1664 3138 1716 3178 me
1735 3122 1832 3195 loseph

153 3214 346 3271 sacerdotibus
360 3230 394 3268 ac
407 3214 500 3269 levitis
514 3214 633 3286 aliisque
646 3215 747 3271 Christi
762 3216 797 3270 de
819 3231 882 3270 mea
897 3231 965 3287 pro·

152 3308 276 3365 fassione
289 3307 498 3363 confessoribus
511 3325 543 3363 ac
558 3309 729 3380 martyribus
750 3314 880 3380 tempore
901 3325 965 3380 per·

153 3402 306 3460 secationis
321 3402 472 3470 exstiterit,
487 3407 606 3458 constat.

233 3497 343 3552 CAPUT
358 3498 389 3550 V.
403 3497 529 3552 Mouucbt
544 3499 572 3551 iu
583 3496 730 3552 solitudine
738 3499 885 3567 propositi.

190 3593 261 3647 Nam
276 3589 344 3645 dum
358 3590 564 3662 persecutionis
576 3594 704 3662 tempore
719 3591 901 3646 solitudinem
916 3607 966 3663 pa·

154 3690 237 3752 teret,
259 3684 427 3739 necessitate
449 3684 478 3738 in
500 3685 677 3740 voluntatem
698 3700 844 3752 conversa,
858 3685 897 3739 sie
917 3685 966 3740 da·

158 3797 237 3836 mum
255 3780 323 3835 ordo
339 3778 510 3834 monasticus
527 3779 692 3850 progenitos
711 3778 839 3834 invaluit.
858 3781 894 3834 Ut
916 3797 967 3835 au-

154 3880 213 3930 tem
234 3890 263 3928 se
285 3871 441 3927 sacerdotis
455 3876 484 3927 et
504 3872 672 3927 confessoris
692 3873 784 3927 lilium
807 3875 966 3944 agnoverit,

1016 3219 1076 3274 reri
1088 3218 1173 3274 Jacob
1187 3222 1216 3275 et
1236 3218 1367 3274 Rachelis
1381 3216 1605 3289 primogenitum
1623 3216 1688 3272 tera
1709 3217 1832 3289 pessima

1016 3313 1172 3368 devoravit.
1187 3312 1301 3368 Etenim
1315 3317 1344 3366 et
1362 3315 1430 3366 tune
1450 3311 1478 3365 iu
1500 3326 1566 3365 meo
1580 3311 1691 3366 itherio
1704 3317 1734 3367 et
1748 3312 1829 3367 Atha·

1016 3408 1095 3462 nasio
1115 3406 1234 3479 aliisque
1256 3406 1331 3461 illius
1350 3406 1488 3477 temporis
1502 3405 1657 3477 episcopis,
1679 3405 1833 3461 sacerdoti·

1016 3500 1069 3555 bus
1082 3504 1111 3557 et
1126 3500 1262 3556 ministris
1277 3501 1307 3555 iu
1319 3500 1424 3555 exsiliis
1436 3505 1515 3555 actus
1524 3515 1598 3569 sum,
1615 3503 1647 3555 et
1658 3498 1834 3555 innoecosin

1017 3596 1111 3651 lacrum
1127 3595 1229 3649 missus
1243 3611 1316 3649 sunu
1332 3593 1387 3650 Sed
1402 3598 1525 3662 mortuo,
1539 3593 1646 3665 inipso
1660 3593 1835 3649 discessione

1018 3689 1106 3761 impio
1120 3704 1187 3760 rege
1200 3688 1364 3743 Constantio
1375 3705 1407 3743 ac
1421 3688 1457 3743 de
1470 3687 1564 3743 medio
1574 3686 1691 3743 sublato
1704 3691 1835 3760 Apostoli

1016 3782 1139 3850 tuliano,
1154 3798 1220 3837 vero
1235 3781 1418 3850 Antichristo,
1432 3781 1481 3853 qui
1493 3782 1581 3836 etiam
1592 3781 1657 3837 siue
1670 3798 1763 3838 mauu
1775 3797 1837 3837 eoa-

1018 3877 1110 3944 tritus,
1134 3893 1166 3931 ac
1189 3876 1295 3948 Spiritu
1319 3875 1374 3932 oris
1396 3877 1445 3932 liei
1471 3875 1640 3930 interiectus
1658 3880 1718 3947 est,
1735 3877 1833 3932 iterum

155 3967 314 4038 curitaque
328 3966 402 4020 lilius
418 3969 669 4037 quantumcunque
689 3973 820 4022 strenuus
833 3984 866 4022 ac
885 3967 966 4023 nohi-
1018 3970 1159 4025 miserunt
1171 3986 1262 4041 reges,
1277 3972 1306 4025 et
1320 3969 1504 4025 absolverunt
1517 3984 1575 4038 ma,
1590 3969 1743 4042 principes
1755 3985 1835 4043 popu·

155 4062 240 4116 iisse
261 4075 346 4130 super
369 4060 495 4130 parentis
513 4059 661 4127 verticem,
675 4060 822 4124 virtutem,
845 4062 967 4131 dignita·
1018 4063 1112 4120 lorum
1136 4068 1164 4119 et
1184 4064 1354 4119 dimiserunt
1372 4080 1430 4119 me.
1452 4063 1513 4128 Quo
1533 4062 1624 4118 etiam
1645 4064 1678 4118 in
1702 4066 1829 4136 tempora

156 4156 259 4208 temet
280 4151 455 4207 nobilitatem
478 4152 613 4207 extollat?
635 4156 689 4207 Aut
710 4154 854 4224 quomodo
879 4172 967 4210 uuum
1020 4174 1070 4230 per
1091 4174 1170 4213 meos
1191 4157 1430 4213 archimandritas
1452 4156 1602 4225 Hilarium,
1629 4160 1832 4230 augustinum,

156 4262 257 4303 omues
271 4252 380 4318 patrem
394 4246 557 4300 invocamus
573 4247 681 4301 [leonii
693 4248 799 4302 Omnes
809 4251 904 4304 autem
916 4265 969 4305 nos
1018 4250 1199 4309 Ambrosium
1211 4268 1243 4307 ac
1256 4256 1375 4307 eeteros
1386 4267 1455 4307 mese
1466 4249 1570 4306 scholae
1581 4249 1751 4308 didascalos
1764 4254 1833 4306 tanta

156 4342 260 4397 fratres
278 4356 385 4406 sumus,
407 4356 504 4394 sumtis
525 4356 578 4395 nos
600 4340 666 4408 duo,
681 4357 735 4413 ego
749 4342 881 4398 videlicet
899 4344 969 4398 ordo
1019 4345 1207 4417 spiritualium
1220 4345 1336 4417 frugum
1348 4344 1524 4400 abundantia
1538 4343 1569 4399 in
1579 4343 1701 4401 horreis
1714 4343 1831 4418 AEgypti,

158 4434 311 4491 conouicus
344 4451 376 4489 ae
408 4434 598 4503 monasticus,
625 4439 762 4506 tanquam
789 4436 845 4491 duo
870 4437 1009 4540 fratresD
1020 4439 1329 4508 inarmariislicelesiae,
1342 4439 1522 4511 degentibus
1535 4445 1739 4511 congregata,
1751 4439 1831 4513 posita

159 4529 263 4585 uteriui
277 4528 336 4583 veri
350 4527 435 4583 laoob
454 4527 516 4595 lilii,
537 4527 572 4583 de
595 4529 697 4599 qrribus
715 4530 789 4584 idem
812 4531 971 4601 patriarcha
1021 4537 1072 4603 est,
1088 4540 1121 4588 ut
1134 4548 1210 4588 utine
1224 4534 1309 4588 etiam
1324 4534 1354 4588 in
1367 4533 1452 4605 hujus
1464 4532 1602 4604 temporis
1613 4533 1729 4590 tamem
1740 4537 1769 4590 et
1781 4533 1831 4588 ine

158 4623 241 4680 iacob
263 4623 299 4678 ad
322 4621 420 4677 decem
445 4622 516 4676 lilios
543 4638 629 4677 suos:
656 4625 707 4679 Vos
732 4625 816 4687 scitis,
831 4625 880 4693 ait,
900 4625 972 4695 quod
1020 4627 1097 4700 piam
1112 4627 1307 4699 repellendam
1320 4626 1450 4682 sufficiat.

159 4719 225 4773 duos
252 4718 322 4786 filios
347 4718 471 4785 renuerit
497 4719 567 4772 mibi
591 4732 661 4771 uaor
689 4733 757 4772 meu
782 4719 911 4787 Epreuus
933 4724 972 4775 est
1057 4723 1174 4790 Verum,
1190 4724 1220 4775 ut
1232 4722 1272 4776 ait
1285 4721 1426 4792 quidam:

157 4826 240 4879 uuus,
254 4817 279 4865 et
293 4811 401 4866 dicistis
416 4826 422 4864 :
436 4813 528 4866 llestiu
540 4810 680 4866 decorauit
693 4825 762 4876 eum,
777 4817 803 4866 et
817 4813 906 4868 audaste
926 4829 970 4869 us·
1231 4816 1309 4872 Nihil
1323 4818 1396 4871 aaut
1406 4821 1487 4886 porte
1502 4814 1622 4870 beatum.

158 4921 209 4976 que
220 4920 273 4960 nou
286 4909 433 4974 comparet.
448 4904 480 4959 Si
493 4905 610 4960 tuleritis
622 4908 703 4960 etiam
717 4907 801 4960 istum
818 4907 970 4976 benjamin,
1479 4909 1607 4980 (houm.)

158 5005 185 5053 et
199 4998 309 5068 aliquid
323 5001 348 5053 ei
360 5001 390 5053 iu
401 5001 447 5054 uia
461 5001 603 5069 coutiperit
616 4999 732 5060 aduersi.
746 4999 882 5056 deducetis
892 5016 973 5056 essuos
1058 5004 1140 5072 Nam,
1157 5007 1187 5057 ut
1203 5003 1312 5058 dictum
1330 5006 1380 5071 ast,
1397 5002 1525 5058 Ecclesiis
1543 5002 1595 5056 Dei
1615 5018 1686 5074 pace
1708 5002 1792 5059 simul
1807 5003 1830 5055 et

159 5109 230 5148 suros
243 5108 303 5147 eum
317 5092 406 5148 dolore
419 5093 457 5148 ad
469 5095 569 5157 inferos
583 5094 668 5161 (ocu,
680 5095 761 5164 narr).
1023 5097 1197 5152 abundantia
1212 5097 1378 5152 diviliarum
1392 5112 1458 5152 com
1471 5095 1564 5168 gloria
1579 5095 1760 5168 dignitatum
1773 5094 1827 5151 red·

195 5186 290 5241 Simus
313 5202 377 5254 nos,
401 5186 528 5257 inquam,
545 5186 602 5241 duo
621 5187 746 5255 ordines,
769 5191 906 5261 uuquam
928 5189 973 5244 isti
1023 5191 1094 5258 dita,
1108 5207 1223 5246 rursum
1239 5191 1381 5246 saecularis
1396 5206 1500 5262 pompa
1514 5192 1544 5245 et
1563 5189 1651 5261 hujus
1673 5190 1777 5247 mundi
1793 5204 1831 5244 ra·

161 5278 215 5333 duo
238 5279 403 5350 patriarchas
421 5280 507 5336 laeob
527 5281 589 5350 filii,
611 5281 712 5336 iratres
735 5283 838 5338 uteriui
858 5300 891 5339 ex
916 5300 973 5339 uua
1024 5285 1096 5341 nitas
1118 5286 1262 5341 devoravit
1278 5301 1324 5339 me
1348 5285 1479 5340 ordinem
1499 5284 1686 5354 canonicum,
1702 5282 1834 5350 uanus

161 5372 251 5428 nobili
264 5373 352 5428 tratre
369 5373 489 5429 Baebelo
510 5373 595 5429 ambo
615 5376 767 5447 progeniti,
783 5376 907 5432 visendas
924 5394 971 5433 re·
1024 5383 1056 5434 ut
1067 5379 1174 5436 dietum
1188 5385 1240 5449 est,
1251 5378 1487 5451 primogenitum,
1503 5378 1612 5449 utjure
1626 5384 1712 5451 patsr
1722 5374 1834 5435 aetatu

160 5465 252 5522 nitatis
270 5470 299 5522 et
312 5466 456 5522 sectandas
474 5467 589 5539 pietatis
606 5468 691 5525 ambo
712 5470 840 5527 studiosi.
856 5470 973 5543 Simque
1023 5489 1110 5546 super
1125 5489 1170 5529 me
1182 5473 1365 5529 lamentando
1387 5472 1483 5529 dicere
1502 5470 1614 5544 possit:
1637 5474 1710 5531 Fero
1728 5472 1835 5546 pssum

162 5575 215 5632 ego
228 5559 382 5615 eanonicus
395 5559 478 5624 ordo,
494 5562 594 5632 etjam
608 5561 715 5618 dietum
729 5569 781 5631 est,
797 5565 891 5637 major
903 5570 973 5622 astu
1024 5568 1164 5624 decorauit
1188 5569 1276 5638 tilium
1297 5582 1386 5624 uacum
1409 5567 1508 5638 loseph
1526 5564 1620 5639 (deu,
1632 5566 1753 5640 xum).
1772 5566 1835 5625 Cu!

143 5653 252 5725 loseph
274 5652 465 5712 sacerdotalis
488 5653 648 5730 dignitatis,
670 5661 701 5715 et
717 5656 907 5717 Ecclesiastiei
927 5675 974 5718 rs·
1024 5660 1142 5718 interim
1164 5661 1364 5733 rstrtgescente
1386 5660 1523 5718 charitate
1546 5664 1577 5717 at
1599 5659 1770 5719 abundante
1784 5656 1833 5715 iui-

16 5774 21 5779 ·
123 5746 252 5823 fflhrt'ur's
268 5748 401 5811 [tommo
420 5767 617 5829 aecmsoeus3
640 5754 678 5815 sit
703 5773 773 5816 raro
792 5756 892 5837 iunior
914 5756 987 5817 ordo
1039 5753 1836 5834 umtatsetiamitsriiauimdbasuonhomuthnpu
