3750 6046
30 284 33 289 .
149 224 198 285 avt
617 200 625 215 ¹
827 222 989 282 causarer
1008 222 1138 282 vimus
1722 251 1728 261 ·
1776 224 1827 279 svs

146 352 333 425 agitarentur.
348 352 475 408 Graviter
487 353 541 409 hoc
560 352 645 409 sentit
666 354 694 407 et
714 352 786 409 mihi
810 353 962 408 attestatur
971 349 1064 436 Ab¹¹⁸
1084 365 1158 422 pene
1178 349 1299 422 paganis
1313 348 1519 420 assimilantur,
1532 351 1562 405 et
1579 348 1751 406 enormitate
1763 365 1826 406 soe·

147 445 319 519 depopulata
327 446 416 517 regio,
426 448 456 502 et
467 462 586 518 gemens
594 445 961 518 viduarumdebiliumque,
1012 444 1113 511 lerum,
1132 443 1156 498 si
1170 442 1225 498 dici
1242 443 1284 498 tas
1308 447 1360 512 est,
1382 443 1580 515 adaquantur.
1595 442 1728 498 Clamant
1745 443 1779 499 ad
1798 445 1826 498 te

146 537 273 612 pluribus
288 555 424 610 oppressa
444 540 537 608 malis,
551 541 661 596 concio.
678 539 724 596 Sic
745 554 798 610 per
818 537 959 594 desidiam
1011 536 1146 592 monachi
1161 538 1190 591 et
1202 535 1306 604 vidua,
1319 537 1348 591 et
1360 536 1478 591 dormis.
1492 535 1622 592 inaudita
1633 535 1763 592 tacinora
1775 537 1830 593 lra-

145 632 243 704 ignavi
258 632 337 698 ducis
348 633 378 688 in
391 633 470 689 brevi
485 633 622 705 disperiit,
638 638 667 688 et
680 632 710 687 in
724 647 861 704 magnam
879 647 961 703 eges·
1013 633 1134 702 quanter
1151 629 1233 685 audis
1249 633 1279 686 et
1295 626 1488 700 parvipendis.
1502 629 1565 685 Non
1578 628 1617 684 sic
1639 627 1700 702 egit
1717 633 1828 686 sanctus

145 730 236 782 tatem
257 741 290 781 ac
312 726 553 798 perturbationem
567 724 746 798 dedecusque
760 724 862 780 cecidit
876 724 961 797 quid·
1013 723 1112 791 bavid,
1128 738 1180 778 nec
1194 738 1317 794 magnus
1336 722 1505 779 Alexander.
1524 723 1586 778 lion
1606 721 1647 779 sic
1659 722 1752 779 lulius
1766 725 1826 781 Ca·

150 817 219 890 quid
243 835 295 890 per
315 818 490 874 vivacitatem
512 817 695 890 studiumque
716 818 829 873 solertis
850 817 913 873 heri
935 821 964 873 et
1012 831 1068 884 sar,
1084 831 1136 872 nec
1155 815 1275 872 Severus
1295 815 1365 872 aler.
1385 816 1448 871 Non
1469 815 1509 871 sic
1531 814 1656 872 Annibal
1677 815 1827 889 Cartbagi-

150 911 297 968 lautorum
311 912 372 982 ejus
385 914 478 967 actum
489 914 542 981 est,
553 912 696 984 longoque
709 915 840 983 tempore
851 912 880 966 in
891 911 964 966 Neu·
1013 908 1117 977 nensis,
1132 924 1185 964 nec
1197 908 1292 981 Scipio
1305 907 1463 976 Africanus,
1479 924 1533 964 noc
1551 908 1641 980 Cyrus
1660 909 1757 976 Persa,
1777 923 1828 965 uec

149 1004 219 1060 stria
235 1007 425 1076 propagatum
440 1008 493 1059 est.
1011 1002 1114 1058 Marius
1129 1003 1282 1058 Romanus.
1303 1001 1380 1067 Quid
1402 1017 1499 1057 moror
1516 1001 1548 1058 in
1565 1001 1706 1058 relatione
1727 1000 1827 1059 barba·

182 1099 214 1152 lu
237 1101 345 1167 aestate,
367 1103 519 1170 postquam
539 1101 633 1154 certus
649 1113 749 1153 rumor
768 1098 804 1154 de
825 1097 963 1155 Bullensis
1012 1111 1120 1165 rorum,
1134 1095 1253 1151 obscura
1266 1110 1388 1170 quorum
1401 1095 1488 1150 etiam
1502 1094 1687 1152 nominau'bi
1701 1098 1770 1151 sunt
1783 1095 1829 1150 in·

147 1189 267 1263 [oppidi]
286 1189 429 1246 deditione
443 1190 515 1246 citra
536 1206 616 1247 mare
640 1192 799 1264 personuit,
824 1193 962 1248 llenricus
1012 1188 1147 1261 cognita?
1166 1187 1344 1260 Replicemus
1366 1188 1494 1258 notiora,
1519 1191 1548 1244 et
1571 1188 1709 1262 sanguim
1732 1192 1829 1246 nostro

145 1283 227 1350 Clito,
243 1283 494 1340 constantiniensis
507 1300 614 1354 comes,
630 1283 661 1340 in
675 1284 809 1356 angliam
824 1285 961 1341 transire·
1012 1282 1227 1355 propinquiora.
1243 1281 1434 1338 lieminiscere
1455 1287 1571 1355 patrvun
1591 1287 1620 1340 et
1640 1297 1829 1356 proavorum,

144 1375 224 1442 tavit,
243 1379 272 1431 et
287 1392 304 1431 a
318 1376 406 1433 tratre
420 1392 472 1432 suo
487 1380 596 1432 terram
609 1376 707 1432 matris
727 1392 786 1433 sue
801 1376 960 1450 requisivit.
1011 1390 1134 1448 quorum
1148 1373 1413 1447 magnanimitatem
1422 1380 1451 1431 et
1462 1375 1597 1433 virtutem
1609 1375 1761 1448 pertimuit
1772 1375 1833 1432 bel·

117 1532 120 1537 ,
146 1469 206 1524 Rex
232 1472 329 1525 autem
351 1469 517 1525 Guillelmus
540 1468 702 1542 benigniter
722 1485 799 1538 eum,
822 1473 853 1525 ut
868 1470 962 1527 decuit
1011 1469 1096 1525 licosa
1115 1483 1184 1541 gens
1207 1468 1389 1524 Francorum.
1409 1467 1558 1525 bobonem
1575 1468 1649 1539 dico,
1670 1469 1829 1525 etGuillel-

144 1561 272 1631 tratrem,
289 1562 420 1633 suscepit,
434 1566 462 1617 et
476 1563 552 1634 quod
565 1567 677 1634 poterat
692 1563 747 1634 lla)
760 1563 964 1619 fraternecon·
1011 1578 1091 1618 mum
1116 1561 1385 1634 Longam-Spatam,
1408 1565 1494 1634 atque
1520 1565 1578 1617 tres
1603 1561 1773 1631 bichardus,
1800 1567 1829 1618 et

145 1654 237 1710 cessit.
252 1654 363 1710 Deinde
377 1653 498 1724 peractis
514 1671 567 1728 pro
590 1654 693 1727 quibus
705 1655 787 1725 ierat,
801 1656 830 1710 in
846 1661 960 1711 autum·
1013 1655 1188 1712 liudbertum
1207 1670 1292 1711 avum
1309 1657 1403 1724 tuum,
1419 1659 1563 1726 postremo
1578 1654 1764 1711 Guillelmum
1778 1671 1827 1728 pa·

145 1762 182 1801 no
197 1747 259 1819 regi
278 1746 418 1817 valefecit,
432 1752 461 1803 et
474 1763 539 1803 cum
552 1748 695 1804 liudberto
711 1749 895 1819 belesmensi,
912 1749 961 1821 qui
972 1723 1001 1795 B
1013 1753 1085 1805 trem
1113 1750 1210 1816 tuum,
1236 1748 1345 1803 cunctis
1370 1747 1596 1803 antecessoribus
1618 1747 1827 1805 sublimiorem.

140 1840 202 1910 jam
215 1856 267 1911 per
282 1839 386 1895 amicos
400 1842 534 1911 potentes
548 1857 615 1896 cum
631 1857 699 1914 rege
714 1841 875 1913 pacificatus
889 1847 961 1913 erat,
1011 1844 1128 1910 llorum,
1143 1856 1251 1914 quaeso,
1266 1841 1394 1914 rigorem
1408 1841 1546 1896 aemulare
1559 1845 1589 1896 et
1603 1839 1776 1909 efficaciam,
1790 1840 1828 1897 si·

146 1932 177 1987 iu
191 1932 394 1988 Normanniam
411 1949 540 1989 remeare
554 1933 703 2005 disposuit.
719 1936 831 1991 interea
845 1936 962 2007 quidam
1011 1940 1059 1992 cut
1075 1935 1116 1989 illi
1135 1935 1378 2007 predecessorum
1399 1948 1519 1990 suorum
1539 1934 1639 1989 sectati
1661 1937 1729 1989 suut
1750 1934 1828 2006 rigo·

144 2026 276 2081 malevoli
298 2025 445 2082 discordiae
470 2030 576 2082 setores
600 2044 648 2082 eos
673 2028 909 2100 anticipaverunt,
933 2034 963 2086 et
1011 2044 1073 2084 rem
1087 2031 1117 2083 et
1130 2027 1311 2096 industriam,
1325 2028 1373 2100 qui
1387 2043 1480 2100 regna
1494 2026 1594 2083 mundi
1605 2041 1658 2099 per
1669 2026 1828 2084 immensos

147 2118 216 2173 laisa
237 2118 312 2174 veris
333 2118 537 2188 immiscentes,
556 2119 701 2176 liudberto
723 2121 788 2177 duci
809 2122 960 2178 denuntia·
1010 2120 1122 2177 labores
1145 2121 1348 2189 obtinuerunt,
1370 2124 1508 2192 tyrannos
1528 2124 1777 2192 compresserunt,
1800 2125 1830 2177 et

145 2215 251 2268 verunt
275 2213 351 2284 quod
376 2213 514 2270 ilenricus
534 2213 623 2270 frater
644 2230 721 2285 suus,
752 2219 781 2270 et
802 2216 962 2273 bedbertus
1010 2230 1100 2270 saevas
1119 2222 1220 2286 gentes
1238 2214 1439 2270 edomuerunt.
1461 2213 1675 2286 Expergiscere,
1695 2211 1726 2269 e't
1743 2213 1828 2270 invic

148 2305 335 2361 belesmensis
348 2322 413 2362 cum
432 2322 500 2379 rege
516 2308 591 2364 liufo
604 2313 698 2364 esseut
712 2309 862 2380 pacificati,
875 2326 907 2366 ac
924 2310 961 2367 ad
1010 2310 1072 2364 tum
1091 2323 1219 2380 aggrega
1233 2308 1390 2364 exercitum
1407 2305 1603 2376 Normannise,
1625 2313 1655 2362 et
1674 2307 1706 2363 in
1723 2307 1828 2364 urbem

148 2398 228 2455 ducis
241 2398 379 2455 damnum
392 2401 566 2457 sacramenti
577 2401 663 2457 etiam
674 2401 849 2475 obligatione
858 2404 962 2460 conloe·
1009 2401 1250 2458 Cenomannicam
1265 2399 1452 2473 proficiscere.
1469 2398 1510 2455 lbi
1525 2403 1595 2456 sunt
1612 2398 1773 2472 municipes
1787 2400 1828 2457 tui

145 2493 249 2549 derati.
266 2494 328 2549 bux
340 2493 438 2565 igitur,
451 2494 514 2550 illos
527 2498 659 2566 potentes
671 2512 704 2551 ac
720 2496 891 2553 fortissimos
904 2497 959 2553 mi·
1009 2494 1039 2550 in
1061 2511 1137 2565 arce,
1156 2510 1242 2566 quam
1260 2498 1343 2566 pater
1360 2499 1425 2549 tuus
1445 2492 1583 2561 condidit,
1599 2496 1629 2550 at
1642 2495 1704 2550 tota
1719 2494 1828 2564 civitas,

144 2585 209 2641 lites
225 2585 325 2653 sciens,
340 2602 498 2659 eorrrmque
512 2593 631 2643 conatus
643 2588 726 2644 valde
742 2589 958 2661 pertimescens,
1009 2604 1075 2644 cum
1087 2587 1241 2643 venerabili
1256 2587 1354 2642 lioello
1369 2586 1513 2658 episcopo,
1528 2586 1581 2642 tibi
1599 2590 1752 2658 gratanter
1764 2585 1827 2644 obe·

146 2693 212 2734 cum
227 2678 374 2749 bajocensi
390 2681 521 2751 episcopo
535 2681 684 2736 consilium
697 2681 771 2749 iniit,
788 2687 817 2737 et
830 2683 961 2754 praelatos
1010 2681 1062 2739 dit.
1077 2682 1148 2738 iube
1167 2686 1198 2736 ut
1212 2680 1277 2737 illac
1297 2695 1395 2736 omnes
1413 2679 1675 2736 cenomanensium
1696 2696 1828 2752 proceres

144 2771 295 2842 optimates
318 2772 533 2845 preoccupavit.
558 2775 640 2842 Nam,
668 2778 825 2847 antequam
849 2775 960 2848 aliquid
1010 2775 1127 2831 veniant
1140 2774 1175 2830 ad
1190 2780 1229 2842 te,
1247 2777 1277 2829 et
1291 2771 1550 2829 obsecundantibus
1562 2773 1635 2828 lastis
1647 2771 1785 2829 affatibus
1797 2778 1827 2830 et

145 2863 326 2935 molirentur,
342 2881 408 2921 cum
423 2866 514 2921 securi
530 2867 567 2922 ad
581 2867 661 2923 littus
684 2867 769 2922 maris
783 2869 820 2923 de
840 2868 960 2924 navibus
1008 2867 1146 2925 benevola
1165 2872 1263 2924 mento
1280 2866 1488 2939 congratulare.
1508 2866 1737 2922 contemnentes
1759 2881 1826 2922 vero

144 2958 360 3029 egrederentur,
388 2959 481 3015 valida
505 2959 630 3017 militum
654 2976 740 3017 manu
765 2961 870 3030 missa,
897 2962 959 3018 illos
1009 2977 1075 3017 cum
1089 2961 1193 3018 virtute
1212 2959 1328 3018 militari
1343 2959 1514 3032 aggredere,
1533 2961 1563 3015 et
1580 2959 1759 3016 munitiones
1776 2976 1826 3016 eo·

144 3052 375 3123 comprehendit,
397 3052 516 3109 vinculis
534 3054 695 3125 coarctavit,
716 3060 746 3111 et
767 3071 856 3111 unum
877 3057 958 3127 bojo-
968 3081 996 3156 C
1008 3071 1083 3125 rum,
1099 3054 1154 3110 nisi
1166 3054 1221 3110 cito
1236 3052 1397 3109 dediderint
1411 3069 1450 3123 se,
1465 3051 1595 3124 protinus
1608 3051 1719 3108 obside.
1736 3053 1826 3110 Ceno

144 3144 195 3212 eis,
218 3145 364 3218 aliumque
386 3146 515 3215 Noilleio,
540 3146 593 3203 sub
618 3163 704 3203 mauu
730 3148 892 3220 bajocensis
912 3154 957 3220 ty·
1009 3147 1193 3203 manensibus
1206 3147 1378 3220 subjugatis,
1394 3145 1553 3218 bogerium
1569 3146 1709 3202 comitem
1722 3161 1826 3219 aggre-

144 3238 239 3306 raani,
256 3239 392 3295 custodie
406 3240 587 3311 mancipavit.
602 3240 752 3312 bogerius,
768 3257 863 3298 comes
874 3244 957 3300 Sero·
1008 3241 1087 3309 dere,
1102 3246 1131 3298 et
1152 3243 1245 3313 ipsum
1261 3256 1327 3295 cum
1346 3239 1486 3312 progenie
1506 3254 1558 3294 sua
1575 3238 1612 3294 de
1631 3238 1738 3295 fluibus
1755 3240 1826 3296 Nor·

144 3330 294 3401 besburiae,
310 3335 343 3388 ut
361 3333 537 3389 liudbertum
555 3333 646 3389 lilium
665 3349 748 3389 suurn
771 3341 885 3407 ceptum
907 3352 958 3391 au·
1009 3334 1132 3390 mannia
1146 3334 1274 3390 funditus
1288 3332 1417 3391 exclude.
1431 3331 1661 3403 Netimeas,sed
1676 3331 1826 3389 invirtute

143 3424 224 3493 divit,
238 3430 355 3498 accepte
368 3443 385 3480 a
397 3442 465 3498 rege
480 3425 607 3495 licentia,
622 3427 783 3483 lestinusin
797 3428 958 3484 Naustriam
1009 3427 1058 3485 bei
1078 3427 1214 3484 confidas.
1238 3426 1322 3482 virile
1343 3425 1431 3483 robur
1452 3425 1562 3498 arripe,
1585 3431 1614 3482 et
1635 3425 1762 3482 consiliis
1782 3442 1825 3482 sa·

143 3518 232 3586 venit,
248 3520 277 3573 et
300 3518 398 3575 omnia
417 3520 532 3576 castella
552 3535 604 3575 sua
623 3519 738 3577 militari
759 3537 846 3577 manu
859 3527 959 3579 contra
1007 3520 1147 3594 pientiam
1160 3523 1252 3576 utere.
1267 3521 1329 3575 iam
1342 3519 1528 3589 liodbertum,
1544 3518 1660 3591 liogerii
1678 3518 1823 3592 primoge-

142 3610 243 3668 ducem
265 3613 397 3669 munivit.
418 3614 505 3669 Porro
524 3613 681 3686 bajocensis
701 3615 774 3682 Odo,
788 3616 863 3671 velut
880 3615 957 3688 igni·
1007 3615 1109 3685 nilum,
1124 3614 1244 3670 tanesia
1255 3627 1380 3669 carcere.
1393 3615 1466 3680 lam,
1481 3611 1713 3686 sipertinaciter,
1728 3612 1825 3669 utbo-

142 3720 241 3762 vomus
253 3708 338 3762 draco
353 3707 496 3780 projectus
508 3707 537 3763 in
552 3711 670 3775 terram,
686 3709 772 3765 nimis
784 3708 876 3766 iratus
890 3725 956 3766 con·
1007 3725 1078 3765 num
1099 3708 1201 3764 ducem
1222 3707 1315 3775 decet,
1336 3705 1494 3778 perstiteris
1513 3705 1543 3762 in
1565 3720 1667 3779 agona
1686 3706 1826 3763 l'alratios

140 3804 187 3854 tra
207 3799 284 3871 regis
305 3800 496 3869 insolentiam,
513 3800 600 3856 variis
622 3801 811 3859 seditionibus
830 3819 957 3858 commo·
1007 3802 1189 3858 subversores
1209 3800 1246 3856 de
1266 3800 1372 3856 ducatu
1391 3806 1441 3857 tao
1462 3799 1570 3871 poteris
1595 3798 1710 3873 penitus
1730 3800 1825 3873 expel-

140 3894 227 3949 vebat
239 3893 455 3962 Normauniem,
478 3899 509 3949 ut
528 3894 568 3948 sic
589 3895 625 3950 de
646 3894 841 3967 aliquomodo
861 3897 958 3969 nepoti
1006 3896 1074 3951 lere.
1098 3893 1235 3952 llalcdica
1256 3898 1299 3949 cst
1322 3893 1456 3965 prosapia
1477 3907 1588 3962 eorum,
1610 3892 1661 3948 alit
1682 3891 1775 3963 netas,
1797 3895 1826 3949 et

141 4002 235 4054 suo,a
255 4003 312 4059 quo
330 3987 451 4058 turpiter
472 3989 603 4059 expulsus
624 3988 726 4057 luerat,
742 3989 957 4046 machinaretur
1007 3988 1185 4044 machinatur
1204 3985 1286 4059 quasi
1296 3986 1345 4058 jus
1362 3985 1585 4043 bereditarium.
1606 3986 1666 4041 lloc
1683 3983 1824 4042 nimirum

143 4079 292 4151 injuriam.
310 4081 406 4151 Ipsum
425 4095 529 4151 nempe
546 4080 602 4136 dux
621 4080 742 4136 multum
759 4081 914 4152 metuebat,
929 4087 957 4139 et
1006 4081 1152 4137 horrenda
1170 4096 1248 4137 mors
1270 4096 1370 4136 aarum
1394 4081 1558 4147 attestatur,
1580 4094 1706 4151 quorum
1730 4078 1825 4136 nullus

141 4173 444 4247 quibusdamcousiliis
459 4173 519 4244 ejus
527 4173 730 4246 acquiescebat,
746 4174 876 4246 quaedam
891 4192 957 4232 vero
1005 4175 1153 4232 communi
1165 4179 1194 4232 et
1209 4174 1312 4230 usitato
1330 4173 1399 4244 line,
1420 4178 1451 4229 ut
1466 4171 1563 4228 caeteri
1584 4170 1729 4241 homines,
1744 4172 1824 4229 dele·

141 4267 391 4340 floccipendebat.
1005 4269 1076 4324 cisse
1103 4268 1256 4324 invenitur.
1281 4265 1461 4323 talavatiana
1488 4281 1634 4338 propago,
1662 4264 1718 4320 nisi
1747 4281 1824 4321 nunc

176 4361 309 4433 Undique
329 4359 490 4416 furentibus
512 4359 540 4415 in
565 4361 739 4417 Normaunia
762 4361 910 4434 seditiosis,
927 4369 956 4418 et
1006 4378 1071 4418 eam
1085 4361 1282 4430 eradicaveris,
1295 4360 1399 4431 adhuc,
1414 4364 1446 4416 ut
1464 4358 1579 4432 opinor,
1594 4358 1682 4415 noxia
1697 4358 1753 4415 tibi
1771 4358 1825 4415 erit

140 4456 231 4513 multa
255 4455 329 4510 mela
352 4453 532 4526 cupientibus
554 4454 670 4522 addere,
692 4454 830 4527 passimus
852 4450 1036 4528 praesulDet
1057 4453 1297 4528 inexpugnabilis.
1320 4453 1433 4510 liabent
1452 4453 1572 4526 quidem
1589 4451 1751 4508 fortissima
1764 4467 1823 4508 cas-

139 4549 200 4606 Odo
215 4549 251 4605 ad
267 4549 369 4605 ducem
381 4548 593 4620 Rothomagum
616 4547 704 4618 vonit,
724 4554 753 4605 et
770 4548 957 4606 consideratis
1007 4549 1085 4619 tella,
1107 4548 1286 4618 bellismum,
1307 4546 1527 4616 lubercionem,
1547 4545 1682 4615 axeium,
1701 4546 1825 4602 blentio·

139 4644 224 4701 totius
239 4643 394 4715 provinciae
408 4642 540 4715 negotiis,
557 4642 622 4698 duci
640 4641 679 4698 oit
695 4659 701 4697 :
717 4663 731 4693 u
748 4641 881 4715 Quisquis
901 4659 956 4715 gu·
1006 4659 1085 4712 nem,
1099 4642 1296 4710 barrirontem,
1310 4640 1448 4697 Sanctum
1465 4640 1645 4708 Canericum,
1665 4640 1779 4712 bupem
1791 4639 1825 4697 de

138 4737 328 4794 bernaculum
341 4737 423 4809 regui
434 4735 520 4792 debet
533 4739 642 4804 tenere,
655 4737 820 4809 populoque
833 4737 894 4805 bei,
906 4738 957 4810 qui
1005 4736 1119 4808 lalgeio,
1143 4752 1194 4808 pro
1209 4751 1266 4808 qua
1286 4734 1322 4790 ab
1344 4734 1443 4790 audaci
1465 4735 1585 4806 llugone
1600 4732 1762 4805 digladiata
1783 4738 1826 4790 est

139 4831 258 4888 diversis
272 4831 301 4887 in
321 4830 452 4887 moribus
465 4829 584 4887 diliusus
599 4832 652 4899 est,
668 4829 864 4901 praeeminere,
881 4830 957 4887 mitis
1005 4829 1125 4899 ldabilia,
1139 4829 1311 4897 Mamercias,
1327 4832 1356 4884 et
1368 4827 1528 4898 vinacium,
1541 4826 1636 4883 atalia
1649 4827 1745 4900 plura,
1759 4843 1824 4900 que

140 4930 169 4982 ot
184 4942 270 4997 asper
289 4929 374 4997 prout
391 4923 463 4980 ratio
486 4923 603 4995 expetit,
617 4923 672 4979 sitl
695 4923 799 4994 ubique
822 4925 861 4978 sit
880 4924 956 4981 mitis
1006 4923 1172 4980 Guillelmus
1191 4921 1387 4981 bellesmensis
1406 4928 1435 4978 et
1455 4921 1623 4990 bedbertus,
1638 4921 1686 4978 lvo
1706 4922 1824 4978 etGua·

139 5023 172 5074 ut
193 5034 286 5089 agnus
307 5018 389 5074 bouis
411 5021 440 5073 et
460 5016 595 5088 subjectis
622 5032 655 5072 ac
677 5016 847 5086 humilibus;
871 5034 956 5090 asper
1005 5019 1094 5085 rinus,
1108 5017 1212 5090 aliique
1232 5032 1408 5073 successores
1425 5031 1527 5073 eorum
1545 5014 1671 5088 superbe
1691 5021 1823 5071 constru-

141 5113 239 5167 autem
254 5117 286 5168 ut
299 5112 344 5167 leo
360 5110 453 5183 pravis
467 5116 496 5167 et
510 5109 667 5166 rebellibus
680 5126 713 5166 ac
725 5110 953 5167 contumacibus!
1006 5115 1116 5182 xerunt,
1134 5115 1183 5167 eut
1195 5111 1232 5178 vi,
1247 5125 1298 5166 seu
1316 5110 1428 5180 lraude,
1443 5108 1569 5166 dominis
1588 5108 1648 5164 suis
1669 5108 1717 5166 vel
1734 5108 1824 5166 daiti·

141 5205 208 5272 lloc,
222 5204 341 5261 domine
354 5205 422 5274 dux,
437 5205 577 5277 sagaciter
590 5204 746 5277 perpende,
760 5210 793 5260 ut
816 5205 890 5261 bene
903 5220 956 5261 no·
1005 5205 1059 5262 mis
1077 5204 1286 5277 subripuerunt.
1304 5203 1383 5260 bolis
1404 5209 1434 5260 et
1454 5202 1578 5260 scelestis
1600 5202 1822 5260 machinationi·

139 5297 188 5354 bili
201 5296 300 5371 praeis
311 5297 428 5354 ducatui
442 5297 633 5368 Narmannice,
649 5313 736 5370 quem
756 5296 890 5354 divinitus
906 5314 955 5352 su·
1004 5300 1058 5356 bus
1083 5314 1196 5371 semper
1222 5297 1415 5364 inhiaverant,
1439 5312 1490 5354 nec
1514 5295 1568 5352 ulli
1593 5295 1755 5355 amicorum
1778 5296 1824 5354 vel

139 5391 251 5464 scapisti
266 5408 300 5448 ex
320 5394 437 5463 paterna
457 5391 646 5449 successione.
666 5391 832 5450 consumare
846 5396 876 5448 et
892 5391 957 5448 viri·
1005 5392 1136 5450 cilinium
1156 5391 1242 5449 tidem
1261 5393 1454 5448 servaverunt.
1469 5388 1653 5463 Simplictbus
1664 5390 1766 5465 itaque
1779 5391 1822 5446 vi·

139 5484 206 5543 liter
218 5501 283 5559 age.
307 5487 378 5542 Ecce
399 5483 525 5558 protervi
542 5488 573 5541 et
584 5484 698 5559 exleges
718 5501 770 5560 per
787 5489 878 5543 totam
897 5490 954 5542 ter-
1006 5485 1078 5543 cinis
1087 5501 1158 5543 nece
1171 5502 1221 5543 seu
1237 5484 1367 5558 captione
1382 5482 1582 5559 supplantatis,
1590 5482 1752 5542 admodum
1760 5499 1822 5541 cre·

139 5595 202 5637 ram
214 5579 436 5648 debacchantur,
450 5582 481 5636 et
493 5577 623 5652 pessimis
639 5579 820 5654 assiduisque
832 5578 954 5638 actioni·
1005 5584 1116 5653 verunt,
1132 5585 1161 5639 et
1178 5579 1310 5653 ingentes
1327 5579 1427 5637 domos
1444 5593 1478 5634 ac
1496 5576 1668 5637 fortissimas
1684 5577 1822 5637 munitio·

18 5774 38 5821 .‘'
156 5775 506 5845 (recompensasse
519 5775 643 5832 Prtvost.
