3750 6046
106 209 161 266 dil
547 204 703 269 tttstuttta
722 204 987 271 uccttsttsnct.
1001 238 1036 252 -
1051 201 1139 267 PARS
1159 208 1206 266 iil.
1221 240 1256 253 -
1270 204 1334 268 titt.
1354 204 1412 267 hil.
1736 212 1788 269 898

103 334 262 391 indictione
275 350 294 401 1,
310 334 445 392 iladultus
459 336 699 410 archiepiscopus,
716 355 763 395 xm
783 339 924 395 Kalendas
934 336 1108 428 Atratribns
1123 336 1231 393 imbellis
1242 340 1299 392 eice
1318 337 1484 400 ministravi,
1500 339 1600 408 quique
1622 338 1710 407 magis
1721 338 1790 393 mihi

104 428 284 499 Novembris,
306 429 466 486 Centaurica
488 430 565 486 obiit.
592 432 643 488 Cui
665 432 834 488 Gaillelmus
852 432 922 487 Cirr·
974 433 1050 487 oneri
1077 447 1160 501 quam
1186 431 1288 493 horrori,
1316 435 1407 485 nestra
1427 445 1477 501 ope
1502 430 1640 501 suffultus,
1658 430 1719 500 jem
1738 447 1789 503 per

104 521 256 593 bullensis,
277 524 430 579 canonicus
447 525 597 596 regularis,
620 530 684 597 post
704 527 812 598 aliquot
832 543 925 583 annos
974 525 1055 593 lonpa
1081 530 1200 595 tempero
1223 524 1338 579 aduerso
1361 528 1387 579 et
1409 539 1539 594 prospera
1560 526 1684 593 intentui,
1709 526 1787 581 mado

104 617 250 672 successit.
280 618 349 673 Ecce
376 618 510 690 antiquus
543 635 614 687 mes,
644 636 697 691 pro
727 619 832 676 invidia
866 637 924 692 qua
972 620 1047 674 senia
1072 614 1171 687 tessus,
1199 632 1307 688 corpore
1333 618 1502 681 debilitatus,
1527 623 1647 674 metuens
1672 619 1786 675 emlesiae

103 710 201 766 clerici
214 717 314 766 contra
328 712 480 767 martachas
493 713 663 782 urebantur,
679 714 922 786 depravatusiult.
972 713 1060 781 mauis
1079 713 1164 768 obesse
1181 727 1263 782 quam
1282 711 1418 783 prodesse,
1437 712 1504 767 dum
1524 718 1550 767 et
1569 727 1654 768 mares
1674 713 1788 769 lamani

102 805 283 877 Augustinus
302 807 379 861 euim
395 807 560 877 monachus,
578 808 626 879 qui
645 808 756 879 primus
775 808 806 863 in
822 809 923 881 Augila
972 822 1030 862 tum
1065 811 1214 877 temporum
1250 806 1436 862 auissttadme
1470 808 1636 872 vomantur,
1674 808 1787 863 consilio

103 898 251 954 Christum
281 899 454 971 praedicarit,
483 917 515 956 ac
546 901 730 957 Edelbertum
763 918 862 974 regem
894 908 923 957 et
971 901 1085 955 Petrum
1112 900 1307 971 spiritualium,
1335 899 1532 971 archiepiscopi
1553 902 1785 971 Retiomuqensis,

103 991 268 1061 Subactum,
293 1000 426 1066 nepotem
448 994 520 1065 cjus,
543 1011 609 1050 cum
631 996 743 1068 pupulis
764 996 871 1053 Cautioe
894 998 923 1052 et
971 995 1086 1064 episcopi
1108 994 1288 1057 beneolentis,
1308 993 1489 1065 plurimorum
1509 995 1621 1064 insuper
1644 994 1783 1064 abbatum,

103 1085 262 1142 Luudoniae
285 1085 321 1141 ad
345 1086 432 1143 iidem
448 1087 552 1145 Christi
575 1089 728 1157 cottvertit,
749 1090 831 1162 jussu
853 1090 919 1146 Gre-
972 1092 997 1143 st
1012 1087 1180 1142 diuersarum
1202 1087 1374 1143 ecclesiastici
1394 1088 1499 1143 ordinis
1521 1090 1650 1151 virorum,
1664 1094 1784 1144 vestram

103 1178 180 1251 gorii
192 1196 276 1253 papae
288 1181 396 1253 primas
411 1181 648 1253 metropolitanus
665 1183 752 1239 totius
765 1184 921 1239 Britannias
970 1180 1085 1251 supplic
1108 1181 1218 1251 deposco
1244 1181 1411 1236 clementiam
1440 1187 1587 1251 quatenus,
1618 1184 1671 1237 mei
1700 1184 1781 1239 mise

103 1274 213 1328 tloruit.
226 1274 333 1329 Omnes
354 1274 456 1330 exinde
480 1292 569 1347 usque
592 1276 629 1331 ad
649 1276 815 1347 hadulfum,
831 1277 920 1332 [lara-
970 1274 1054 1329 rende
1078 1289 1157 1343 quem
1182 1275 1319 1336 hactenus,
1346 1275 1618 1345 quantulumcunque
1642 1276 1713 1339 licet,
1736 1291 1784 1333 eos

102 1366 212 1423 benaia
244 1368 508 1440 archiepiscopum,
542 1374 646 1441 prater
677 1371 865 1443 Frigeardam
893 1377 922 1428 et
970 1367 1096 1422 ditandae
1118 1367 1276 1437 probastis,
1302 1382 1344 1422 me
1373 1367 1469 1423 amodo
1495 1369 1618 1423 inmitem
1644 1375 1669 1424 et
1695 1371 1785 1426 minus

102 1460 197 1516 Odam
212 1466 297 1533 atque
312 1462 621 1534 Stigandum,lucruut
635 1464 779 1520 monachi.
793 1465 921 1537 Frigear·
969 1460 1095 1515 idoneum
1116 1477 1132 1513 n
1158 1464 1233 1516 tanto
1258 1476 1336 1515 onem
1363 1461 1478 1516 liberum
1499 1461 1632 1526 reddatis,
1655 1468 1681 1517 et
1699 1462 1784 1532 justu

103 1552 159 1608 dus
179 1553 297 1626 quippe,
313 1556 474 1626 capellanus
496 1556 625 1612 Latberae
650 1558 734 1629 regis,
750 1559 784 1613 ad
811 1575 918 1631 praesu-
969 1555 1044 1609 vobis
1063 1570 1080 1607 a
1102 1555 1482 1624 ileodonutamsupientium
1502 1571 1651 1625 mnqruum
1674 1561 1701 1612 et
1722 1557 1782 1613 ide·

100 1647 195 1702 latum
208 1647 262 1702 hut
275 1649 390 1716 electus,
407 1651 573 1705 athomum
588 1650 666 1705 utab
683 1652 832 1723 Agathone
848 1668 920 1724 papa
969 1662 1049 1702 neum
1075 1652 1210 1717 pastorem
1234 1647 1328 1702 domui
1350 1649 1399 1703 Dei
1420 1648 1597 1718 provideatis.
1617 1650 1728 1715 Verum,
1750 1666 1784 1707 ne

101 1747 320 1796 consecraretur
353 1742 528 1810 destinatus;
560 1743 673 1814 deinde,
702 1744 774 1799 datis
804 1762 821 1800 a
845 1738 1102 1817 papaBpraeteatu
1127 1741 1224 1796 talium
1249 1742 1345 1796 uidear
1365 1744 1446 1812 quasi
1465 1742 1657 1799 indomitorum
1681 1744 1784 1801 rabien

98 1833 227 1890 induciis
242 1834 338 1891 dacem
352 1835 475 1905 dietum,
491 1840 660 1909 exspectans
680 1838 918 1907 benedictionem,
970 1837 1090 1906 proprie
1100 1837 1202 1905 requiei
1212 1834 1381 1905 procidendo
1398 1836 1593 1906 subtertupcrc,
1609 1851 1700 1892 eorum
1717 1839 1783 1895 cha·

101 1928 216 1984 interea
249 1928 354 1984 decidit
384 1928 414 1985 in
443 1931 559 2002 lectum,
593 1936 621 1986 et
654 1932 715 1987 sine
749 1934 920 2004 presulatus
970 1929 1053 1984 rituti
1074 1932 1100 1984 et
1117 1928 1274 1984 obedientie
1295 1933 1321 1983 et
1345 1929 1519 1999 simplicitati
1539 1931 1720 1987 testimenium
1740 1947 1783 1989 ta-
1846 1960 1849 1967 ·

103 2023 241 2079 unctione
261 2024 403 2079 exhalarit
422 2024 566 2097 spiritum.
583 2024 644 2081 Oda
658 2042 733 2094 vero,
748 2043 800 2098 pru
815 2027 918 2083 nobili·
970 2038 1031 2078 ram
1054 2024 1107 2078 Deo
1129 2022 1272 2092 perhibe03
1297 2024 1398 2093 quippe
1426 2024 1485 2093 qui,
1508 2028 1534 2079 et
1560 2024 1628 2079 lacte
1650 2028 1675 2080 et
1698 2025 1784 2082 solide

101 2121 163 2172 tate
181 2119 211 2171 et
229 2132 342 2172 aronam
359 2117 548 2190 benignitate,
565 2118 600 2174 de
616 2120 691 2175 clera
705 2123 877 2192 assumptus,
892 2124 921 2177 et
969 2116 1026 2171 cibo
1054 2117 1223 2171 abundanter
1246 2116 1372 2171 ubertim
1395 2118 1494 2171 mailli
1519 2118 1643 2173 moleste
1665 2118 1782 2182 educati,

102 2209 291 2280 archipraesul
304 2214 347 2266 est
360 2217 560 2280 consecratus;
577 2213 636 2283 qui,
654 2216 803 2285 postquam
818 2230 921 2270 omnes
970 2210 1007 2265 ad
1019 2212 1109 2265 omnia
1120 2211 1178 2272 Dei,
1190 2210 1333 2279 patrisque
1352 2210 1507 2280 spiritualis
1526 2211 1659 2267 mandmo
1680 2217 1781 2269 tractu·

101 2308 296 2359 antecessores
310 2306 643 2362 suosmonacbosiuisse
663 2308 919 2378 comperit,liben·
970 2302 1233 2369 bilesinaeniuntur,
1248 2302 1439 2359 etebedienter
1456 2305 1574 2374 manos.
1592 2304 1695 2369 Solum,
1714 2322 1784 2377 prat·
1863 2294 1866 2301 ’

101 2400 150 2452 ter
164 2397 450 2453 acdevotehabitum
465 2400 595 2470 mutarit,
612 2401 802 2472 etrellgiasus
816 2418 919 2457 mana·
969 2398 1156 2453 delicatissime
1185 2412 1246 2461 ree,
1275 2396 1470 2453 imbecillitatis
1499 2402 1525 2453 et
1550 2401 1693 2456 senectutis
1719 2416 1784 2457 mea

100 2490 219 2546 chusae
234 2491 417 2562 archipresul
432 2509 523 2564 usquc
539 2493 576 2548 ad
596 2498 718 2549 mortem
740 2497 797 2550 llea
815 2495 918 2550 milita·
969 2493 1106 2547 miserium
1127 2496 1153 2546 et
1177 2491 1422 2561 impossibilitatem
1444 2506 1590 2562 opponens,
1608 2494 1732 2564 supplice
1750 2509 1784 2551 ne

99 2584 152 2639 vit.
176 2584 329 2656 stigandus
349 2591 458 2655 autem,
482 2588 590 2641 Emmae
615 2586 722 2659 reginae
743 2589 917 2659 capellanus,
969 2584 1001 2641 id
1026 2587 1129 2655 emona
1152 2585 1306 2656 Mente,
1332 2600 1415 2640 arum
1442 2585 1554 2650 otniae,
1582 2587 1782 2657 quantumlibet

99 2677 261 2733 admodum
277 2679 420 2734 saecularis
432 2685 460 2735 et
473 2679 639 2736 ambitiosus
655 2681 779 2749 exstitit;
795 2683 845 2756 qui
859 2683 918 2754 pri·
968 2685 1102 2749 pecorum,
1119 2683 1215 2749 lienem
1229 2695 1322 2749 regum
1336 2683 1471 2750 quatenus
1482 2679 1520 2735 ad
1542 2681 1590 2736 hoc
1602 2682 1694 2752 ipsum
1709 2672 1799 2738 trabis¹

99 2788 184 2828 mum
198 2771 364 2840 tundente,
379 2775 563 2844 postmodum
577 2775 736 2832 Canluariae
755 2777 919 2832 cathedram
969 2775 1109 2844 cooperari
1120 2773 1258 2842 dignetur.
1277 2773 1382 2829 Valete.

98 2866 214 2923 invasit.
228 2867 330 2922 Veram
352 2885 369 2923 a
390 2869 520 2924 Romano
542 2886 618 2941 papa
638 2886 786 2942 nunquam
801 2871 919 2943 pallium
1006 2867 1161 2923 Benerotus
1178 2866 1277 2939 utique
1294 2881 1354 2935 rer,
1375 2865 1521 2923 debilitate
1538 2866 1675 2938 simplicis
1689 2871 1719 2923 et
1736 2883 1783 2927 re·

99 2959 216 3028 habuit,
229 2960 288 3015 imo
304 2961 339 3015 ab
354 2961 515 3017 Alexandra
532 2980 607 3035 papa
629 2963 805 3032 interdictus,
820 2965 918 3020 llaral-
970 2960 1065 3034 ligiosi
1084 2960 1159 3016 senis
1173 2960 1280 3030 audita,
1295 2959 1452 3028 condoluit,
1467 2966 1496 3017 ct
1513 2958 1627 3017 directis
1645 2961 1782 3033 apicibus,

100 3053 174 3109 dum
192 3054 360 3125 profanavit,
378 3055 446 3110 dum
463 3055 491 3111 in
508 3072 608 3128 regem
624 3056 793 3113 benedicere
809 3058 917 3114 debuit.
970 3061 1002 3111 ut
1019 3055 1137 3122 bouum,
1165 3054 1274 3126 sibique
1300 3057 1512 3127 competentem
1534 3054 1674 3127 eligerent
1696 3055 1782 3112 abba·

99 3149 280 3219 Quapropter
305 3148 390 3216 idcm,
415 3149 487 3204 sicut
511 3168 528 3204 a
555 3167 583 3205 sa
608 3151 749 3206 exaltatus
769 3151 917 3221 intumuit,
929 3106 957 3182 C
969 3154 1038 3217 tent,
1053 3149 1135 3205 coetui
1151 3149 1361 3205 monachorum
1376 3149 1539 3222 imperarit.
1556 3149 1669 3221 Legatis
1688 3149 1784 3222 itaque

100 3241 142 3297 sic
165 3259 182 3296 a
203 3242 260 3296 [leo
280 3242 445 3297 humiliatus
465 3247 493 3298 el
514 3244 646 3299 corriusus
662 3245 821 3316 ingentuit3
839 3264 917 3316 nana,
969 3242 1330 3313 reversis,txv1monacbi
1353 3242 1383 3298 in
1406 3243 1457 3298 ilci
1475 3243 1596 3299 nomine
1616 3244 1783 3316 congregati

99 3335 255 3391 Guillclmo
270 3337 365 3407 pslmo
381 3337 410 3391 in
426 3353 514 3409 reguo
537 3338 716 3408 confirmato,
734 3340 917 3395 clarescenti·
969 3342 1044 3406 sunt,
1063 3341 1092 3393 et
1109 3337 1260 3392 lectionem
1276 3336 1365 3392 sancti
1380 3336 1471 3392 Patris
1487 3336 1637 3393 Benedicti
1649 3337 1684 3393 de
1699 3337 1780 3393 ordi-

99 3429 157 3485 bus
170 3430 258 3501 culpls
276 3429 385 3501 judicio
405 3432 505 3503 synodi
531 3431 677 3504 depositus
698 3435 750 3500 est,
770 3433 847 3488 unde
865 3450 919 3489 acc
968 3431 1063 3486 nanda
1076 3430 1177 3486 abbate
1197 3430 1351 3502 diligenter
1370 3431 1532 3487 audierunt.
1546 3431 1674 3504 lienique
1693 3447 1781 3487 vene·

99 3522 132 3579 in
148 3524 276 3596 catalogo
291 3525 458 3594 pontilicnm
472 3527 683 3598 computandus
699 3531 751 3582 est.
968 3524 1067 3580 rabilis
1090 3524 1175 3579 abbas
1194 3524 1335 3595 hogerius
1358 3527 1388 3579 ct
1408 3525 1567 3595 spirituales
1589 3524 1639 3580 filii
1661 3525 1722 3596 ejus
1745 3510 1781 3581 de
1862 3568 1865 3573 .

139 3617 224 3689 angli
240 3618 404 3686 monachos,
419 3618 486 3690 quia
498 3636 550 3691 per
565 3636 611 3676 eos
624 3620 661 3676 ad
683 3622 773 3675 ileum
792 3620 919 3676 conversi
968 3618 1057 3673 salute
1070 3617 1232 3672 animarum
1249 3619 1450 3685 tractaverunt,
1465 3624 1493 3674 et
1506 3634 1598 3673 arnum
1617 3634 1652 3673 ex
1672 3623 1781 3675 semet·

100 3714 179 3781 sunt,
193 3711 385 3768 indesinenter
400 3713 554 3785 diligentes
566 3714 791 3784 honoraverant,
806 3715 918 3787 ipsique
969 3711 1036 3784 ipsis
1049 3711 1078 3766 ia
1092 3711 1208 3767 nomine
1222 3711 1338 3766 Domini
1360 3711 1395 3766 ad
1410 3711 1581 3783 supplendas
1597 3712 1672 3768 vices
1692 3713 1781 3768 abba·

100 3804 197 3861 clerici
219 3810 386 3862 reverenter
407 3813 437 3862 et
458 3806 582 3880 benigne
604 3808 657 3863 sibi
674 3810 917 3881 monachasproe-
969 3808 1004 3861 tis
1030 3809 1251 3877 assumpserunt.
1280 3805 1437 3860 Guarinunt
1464 3820 1589 3878 nemque
1616 3807 1652 3861 de
1681 3805 1782 3876 Sertis,

99 3899 171 3955 ferri
196 3899 286 3971 gavisi
312 3903 386 3955 strat.
416 3901 497 3956 Nunc
529 3905 626 3957 autem
654 3918 750 3959 mores
779 3908 808 3958 et
841 3904 919 3975 leges
968 3903 1160 3972 cognomento
1179 3902 1309 3970 Paratum,
1327 3898 1381 3955 sibi
1399 3899 1530 3956 abbatem
1552 3905 1781 3973 preposuerunt,

100 3998 222 4049 mutate
240 3999 356 4062 suntet
373 3994 480 4063 clerici,
498 3997 698 4052 utmonacbos
720 3997 867 4053 confutent
890 4001 919 4053 et
968 3998 997 4051 ot
1026 3994 1055 4050 iu
1085 3994 1138 4050 boc
1169 3994 1311 4066 apostolos
1342 3994 1446 4049 imitati
1470 3999 1546 4063 sunt,
1574 3994 1623 4067 qui
1647 3994 1783 4051 liatbiaat

99 4089 280 4155 conculcent,
296 4088 410 4144 clericos
425 4090 573 4145 extollunt.
967 4091 1088 4145 Parvum
1107 4088 1156 4145 uei
1172 4088 1209 4144 ad
1228 4088 1430 4160 complendum
1450 4087 1661 4144 duodenarium
1681 4105 1781 4147 uume-

138 4181 218 4236 circa
243 4183 304 4238 baec
326 4188 465 4255 tempora,
490 4184 637 4257 hogerius,
659 4183 797 4241 Uticensis
820 4186 917 4255 abbas,
967 4200 1044 4250 rum,
1070 4184 1119 4256 qui
1146 4186 1272 4238 sacratus
1297 4186 1349 4252 est,
1374 4183 1469 4238 divino
1492 4186 1563 4238 nutu
1590 4183 1680 4239 sortiti
1704 4187 1782 4240 sunt.

99 4288 162 4331 [eva
177 4278 206 4330 et
225 4276 397 4347 egritudine
419 4278 536 4348 tractus,
552 4294 568 4332 a
584 4277 703 4350 pristina
722 4279 825 4335 robure
840 4280 917 4336 deci·
968 4276 1127 4349 Supradicti
1138 4280 1235 4332 autem
1246 4277 1303 4332 duo
1313 4292 1395 4332 senes
1405 4277 1527 4332 electum
1537 4277 1657 4333 tratrem
1668 4278 1781 4347 loanni,

100 4369 155 4437 dit,
170 4376 198 4426 et
220 4371 366 4442 pastoralis
385 4387 460 4426 curas
487 4374 595 4427 sarcina
618 4374 769 4429 exonerari
791 4390 916 4429 summo·
968 4371 1100 4443 episcopo
1114 4371 1291 4440 Lexoriensi,
1304 4371 1386 4442 jussu
1404 4376 1560 4426 contentus
1581 4371 1781 4442 exhibuerunt,

99 4480 171 4537 pere
185 4464 366 4520 desideravit.
384 4465 462 4521 Unde
476 4466 546 4521 duos
558 4467 739 4523 honorabiles
752 4468 997 4551 monachos,1)et
1023 4481 1087 4521 cura
1113 4464 1176 4536 ejus
1204 4464 1317 4521 licentia
1334 4480 1415 4520 mare
1441 4465 1517 4520 inter
1546 4465 1648 4521 hiemis
1675 4464 1782 4536 frigora

99 4557 258 4616 Ernaldum
273 4559 307 4614 dc
323 4559 439 4614 telliolo
461 4563 490 4615 et
510 4562 698 4617 Gislebertum
719 4563 754 4618 de
775 4563 873 4633 Sertis,
889 4563 919 4619 ia
970 4563 999 4616 ct
1020 4564 1203 4629 tempestates
1236 4558 1503 4628 transfretaverunt,
1531 4573 1700 4630 regemque,
1732 4559 1783 4633 qui

99 4651 234 4723 Angtiam
262 4652 349 4721 misit,
375 4657 403 4708 et
428 4671 481 4725 per
507 4672 555 4710 eos
582 4656 777 4727 hujuscemodi
801 4659 918 4728 litteras,
969 4651 1250 4726 Nordanbymbriam
1283 4658 1351 4707 tunc
1382 4650 1581 4723 perlustrabat,
1613 4668 1664 4723 per
1696 4652 1783 4726 longa

98 4762 174 4819 quas
187 4746 306 4802 liudulfo
324 4747 477 4803 Laurentio
499 4748 584 4805 edere
602 4750 733 4821 jusserat,
748 4751 810 4823 regi
832 4751 918 4807 desti·
969 4749 1120 4820 lutosaque
1135 4747 1240 4803 itincre
1253 4745 1437 4819 quaesierunt,
1451 4761 1575 4818 eumque
1587 4745 1617 4801 in
1630 4745 1782 4803 testivitate

99 4840 204 4897 navit:
970 4842 1065 4898 Sancti
1092 4841 1207 4909 Nicolai,
1236 4841 1431 4913 liyrrbcarum
1458 4840 1597 4912 presulis,
1626 4840 1782 4897 Eboracbat

969 4941 1148 5008 repererunt.
1164 4937 1251 4991 Porro
1266 4933 1383 4991 illustris
1396 4950 1453 5002 rea,
1464 4933 1568 4989 auditis
1581 4950 1645 5006 quae
1654 4934 1782 4990 fecerant

137 5003 256 5061 ⁶²⁰⁶⁰⁸⁰
282 5020 329 5059 ³¹²⁰
355 5005 474 5069 ‘imm’
509 5009 568 5077 “95
598 5007 754 5077 Animum
785 5010 917 5079 Hfflfflmr
968 5030 1111 5096 monachi,
1127 5029 1295 5085 electionem
1310 5027 1502 5096 concessil,et
1521 5028 1611 5083 electo
1627 5026 1709 5083 fratri
1728 5043 1782 5101 pet·

99 5099 212 5154 'tumuli
244 5099 396 5165 R⁰⁶⁸l¹⁰³2
432 5102 593 5156 Uticensium
625 5103 757 5173 inditium
785 5105 917 5167 ”imiimi
969 5124 1118 5180 consilium
1131 5120 1782 5194 Tursliai,h2boracensisarchiepiscopi,abba·

100 5192 416 5263 ‘¹b⁶⁰⁸“¹”“⁷⁸'‘l¹¹²'d⁰⁸
431 5195 544 5250 ⁸⁰¹¹¹²⁰m
559 5197 685 5265 felibus!
969 5218 1037 5273 tiam
1068 5216 1203 5286 donavit,
1235 5219 1383 5271 attestante
1416 5215 1580 5287 Stephana,
1612 5215 1779 5272 Carnutens'i

137 5309 318 5377 Quonimmt
335 5313 375 5367 ait
390 5311 536 5382 Apostolus
546 5314 643 5383 (llam,
659 5330 719 5376 aru,
736 5314 770 5385 t),
784 5334 798 5363 a
813 5329 867 5369 nan
880 5318 920 5370 est
970 5312 1080 5382 abbate,
1096 5311 1144 5383 qui
1159 5310 1340 5382 postmodum
1355 5309 1517 5381 patriarcba
1529 5309 1594 5366 luit.
1612 5309 1718 5365 lleinde
1731 5326 1781 5367 rex

98 5406 220 5474 potestas
233 5406 316 5458 nisio
331 5406 404 5470 Deus
419 5421 479 5474 qna
492 5412 583 5461 antem
595 5412 667 5474 sunt,
683 5423 700 5462 a
718 5410 772 5462 Deo
785 5407 920 5463 ordinatae
969 5422 1068 5461 omues
1086 5405 1256 5460 monasticas
1277 5420 1322 5460 res
1345 5406 1374 5459 et
1393 5403 1545 5475 dignitates
1567 5420 1599 5459 ac
1620 5403 1780 5477 privilegia,

99 5502 177 5561 sunt,
189 5499 218 5551 in
230 5498 349 5552 utilitati
361 5499 455 5554 damus
464 5502 513 5555 ilci
521 5500 554 5555 ab
568 5502 640 5555 omni
650 5504 783 5572 potestate
794 5501 920 5557 ordinate
969 5516 1033 5572 qua
1047 5499 1267 5571 predecessores
1279 5498 1322 5553 sui
1337 5499 1473 5555 hactenus
1488 5497 1657 5567 habuerant,
1671 5498 1698 5554 ei
1710 5514 1779 5554 con·

97 5590 297 5662 prouidendum
323 5597 371 5647 est.
397 5595 453 5663 llpe
478 5596 573 5664 igitur,
596 5597 635 5648 mi
658 5595 773 5658 domine,
795 5596 845 5666 qui
868 5594 920 5650 huc
969 5595 1061 5663 cessit,
1084 5597 1114 5649 et
1133 5594 1258 5649 chartam
1279 5592 1460 5666 huiusmodi,
1473 5592 1568 5663 sigillo
1582 5591 1788 5661 regati-sigua·

100 5696 196 5755 usque,
223 5686 284 5740 lieet
308 5686 446 5755 indemne,
472 5690 528 5743 Deo
552 5689 722 5761 disponente,
749 5690 799 5748 stab
823 5696 923 5750 cestra
970 5694 1046 5764 mm,
1059 5695 1164 5750 contra
1175 5687 1477 5763 amulascrugau'ttx

87 5774 285 5831 mmmm?
311 5779 401 5833 'miili
428 5784 583 5851 fertitem,
621 5787 755 5848 Uticensis
796 5790 928 5851 Ειοῐιιίιο
1017 5792 1180 5865 heustena,
1196 5804 1251 5849 rea
1277 5782 1590 5861 aequanimitatem,
1609 5770 1744 5839 W
1759 5758 1853 5807 ω’
