3750 6046
88 190 136 247 aar
775 178 936 246 unorum
956 169 1088 246 virius
1713 192 1766 250 aar

88 312 113 366 el
127 310 273 381 subjacent
288 325 295 363 ε
310 301 495 377 belocasium,
514 302 544 364 id
567 312 609 364 est
627 310 761 382 Bajocas;
784 282 1122 397 livanti-Aloronensis
1148 315 1177 369 el
1204 311 1348 369 Haurilius
1372 312 1584 386 studegavensis
1602 355 1609 381 ,
1644 313 1765 370 Basilius

89 420 197 471 corum,
219 403 247 459 id
270 407 314 458 est
335 403 449 471 librom,
469 403 634 472 Luxovium,
655 403 805 471 Abrincas,
825 405 897 461 Con·
948 406 1138 474 Caesariensis,
1153 412 1181 463 ct
1203 406 1324 479 insignis
1348 409 1444 464 orator
1466 408 1643 481 Augustinus
1656 408 1764 480 Hippo·

89 498 208 566 stantia3
229 497 379 568 Salarium,
395 497 481 552 idest
500 497 627 568 Sagium.
641 497 766 553 Ecclesia
786 497 897 553 Hotho·
948 500 1052 568 neusis,
1067 505 1097 556 el
1114 499 1303 573 Hieronymus
1324 500 1427 557 divinae
1450 501 1522 574 legis
1546 501 1691 574 interpres
1706 502 1763 557 mi·

88 590 270 662 magensium
286 590 346 661 jam
370 606 432 646 auur
453 590 604 662 pontitlces
623 589 732 657 habuit,
755 594 785 645 et
805 589 899 646 clerus
949 598 1080 649 cuernnt.

88 683 216 755 ejusdcm
228 684 264 739 sd
272 683 402 739 notitiam
415 687 596 754 posterorum
609 682 645 737 de
658 681 778 753 singulis
791 697 900 753 praesu·
984 701 1010 751 γ,
1033 697 1185 760 ymnus,
1198 698 1419 753 „pampinorum
1431 697 1513 764 forts,
1527 701 1554 753 ey
1567 697 1654 761 ullor,

87 777 162 833 libus
182 776 323 832 distichon
344 775 493 831 heroicum
516 773 615 845 edidit,
634 773 710 846 quod
732 773 799 830 huic
818 774 899 846 operi
1032 776 1177 831 uenenum
1190 778 1298 832 Domini
1309 777 1449 833 madetis
1462 777 1559 832 inbuit
1571 778 1660 832 almis.

86 869 249 926 charitative
272 884 322 939 per
343 867 476 924 ordinem
496 867 622 922 inserere
638 882 704 922 cum
723 867 896 939 quibusdam
948 875 998 931 1110
1009 893 1037 932 ῃ
1050 876 1142 946 anni„
1157 880 1287 949 tempore
1299 877 1458 933 [nnocentii
1470 893 1563 950 papie,
1575 877 1628 933 sub
1643 878 1762 933 Arcadio

89 961 254 1020 necessariis
266 960 468 1017 additamentis
483 958 555 1015 mihi
566 975 625 1015 u0u
638 958 758 1032 pigebit·
948 972 977 1024 et
999 968 1121 1025 Honorio
1138 969 1241 1024 tloruit.
1260 971 1337 1025 'l'uuc
1358 971 1483 1026 Donatus
1505 970 1584 1041 Epiri
1609 970 1762 1042 episcopus

123 1069 147 1120 l.
168 1065 290 1120 Anticles
302 1068 411 1119 sanctus
421 1063 566 1124 Hellenas,
581 1061 719 1124 inordina
735 1063 851 1133 pmmus,
948 1066 977 1118 et
987 1063 1110 1119 loannes
1121 1062 1375 1135 ierosolymitanus
1387 1062 1539 1119 fulserunt.
1555 1063 1685 1119 quentio
1698 1079 1761 1118 cor·

170 1143 297 1199 &mliii
311 1143 415 1212 plebem
428 1142 556 1198 miliia
566 1141 816 1211 Miltiadem·
948 1155 1024 1227 poris
1038 1154 1065 1210 S.
1081 1154 1219 1227 Stephani
1231 1156 1449 1228 pmlomartyris
1462 1156 1537 1212 lacta
1549 1161 1601 1224 cst,
1617 1158 1760 1212 revelante

88 1248 136 1305 llic
161 1249 288 1318 tempore
309 1244 419 1301 Eusebii
440 1260 523 1316 papas
548 1246 576 1298 al
598 1242 760 1299 ltelchiadis
783 1243 897 1311 claruit,
949 1248 1005 1304 ileo
1020 1248 1143 1304 Lucieno
1159 1248 1395 1321 caphargamalae
1407 1249 1584 1322 presbytero.
1599 1250 1677 1304 lunc
1692 1249 1761 1305 Oro·

86 1339 296 1411 undecimoque
303 1336 364 1392 llal.
372 1335 540 1393 Novembris
546 1335 582 1391 ad
591 1335 744 1392 Dominum
752 1335 898 1408 migravit,
948 1340 1007 1396 sins
1024 1341 1182 1413 presbyter,
1197 1340 1246 1413 qui
1258 1341 1364 1397 librum
1376 1344 1414 1398 lle
1425 1343 1546 1400 Οηιιεειιι
1558 1342 1656 1398 mundi
1673 1341 1761 1414 scrip-

88 1438 116 1492 et
135 1435 164 1489 in
183 1435 283 1505 crypta
296 1430 326 1486 iu
343 1429 458 1486 basilica
477 1432 505 1486 S.
525 1428 648 1485 Gerrasii
668 1428 801 1500 martyris
820 1432 900 1485 extra
948 1435 994 1502 sit,
1008 1434 1043 1489 ab
1062 1434 1221 1507 Augustino
1238 1434 1274 1491 ad
1295 1435 1501 1507 Hieronymum
1515 1451 1569 1507 pro
1588 1434 1759 1506 quibusdam

88 1528 189 1584 urbem
215 1524 341 1597 sepultus
365 1523 414 1579 diu
432 1523 532 1596 jacuit·
554 1522 726 1579 Mausoleum
748 1538 816 1577 veru
838 1522 899 1593 eius
947 1527 1097 1599 profundis
1111 1527 1316 1600 questionibus
1335 1528 1447 1599 missus,
1462 1528 1616 1584 Lucianum
1634 1527 1723 1596 adiit;
1744 1544 1760 1582 a

87 1620 194 1677 ibidem
210 1634 298 1690 usque
314 1616 400 1672 hodie
420 1619 562 1671 servulum
581 1619 633 1684 usi,
647 1614 695 1673 sed
714 1630 817 1687 corpus
837 1616 900 1686 ujus
949 1638 1006 1694 quo
1020 1621 1154 1693 reliquias
1167 1621 1194 1677 S.
1211 1620 1359 1693 Stephani,
1371 1621 1452 1677 Avito
1469 1621 1636 1694 presbytero
1649 1621 1759 1690 missus,

87 1718 153 1787 post
171 1714 293 1769 multum
314 1709 452 1782 temporis
471 1726 524 1781 pro
546 1709 650 1765 timore
672 1710 813 1765 Dacorum
831 1684 980 1770 iudessin
993 1714 1154 1787 Hispaniam
1167 1714 1279 1785 primus
1293 1714 1399 1770 intulit.

89 1807 217 1864 ablatum
235 1809 288 1872 est,
302 1807 331 1859 et
349 1802 379 1858 in
398 1802 544 1859 castellnm
557 1801 714 1871 vilcassini,
731 1801 810 1874 qrrod
827 1802 898 1858 Pon·
984 1821 1011 1874 g,
1030 1820 1161 1876 succussi
1173 1819 1273 1889 mgni
1284 1818 1346 1873 pugg
1358 1819 1533 1873 Innocentius
1547 1818 1647 1882 aymus,

89 1901 175 1957 lisera
188 1900 313 1965 vocatur,
328 1896 499 1952 translatum
512 1901 564 1952 est.
580 1894 639 1952 Hlic
652 1895 682 1950 in
695 1895 775 1968 regia
787 1895 900 1951 nomini
1030 1899 1176 1955 Ecclesiam
1184 1912 1308 1954 mucuns
1316 1897 1760 1969 Dominiplabemqueretormons.

89 1995 150 2068 ejus
169 1992 263 2051 dicata
282 1991 454 2046 veneranter
474 1994 613 2058 servatur,
632 1988 721 2061 cique
742 1994 900 2045 conventus
949 2001 998 2057 ffic
1011 2017 1038 2056 ,x
1058 2000 1151 2070 annis,
1166 2004 1295 2073 pompm
1315 2015 1456 2073 paparum
1475 2000 1604 2068 gozjmae,
1621 2000 1761 2057 gonjfacp

88 2085 294 2144 ⁰²¹¹⁰¹¹i⁰⁰l¹¹m
308 2082 459 2139 celebrum
471 2083 635 2139 siffifllltul·
949 2101 979 2150 et
993 2093 1147 2161 Caelestini,
1161 2094 1212 2149 sub
1228 2094 1352 2150 Honorio
1365 2097 1395 2149 et
1406 2093 1565 2151 Theodosio
1576 2094 1689 2150 Arcadii
1704 2093 1761 2148 tilio

124 2205 151 2255 2.
170 2201 235 2255 Post
246 2198 327 2259 bunc,
337 2196 503 2266 precipuus,
516 2193 627 2249 suoru
640 2200 665 2249 el
678 2194 828 2250 Avitianus
948 2188 1047 2262 riguit.
1062 2188 1138 2243 Tunc
1152 2188 1275 2260 synodus
1286 2187 1428 2260 Ephesina
1440 2189 1629 2244 ducentorum
1643 2188 1756 2259 episco-

169 2278 293 2336 Obtinuit
302 2276 430 2345 regimen,
444 2289 536 2330 curem
548 2288 654 2344 petoque
666 2272 739 2329 rexit
752 2272 808 2344 (82)
828 2273 899 2328 hili·
948 2298 1062 2354 porum,
1071 2282 1118 2336 cui
1124 2281 1243 2353 cyrillus
1251 2279 1589 2354 praeiuitAlexandrinus‚
1600 2285 1760 2352 aggregata

826 2351 897 2422 [lem.
949 2378 999 2431 est.
1014 2373 1055 2430 Ad
1067 2375 1164 2431 Scotos
1177 2374 1207 2429 iu
1219 2374 1363 2431 Christum
1378 2373 1594 2442 convertendos,
1610 2373 1760 2429 ordinatus

87 2462 137 2519 llic
158 2456 316 2515 Arelatensi
337 2454 467 2511 interluit
486 2452 615 2518 concilio,
631 2452 707 2526 quod
727 2454 836 2508 lectum
858 2457 900 2509 est
950 2484 1052 2540 &papa
1065 2468 1223 2536 meslino,
1240 2467 1378 2524 palladius
1391 2467 1503 2540 primu,
1524 2466 1676 2540 episcopm
1691 2465 1759 2522 mn.

86 2562 218 2626 tempore
239 2549 364 2607 silvestri
384 2564 476 2620 papas,
489 2547 540 2602 sub
554 2547 738 2605 Constantino
758 2548 897 2618 Angusto,
949 2562 1028 2617 mur,

87 2653 135 2726 qui
155 2649 240 2721 coepil
260 2649 403 2719 imperare
425 2660 500 2701 anno
522 2644 557 2700 ab
582 2644 657 2700 Urbe
680 2643 796 2699 condita
818 2645 897 2699 l06l.
984 2667 1011 2719 9·
1031 2664 1363 2734 ggquggpymswg,
1375 2665 1499 2719 sumn
1512 2663 1629 2726 Euodus,

86 2747 164 2801 'lunc
189 2743 302 2799 Nicoena
325 2739 449 2812 synodus
474 2754 590 2794 cccxvur
619 2738 735 2792 Petrum
758 2735 898 2791 celebrata
1031 2746 1602 2817 pmgeefmoms‚pmm‚piugaeqm
1611 2745 1755 2801 modestus,

89 2843 142 2903 θεῖ,
156 2839 233 2894 initi*
245 2849 316 2906 <1¹¹⁰⁸
335 2833 462 2888 Ni⁰⁰¹⁸¹¹⁵
479 2831 654 2903 utilimum
675 2828 777 2902 Lliioes
792 2828 899 2900 aliique
948 2848 999 2903 Hic
1013 2864 1060 2905 rur
1072 2847 1163 2916 annis,
1176 2851 1306 2920 tempore
1319 2847 1462 2903 Coelestini
1476 2852 1505 2903 et
1516 2847 1586 2904 sixti
1602 2863 1755 2918 paparum,

87 2925 339 3006 Pifficifl⁰¹¹ii³³i¹¹¹i
352 2924 488 2997 Pifflsslles
501 2923 676 2979 mimium·
947 2942 1053 2997 floruit.
1067 2942 1144 2997 Tunc
1164 2940 1234 2997 Galli
1256 2945 1355 2997 contre
1374 2941 1520 2996 Romanos
1539 2939 1759 3007 rebellaverunt,

121 3047 147 3100 3.
168 3042 299 3099 Successit
310 3039 412 3111 presul
424 3037 778 3108 heleemoirtuteseoerus
909 3034 1052 3121 equibus
1073 3033 1184 3105 Franci,
1204 3033 1241 3089 de
1261 3033 1447 3107 Trojanornm
1470 3033 1559 3105 stirpe
1581 3032 1648 3102 orti,
1663 3031 1763 3088 sociati

170 3120 423 3189 Moribusinsipnis,
435 3117 583 3173 immisi&
594 3130 626 3170 ⁰⁰
639 3114 777 3170 iibfmi'ii'i
950 3132 1026 3197 sunt,
1050 3128 1099 3201 qui
1120 3127 1227 3200 pariter
1242 3126 1334 3199 juncti
1354 3128 1494 3182 Francum
1516 3125 1761 3195 Ferramundum,

88 3227 138 3285 Hic
157 3242 192 3281 ul
214 3222 306 3290 'ululis
325 3223 454 3291 i⁰¹¹¹l³⁰l0
475 3215 652 3274 0⁰¹¹⁵t⁸⁰ii¹¹i
676 3220 705 3271 ei
728 3214 898 3282 C0ss⁸i³ssiiis
949 3221 1094 3279 sunnonis
1107 3219 1186 3276 ducis
1198 3220 1299 3290 illium,
1313 3219 1366 3275 sibi
1378 3235 1479 3292 regem
1493 3218 1695 3291 praefecerunt.
1706 3219 1759 3273 lta·

87 3325 139 3382 suh
161 3323 251 3379 hlarco
273 3334 346 3392 papa
367 3318 396 3373 et
418 3315 491 3371 lulio
510 3313 616 3371 floruit.
630 3314 708 3369 Tunc
731 3311 900 3368 Maximinus
949 3316 1055 3383 ximus,
1070 3313 1252 3370 'laurinensis
1264 3313 1423 3385 episcopus,
1437 3313 1467 3367 iu
1486 3312 1665 3368 sermonibus
1680 3327 1761 3367 com·

86 3420 273 3477 Treverorum
299 3416 327 3467 et
353 3409 472 3466 Hilarius
496 3407 697 3476 Pictavornm,
727 3404 898 3461 Athanasius
948 3407 1090 3482 ponendis
1104 3406 1243 3463 facundus
1256 3405 1384 3462 babetur.

87 3508 359 3573 Alexandrinorum,
379 3501 514 3559 Eusebius
537 3499 759 3556 Vercellensium
781 3500 811 3554 et
832 3497 899 3553 Dio·
986 3510 1759 3584 10,praesugmmmmmseyvggmnomuygp.33)3

88 3603 187 3679 nysius
204 3596 455 3659 llediolauensinm
475 3593 622 3669 presules,
645 3599 675 3650 ul
689 3596 765 3649 astra
785 3591 897 3648 clarue·
1039 3593 1296 3663 Ouaniaslereeit,
1304 3592 1437 3663 prudens
1449 3597 1475 3646 et
1487 3591 1674 3663 amplificavit.

87 3704 164 3758 runt.
950 3701 999 3757 Hic
1015 3717 1060 3756 nn
1079 3700 1171 3768 anuis,
1194 3702 1323 3771 tempore
1342 3697 1444 3755 Leonis
1463 3713 1557 3771 papie,
1576 3696 1714 3754 clodione
1733 3699 1762 3753 et

123 3805 150 3858 l.
170 3800 310 3862 Eusebim,
321 3795 408 3853 duleis
418 3799 443 3852 ei
453 3793 483 3850 in
493 3793 586 3850 ordine
595 3790 750 3864 pontificati
948 3795 1074 3852 Maroneo
1086 3793 1270 3866 regnantibus
1284 3792 1313 3848 in
1333 3791 1461 3860 Francia,
1474 3790 1584 3847 claruit.

171 3886 309 3947 Constare,
323 3882 421 3937 enituit
431 3881 564 3933 uirtutum
575 3875 686 3943 floribus
695 3875 784 3929 almis.
986 3901 1027 3953 Η.
1048 3898 1149 3953 psaewy
1160 3896 1308 3960 Mamm,
1322 3895 1414 3950 divim
1427 3894 1553 3963 domat,
1563 3894 1664 3962 suppus,

88 3991 138 4050 llic
150 4003 203 4046 arr
216 3985 308 4053 annis,
322 3989 451 4054 tempore
463 3978 566 4035 hiberii
581 3993 662 4049 papae
684 3979 712 4032 et
723 3975 832 4043 Felicis,
848 3974 898 4029 sub
1050 3980 1165 4034 Restitit
1177 3979 1207 4032 in
1221 3977 1322 4047 populo
1334 3975 1497 4031 uenerabilis
1509 3973 1632 4044 undique
1651 3979 1759 4044 pastor.

87 4082 281 4146 Constantino,
294 4076 404 4133 tuliano
419 4075 565 4146 Apostata,
580 4069 727 4127 toriniano
746 4071 776 4124 et
794 4068 898 4122 Valen-
948 4085 997 4141 ffi,
1009 4101 1038 4141 Ιχ
1053 4084 1146 4154 amm,
1160 4083 1211 4139 ,ub
1231 4081 1367 4140 gargano
1385 4086 1415 4138 gt
1432 4079 1639 4149 valentianum
1659 4079 1761 4153 viguit,

88 4176 198 4237 unlano
211 4173 298 4229 lulsit
947 4178 1062 4252 quando
1083 4179 1139 4234 Leo
1160 4193 1236 4250 papa
1258 4181 1356 4232 contra
1379 4173 1509 4230 Euticom
1536 4178 1565 4230 et
1590 4173 1760 4230 Dioscorum

125 4294 151 4344 5.
171 4285 345 4343 Marcellinus
357 4281 420 4336 huic
432 4278 554 4334 sanese
568 4291 679 4332 munera
691 4274 800 4338 Christi,
947 4273 1021 4345 apud
1049 4271 1257 4355 Chalcedonam
1284 4269 1426 4342 synodum
1450 4284 1539 4325 ncxxx
1561 4267 1760 4340 episcoporum

172 4373 270 4426 Pastor
280 4366 442 4439 illudimus·
455 4376 559 4417 muium
571 4360 707 4431 militie
718 4359 837 4415 dremne.
948 4365 1112 4422 celebravit.
1124 4366 1203 4421 Tunc
1224 4363 1341 4436 Hengist
1360 4366 1389 4418 et
1409 4363 1505 4432 llorsa,
1518 4376 1584 4417 cnm
1605 4360 1762 4417 Saxonibus

88 4477 138 4534 llic
155 4490 190 4531 xx
210 4470 304 4539 anuis,
321 4472 449 4540 tempore
469 4463 581 4522 Damasi
599 4479 692 4536 papae,
712 4427 937 4534 regnantibusD
949 4462 978 4516 et
994 4459 1104 4533 Anglis,
1118 4458 1207 4514 tribus
1226 4456 1320 4529 longis
1337 4456 1457 4512 navbus
1469 4454 1499 4510 iu
1512 4454 1692 4510 Britanniam
1708 4453 1760 4509 ad·

87 4567 284 4627 Valentiniano
297 4569 325 4620 et
347 4562 463 4618 Valente
485 4574 551 4614 cum
571 4556 705 4613 Gratiano
726 4560 753 4612 el
775 4555 898 4611 Valenti·
947 4554 1021 4610 recti
1035 4559 1110 4622 sunl,
1124 4556 1153 4609 el
1165 4569 1183 4607 a
1195 4550 1364 4623 vortigerno
1382 4565 1450 4621 rege
1467 4551 1570 4604 contra
1587 4548 1682 4603 Pictos
1701 4564 1760 4604 sus·

89 4666 186 4733 niano,
210 4662 240 4716 in
265 4656 390 4715 Ecclesia
411 4654 484 4710 bene
506 4651 650 4708 laboravit.
664 4650 742 4705 Tunc
761 4649 900 4704 Antonius
949 4647 1022 4720 cepti
1034 4650 1110 4704 sunt.
1126 4647 1202 4702 Tunc
1222 4645 1382 4701 Germanus
1399 4640 1653 4700 Autissiodorensis
1672 4641 1760 4697 mira-

88 4757 254 4826 monachns,
268 4750 466 4826 AEgyptiorum
479 4745 650 4802 clarissimus
664 4744 744 4800 obiit.
759 4744 900 4799 Caesarum
948 4740 1044 4796 biliter
1056 4740 1162 4796 floruit.

90 4856 179 4926 gusua
203 4852 301 4906 Petrus
329 4842 451 4916 insignis
477 4843 575 4896 orator
601 4837 711 4895 claruit.
736 4835 900 4893 Ambrosius
987 4847 1028 4899 12,
1048 4844 1168 4913 lnnlynn
1182 4841 1307 4904 anthus,
1319 4839 1417 4911 populi
1433 4841 1638 4907 custosquoqee
1648 4851 1759 4908 perpes,

88 4940 301 5003 llediolauensis
321 4933 548 5009 inexpugnabilis
562 4948 662 4989 murus
681 4930 791 4987 Arianis
810 4946 899 5002 oppo·
1049 4924 1171 4993 Suscepit
1184 4921 1272 4977 sedem
1280 4919 1430 4976 demensa
1438 4916 1635 4989 pontificalem.

89 5040 158 5096 situs
174 5039 225 5092 est.
246 5026 561 5101 constantinopolitana
582 5025 708 5098 synodus
730 5041 761 5080 cc
785 5025 899 5079 Petrum
949 5025 999 5084 llic
1013 5042 1062 5081 vni
1074 5025 1166 5094 annis,
1178 5020 1333 5079 childerico
1348 5021 1508 5093 imperante
1522 5017 1609 5074 Gallis
1623 5019 1653 5073 et
1666 5017 1762 5074 Leone

89 5134 188 5188 oonlra
199 5125 397 5185 Macedonium
411 5127 439 5178 et
451 5120 622 5177 Ennomium
633 5117 685 5174 sub
695 5120 814 5174 llamaso
828 5133 900 5190 papa
950 5119 1066 5189 Latinis,
1090 5116 1202 5173 claruit.
1223 5116 1302 5171 Tunc
1323 5113 1487 5171 Theodorus
1506 5111 1655 5184 episcopus
1674 5111 1763 5184 Syriae

89 5224 227 5283 celebrata
241 5225 292 5277 est.
950 5214 1154 5272 eechsimticom
1180 5212 1328 5268 Historiam
1353 5207 1481 5280 scripsit,
1504 5223 1521 5261 a
1543 5205 1600 5261 tine
1622 5203 1762 5263 librorum

125 5331 151 5384 6.
171 5323 291 5394 Pervigil
302 5324 331 5376 in
345 5319 445 5392 populo
460 5320 554 5374 Petrus
568 5317 667 5386 dignus
680 5329 785 5386 quoque
800 5320 899 5378 eustos,
950 5305 1063 5364 Eusebii
1076 5305 1213 5378 usquead
1226 5307 1448 5376 tempussuum,
1464 5300 1493 5356 id
1507 5303 1550 5356 ost
1563 5314 1654 5372 usque
1667 5298 1765 5356 adim⁴

171 5407 269 5465 saecu
280 5401 446 5458 commutem
461 5396 802 5467 malmesmeriensis.
949 5401 1061 5474 perium
1074 5399 1183 5468 Leonis,
1197 5397 1249 5454 snb
1262 5412 1319 5470 quo
1332 5398 1462 5453 mortuns
1476 5400 1528 5450 est.

89 5509 140 5568 Hic
160 5523 206 5565 m
224 5504 316 5574 annis,
338 5505 468 5573 tempore
490 5497 580 5556 Siricii
601 5513 683 5570 papae
704 5500 732 5553 et
749 5493 900 5564 Anastasii,
987 5510 1030 5564 13,
1048 5507 1203 5565 Commisso,
1217 5506 1300 5562 gom
1314 5504 1482 5562 cmm,
1495 5517 1528 5559 a,
1540 5501 1678 5557 mm

89 5604 143 5663 sub
162 5598 322 5660 Theodosio
341 5601 370 5654 et
386 5593 506 5653 Arcadio
533 5591 644 5648 claruit.
667 5590 744 5647 'lonc
766 5587 901 5646 Hortinos
1052 5588 1171 5645 Horitas
1182 5586 1306 5659 cereola,
1317 5587 1471 5656 υἰιίιιιιᾳιιι
1482 5596 1599 5639 meacm
1609 5581 1688 5653 feeit.
1742 5610 1746 5617 -

119 5741 219 5810 (ts-8³)
231 5740 268 5791 Le
283 5732 576 5791 mensunusum
590 5729 750 5783 Chesnlana
766 5727 899 5780 editione.
