3750 6046
83 197 151 255 ttts

775 181 913 243 anniam
932 182 966 240 rr
985 152 1080 241 rnen

1718 187 1782 242 lili
1828 224 1831 277 t

83 310 243 372 malueritis
262 309 342 366 adire
363 307 530 371 antistitem,
550 305 599 379 qui
616 308 712 360 nostra
730 304 816 359 tultus
833 320 899 359 auc·
912 320 1015 395 Acer-e
1038 303 1233 374 splendescere
1256 318 1288 358 ae
1307 302 1410 360 llorere
1429 302 1590 373 debuerat3
1610 302 1686 375 quia
1704 311 1785 361 setc-
1829 286 1831 337 3

85 411 212 475 toritate,
229 404 307 465 qnod
323 404 484 477 postulatur
498 400 655 472 indulgeat.

122 501 305 557 Decernimus
316 515 385 569 crgo
399 504 429 551 ut
440 496 510 550 nulli
524 494 640 549 omniuo
653 492 806 547 bominum
818 491 903 545 liceat

84 597 236 669 praelatum
249 607 378 648 eremum
391 598 499 645 temere
516 588 696 660 perturbare,
707 592 756 641 aut
766 586 827 654 ejus
842 601 903 655 pos·

85 690 225 744 sessiones
239 688 364 747 auterre,
376 685 419 739 vel
430 683 538 737 ablatas
551 682 684 748 retinere,
698 680 841 746 minnere,
853 694 903 731 seu

86 782 180 837 modis
193 779 366 853 quibuslibet
378 778 509 848 fatigare,
524 775 572 830 sed
586 775 693 828 illibata
707 772 805 827 «emnia
821 778 850 825 ct
863 772 903 825 in·

86 883 167 947 tegra
185 876 390 930 corner-rentur
408 887 519 937 eorum,
544 886 593 939 pro
616 884 739 939 quorum
762 864 904 935 gnberna-

85 970 165 1025 tione
180 974 207 1023 et
221 966 428 1021 sustentatione
443 978 576 1018 concessa
598 964 675 1027 snut,
697 959 794 1013 usibus
810 958 903 1013 omni-

90 1063 182 1118 rnodis
199 1062 356 1133 profutura,
373 1060 449 1113 satra
466 1056 539 1112 sedis
558 1054 717 1126 apostolicae
738 1052 906 1107 auctoritate

89 1161 117 1213 ct
129 1156 355 1211 dianecsauorum
369 1153 568 1223 cpiscoporum
583 1149 720 1203 saulonien
730 1146 853 1216 justitia.
864 1145 906 1199 Ad

90 1250 226 1305 indicium
243 1252 338 1302 autern
353 1246 438 1316 liujus
452 1246 592 1315 perceptor
606 1259 623 1296 a
638 1243 765 1296 Romana
785 1237 907 1293 Ecclesia

90 1343 239 1410 libertatis,
251 1356 369 1396 aureum
383 1356 482 1405 ιιιιιιιιι,
495 1344 523 1390 ιιι
535 1342 560 1391 el
572 1351 747 1389 successores
761 1333 812 1400 tui,
827 1330 908 1386 nobis

92 1437 250 1507 nostrisque
266 1432 474 1488 successoribus
491 1431 572 1485 arrrris
590 1429 710 1499 singulis
729 1426 906 1498 persolvetis.

128 1530 156 1585 Si
173 1547 227 1601 qun
242 1529 340 1599 igitur,
358 1532 413 1580 etc.

128 1622 186 1694 Ego
200 1621 339 1676 Adrianus
352 1618 499 1673 catholiea.
515 1614 643 1671 Ecclesiae
658 1613 819 1684 episeopus.

130 1717 188 1787 Ego
205 1719 310 1768 imarus
325 1712 498 1767 Tusculanus
512 1710 671 1780 episeopus.

131 1810 189 1880 Ego
202 1807 354 1879 Gregorius
367 1804 532 1859 Sabinensis
548 1803 709 1873 episeopus.

131 1905 190 1973 Ego
204 1902 292 1957 Gnido
306 1899 401 1972 presb.
417 1897 495 1952 eard.
513 1900 545 1950 trt
559 1895 655 1951 Sancti
669 1892 862 1964 Chrysogoni.

131 1998 189 2068 Ego
205 1993 347 2049 llubaldus
359 1992 451 2064 presb.
468 1989 544 2044 eard.
559 1988 591 2043 tit
604 1991 715 2041 Sanctae
732 1986 876 2041 Proredis.

132 2090 190 2161 ligo
208 2089 330 2143 loannes
349 2084 441 2158 presb.
463 2082 542 2138 card.
565 2087 727 2136 sanctorum
751 2079 869 2133 loannis
887 2082 917 2132 et

98 2182 178 2240 l‘auli
193 2183 236 2239 tit.
254 2178 441 2239 Pammaebii,

134 2278 192 2348 Ego
216 2274 274 2332 Odo
298 2273 370 2328 diae.
395 2271 472 2326 card.
500 2269 595 2326 Sancti
617 2267 731 2339 Georgii
757 2266 792 2321 ad
818 2266 917 2320 Vatum

97 2376 310 2537 Auligiimtiuido
336 2462 406 2516 diae.
432 2459 510 2514 card.
538 2458 647 2512 Sanctae
671 2454 766 2511 Mariae
794 2454 823 2509 in
850 2456 917 2509 Por-

101 2560 169 2615 ticu.

135 2655 194 2725 Ego
218 2653 342 2707 loannes
369 2648 439 2703 diac.
465 2645 543 2701 eard.
572 2645 742 2701 Sanctorum
769 2642 860 2714 Sergii
890 2644 920 2696 et

198 2764 217 2801 ι.

105 2746 195 2911 Βῗέιι
226 2838 367 2894 Gerardus
398 2835 468 2890 diae.
506 2832 582 2889 card.
617 2834 646 2889 S.
681 2832 775 2888 biario
807 2832 835 2885 iu
870 2831 921 2885 Via

106 2936 185 2991 Lata.

140 3030 199 3098 Ego
219 3025 297 3080 Oddo
316 3023 389 3080 diae.
410 3021 488 3077 eard.
510 3021 605 3075 Sancti
623 3020 728 3075 Nicolui
751 3019 780 3073 in
801 3020 920 3073 tlareere

104 3120 243 3178 Tulliano.

141 3216 240 3270 [latum
254 3215 350 3269 llonrae
362 3210 438 3282 apud
452 3210 587 3265 Sanctum
602 3211 729 3275 Petrum,
741 3223 792 3278 per
803 3224 922 3261 rnarrurn

952 414 1013 451 reru
1037 397 1184 451 bominem
1206 413 1272 451 eom
1297 398 1356 452 suis
1378 399 1487 453 actibus
1513 398 1736 470 sequebantur,
1757 400 1785 453 ιιι

953 491 1074 561 peccatis
1089 506 1201 557 corum,
1218 490 1331 545 diabolo
1347 490 1497 559 suadente,
1515 492 1688 547 contabuit.
1707 492 1786 546 Unde

954 590 1010 637 tarn
1027 585 1054 637 ιιι
1070 584 1266 655 spiritualibus
1278 600 1366 655 quam
1381 586 1410 640 iu
1426 585 1654 657 temporalibus,
1671 586 1787 639 misera·

953 677 1048 731 bititcr
1067 678 1160 731 tuerat
1180 678 1378 733 imminutum.
1396 680 1468 735 Cum
1487 687 1589 735 autem
1618 680 1732 750 placuit
1750 680 1785 747 ei,

955 771 1003 841 qui
1015 772 1051 825 ab
1064 775 1171 826 aeterno
1183 776 1283 826 cuncta
1297 772 1429 843 disponit,
1444 774 1577 829 uitantis
1595 773 1686 827 malis
1699 774 1785 827 linem

955 865 1117 935 imponeret
1140 871 1168 919 et
1193 865 1286 919 locum
1312 867 1405 936 ipsum
1428 866 1464 921 ad
1490 866 1676 939 obsequium
1704 883 1787 921 snum

956 958 1176 1012 misericorditer
1190 966 1345 1027 revocaret,
1362 960 1447 1015 laeies
1463 962 1649 1016 eorumdem
1666 962 1785 1015 fratrum

956 1051 1077 1122 implere
1091 1051 1251 1122 ignominia
1266 1054 1362 1119 volarit,
1378 1059 1408 1108 ut
1422 1071 1473 1125 per
1489 1056 1545 1109 hoe
1564 1070 1683 1110 nomen
1704 1072 1785 1109 suurn

957 1144 1147 1215 inquirerent,
1171 1151 1199 1200 et
1222 1147 1256 1200 ad
1281 1147 1354 1200 viam
1379 1147 1559 1202 rectitudinis
1585 1148 1676 1202 inriti
1702 1150 1785 1202 etiarn

957 1242 1127 1292 remearent.
1153 1241 1209 1293 llac
1235 1239 1330 1310 itaque
1354 1241 1465 1310 justitia
1487 1248 1665 1313 praeeunte,
1690 1242 1786 1297 dilecte

959 1332 987 1385 ιιι
1003 1332 1122 1386 llonrino
1134 1333 1181 1401 tili,
1195 1336 1275 1387 Petro
1289 1334 1385 1388 abbas.
1403 1335 1555 1389 balmense
1573 1338 1785 1391 rnonasteriurn

959 1442 1023 1479 eum
1045 1426 1187 1493 omuibus,
1208 1443 1272 1497 quas
1293 1427 1321 1481 in
1343 1429 1473 1498 praesenti
1489 1429 1568 1498 juste
1595 1436 1626 1484 et
1650 1431 1785 1485 canonice

960 1519 1091 1589 possidet,
1106 1526 1155 1574 ant
1167 1520 1196 1573 in
1211 1520 1340 1575 futurum
1353 1522 1572 1577 rationabilibus
1588 1523 1700 1593 modis,
1716 1540 1782 1595 pree·

961 1614 1054 1665 stante
1083 1612 1221 1679 llornino,
1248 1614 1352 1684 poterit
1374 1614 1501 1685 adipisci,
1536 1616 1785 1687 praedeeessorum

925 1699 1137 1773 Bnostrorunr,
1153 1707 1321 1761 venerabilis
1342 1709 1487 1763 memorie
1508 1710 1637 1780 Eugeuii
1658 1719 1687 1764 et
1703 1716 1783 1765 bnas-

965 1800 1028 1852 lasii
1054 1800 1250 1854 Rornanorum
1275 1802 1423 1873 potificem
1445 1803 1574 1874 vestigiis
1599 1804 1784 1873 inhaerentes,

966 1891 1016 1946 tibi
1039 1899 1067 1947 et
1086 1895 1293 1949 successoribus
1316 1897 1381 1962 tuis,
1409 1902 1436 1951 et
1458 1913 1509 1967 per
1530 1914 1581 1952 vos
1605 1899 1784 1956 eltaniae-ensi

966 1986 1089 2041 eeclesiae
1112 1987 1139 2040 in
1162 1993 1334 2059 perpetuum
1353 1991 1566 2046 confirmamus.
1591 1992 1636 2046 Ea
1658 1993 1786 2048 videlicet

967 2079 1084 2148 ratione,
1102 2083 1132 2134 ut
1148 2082 1221 2137 tlrdo
1239 2084 1412 2139 monasticus
1435 2084 1471 2138 ibi
1487 2085 1657 2140 seeundum
1676 2088 1787 2141 institu-

967 2174 1073 2227 tionem
1101 2175 1330 2230 cluniacensium
1356 2178 1488 2245 fratrum,
1511 2178 1624 2233 iuturis
1653 2181 1785 2252 tempori-

967 2266 1020 2320 bns
1043 2267 1240 2323 inviolabiliter
1260 2274 1457 2337 conservetur3
1483 2277 1512 2325 et
1537 2288 1590 2343 pro
1620 2273 1785 2342 rebellione,

967 2363 1146 2416 contumacia
1158 2365 1187 2416 el
1201 2362 1309 2417 oll'ensa
1329 2364 1483 2419 dulmensis
1504 2368 1680 2422 monasterii
1703 2384 1787 2439 quarn

967 2455 1054 2508 abbas
1069 2461 1097 2509 et
1109 2456 1208 2509 tratres
1229 2457 1359 2511 adversus
1378 2464 1504 2513 sanctam
1523 2460 1691 2515 Rouranam
1714 2478 1787 2517 exer-

968 2552 1088 2602 cuerunt
1109 2550 1269 2617 Ecclesiam,
1288 2551 1450 2623 quicunque
1469 2554 1605 2622 regimen
1630 2556 1660 2609 in
1687 2555 1787 2610 eodem

968 2644 1030 2696 loeo
1046 2660 1096 2714 per
1109 2659 1157 2697 ros
1172 2659 1223 2714 pro
1238 2649 1368 2716 tempore
1388 2645 1554 2715 obtinuerit,
1571 2664 1731 2720 utinquam
1746 2652 1789 2704 ab

969 2736 1050 2805 batis,
1066 2737 1114 2791 sed
1131 2737 1235 2808 prioris
1249 2753 1354 2792 nomen
1375 2739 1579 2795 tautummodo
1593 2745 1745 2798 sortiatur.
1761 2744 1788 2797 ιιι

970 2830 1053 2885 bonis
1076 2835 1172 2885 autern
1197 2837 1225 2885 et
1248 2833 1472 2903 possessionibus
1493 2834 1555 2904 ejus
1579 2835 1646 2890 amc
1671 2838 1790 2908 propriis

971 2924 1102 2978 duximus
1122 2925 1307 2996 eqnimenda
1326 2926 1501 2983 nominibus.
1516 2928 1726 2986 Obedicntianr
1749 2933 1789 2985 l'i·

971 3020 1032 3073 sani
1058 3019 1234 3085 monasterii,
1259 3020 1447 3076 obedientiam
1472 3021 1507 3076 de
1535 3024 1697 3095 Strabone,
1726 3027 1789 3080 obe.-

972 3113 1110 3168 dienlianr
1137 3115 1172 3168 de
1200 3114 1383 3168 tirnndilonte
1414 3131 1476 3169 cum
1507 3119 1692 3187 appendiciis
1720 3120 1790 3187 suis,

972 3207 1163 3261 obedientiam
1190 3207 1225 3262 de
1253 3208 1340 3262 Gelda
1369 3225 1434 3262 cum
1462 3210 1645 3282 appendiciis
1672 3214 1741 3279 stris,
1767 3222 1791 3268 et

104 3308 236 3373 llolaurli,
256 3311 358 3361 surreiae
379 3307 512 3359 licinianos
534 3303 662 3357 eeclesia».
684 3300 839 3373 presbyteri
860 3317 921 3355 car·
974 3301 1121 3355 eeclesiam
1144 3304 1170 3355 S.
1198 3302 1375 3372 leodegarii,
1401 3318 1465 3373 quae
1492 3311 1534 3359 est
1561 3305 1591 3358 iu
1622 3308 1703 3373 villa,
1731 3324 1792 3379 quac

104 3402 208 3459 dinalis
221 3408 249 3455 et
260 3398 431 3464 carretellarii,
446 3399 526 3452 nonis
545 3397 617 3463 binii,
640 3395 795 3450 indictione
812 3411 851 3462 m,
876 3396 922 3448 ln·
975 3395 1112 3448 ltavirrans
1130 3394 1270 3465 [diciturl;
1287 3396 1433 3450 ecclesiam
1448 3397 1482 3450 de
1502 3398 1628 3468 beliaco,
1645 3401 1794 3456 ecelesiam

103 3496 277 3553 minutionis
291 3493 442 3549 llorrrinieoe
458 3508 533 3545 anno
557 3494 633 3555 tnrzr,
657 3490 839 3561 pernitieatus
855 3505 924 3543 rero
975 3488 1010 3541 de
1030 3489 1126 3542 triton
1146 3490 1456 3555 llostauni,eeclesian1
1479 3491 1514 3545 de
1535 3492 1555 3545 F
1558 3496 1689 3564 ragiaeo,
1711 3499 1795 3551 eccle·

104 3591 212 3647 domini
229 3588 342 3645 Adriani
357 3604 439 3659 papas
455 3588 498 3652 lV,
514 3603 588 3639 anno
604 3585 709 3656 primo.

470 3694 558 3748 xatV.

105 3794 185 3848 Petro
209 3791 302 3845 obtriti
324 3788 497 3844 Cluninecnst'
520 3793 546 3840 et
570 3786 625 3854 ejus
650 3786 846 3840 strceessorituts
868 3799 925 3839 rno-

303 3870 454 3924 nosterium
468 3867 608 3920 Brrlrnensc
624 3869 728 3919 tesserae.

269 3950 387 4021 (Itomae,
404 3964 450 4019 ap.
465 3950 493 4003 S.
508 3949 634 4013 Petrum,
648 3946 712 4001 Maii
725 3946 765 4015 7.)

294 4042 431 4115 [biblioth.
449 4041 584 4103 Cluniae..
602 4056 631 4111 p.
651 4040 738 4113 tttsq

144 4143 282 4193 Annianus
309 4136 467 4206 episeopus,
495 4150 592 4188 serens
621 4149 767 4188 servornm
795 4133 854 4199 nei,
884 4132 927 4187 di·

110 4234 182 4288 leetn
207 4230 266 4285 tilio
296 4229 323 4283 in
351 4228 461 4283 Christo
491 4228 578 4282 Perno
606 4226 784 4282 cluniacensi
814 4226 928 4296 abbati,

110 4327 228 4398 ejusque
258 4322 466 4379 successoribus
495 4321 631 4375 canonice
664 4320 871 4376 substituendis
900 4320 930 4375 in

112 4425 297 4493 perpetuum.

147 4512 273 4568 Gloriosa
297 4513 326 4566 ct
347 4510 520 4565 admirabilis
542 4508 643 4564 divinar
669 4509 848 4580 providentia
870 4526 929 4564 rna-

109 4608 228 4681 J'estatis,
243 4606 278 4661 nd
300 4606 353 4660 hoe
374 4604 498 4679 diversos
518 4602 625 4674 gradus
647 4606 675 4657 et
694 4602 808 4658 ordines
828 4604 857 4658 in
878 4604 929 4657 Ee-

112 4701 198 4758 clesia
218 4717 268 4755 sua
286 4698 442 4765 constituit,
469 4704 499 4752 ut
520 4696 589 4751 dnm
607 4696 757 4751 interiores
776 4698 930 4769 superiori-

111 4797 165 4851 bns
192 4794 316 4850 debitam
342 4792 535 4847 obedientiam
553 4794 583 4845 et
603 4790 792 4845 reverentiam
819 4792 933 4848 exbibe-

113 4895 188 4960 rent,
206 4905 262 4943 nna
277 4888 358 4942 lieret
375 4902 409 4941 ex
429 4885 591 4940 diversitate
615 4885 761 4952 connexio,
775 4891 803 4940 et
822 4885 933 4940 ordina-

113 4984 208 5039 biliter
223 4984 373 5053 gereretur
393 4976 550 5034 ciliciorum
566 4977 815 5033 administratione
834 4979 933 5050 singu-

114 5079 219 5132 lorum.
241 5075 320 5132 Sicut
340 5076 435 5128 autem
453 5072 503 5127 lilii
522 5071 692 5127 obedientiae
708 5072 734 5126 in
751 5072 814 5126 sinu
836 5074 934 5128 matris

115 5170 246 5228 Ecclesia.
276 5168 407 5239 gratiosae
438 5166 640 5223 consolationis
669 5166 805 5222 uberibus
833 5168 932 5223 conio·

114 5263 199 5319 vendi
226 5270 301 5329 suut,
328 5262 366 5318 ito
390 5262 510 5317 rebelles
536 5267 564 5316 et
587 5261 665 5329 elati,
692 5259 741 5331 qui
766 5276 815 5332 per
835 5261 932 5317 inobe-

116 5357 254 5413 dientiam
273 5373 364 5423 suam,
387 5355 465 5428 qnasi
486 5357 636 5427 peecatum
658 5352 797 5410 ariolandi
820 5361 848 5411 et
869 5355 933 5410 ido-

116 5449 238 5507 lolatriae
261 5450 351 5504 scelus
374 5448 540 5517 incurrunt,
563 5447 721 5504 severitatis
741 5448 934 5505 ecclesmstieaa

117 5541 276 5614 disciplinis
305 5546 371 5597 sunt
398 5543 569 5599 arctioribus
596 5543 756 5599 coercendi.
788 5543 936 5599 lialrnense

117 5637 214 5710 itaque
228 5636 445 5704 monasterium,
461 5637 535 5707 qnod
554 5653 604 5707 per
619 5637 720 5691 tratres
739 5636 845 5692 ibidem
864 5654 934 5694 eon·

119 5738 261 5811 gregatos,
278 5733 307 5786 et
326 5729 413 5787 odore
431 5729 514 5785 bonae
528 5730 669 5803 opinionis
684 5734 713 5785 et
728 5730 871 5805 religionis
885 5730 934 5789 de·

975 3583 1046 3635 eiam
1060 3582 1095 3636 de
1112 3583 1253 3651 Vudriuco,
1269 3585 1417 3638 eeclesiam
1434 3587 1467 3639 de
1481 3587 1635 3642 llontibus.
1651 3588 1794 3645 Obedieu·

977 3676 1043 3730 tiam
1073 3677 1100 3730 S.
1130 3677 1257 3742 lauteni,
1285 3678 1474 3732 obedientiam
1504 3680 1538 3734 de
1569 3681 1705 3738 Breriaco
1732 3700 1795 3739 eum

977 3770 1111 3824 omnibus
1129 3770 1305 3841 appendiciis
1324 3772 1392 3840 suis,
1410 3773 1545 3827 Bnornaur
1561 3775 1590 3828 ιιι
1609 3776 1674 3847 ipso
1694 3777 1795 3850 burgo,

978 3864 1169 3919 obedientiam
1192 3865 1443 3930 tlaraniaeeusem,
1466 3867 1664 3925 obedientiam
1684 3871 1722 3926 de
1744 3874 1796 3927 Po·

978 3961 1087 4016 loniaeo
1107 3978 1172 4016 curn
1193 3963 1324 4017 omnibus
1344 3964 1519 4034 appendiciis
1536 3967 1610 4036 suis,
1634 3975 1665 4024 et
1685 3970 1798 4042 Capella

978 4060 1007 4115 S.
1033 4061 1136 4115 Savini.
1160 4062 1226 4114 Tres
1250 4061 1406 4132 burgenses
1424 4062 1454 4116 in
1476 4062 1569 4135 burgo
1591 4064 1732 4137 bedonis,
1752 4072 1798 4141 qui

978 4160 1114 4208 vocantur
1127 4155 1282 4210 ll'unirant.
1298 4156 1493 4210 Obedientiam
1510 4156 1545 4212 de
1562 4160 1644 4230 bola,
1660 4161 1797 4219 obedieu-

980 4249 1047 4302 tiam
1066 4249 1101 4303 de
1121 4250 1273 4318 decrerunt,
1289 4249 1478 4305 obedientiam
1499 4250 1528 4307 S.
1547 4242 1710 4323 Maurieini,
1732 4259 1798 4312 obe-

980 4340 1120 4398 dientiam
1145 4343 1179 4397 de
1205 4346 1353 4413 Saoneres,
1379 4346 1569 4402 obedientiam
1592 4348 1629 4403 dc
1654 4352 1798 4419 bivillaco,

939 4435 1172 4517 Dobedientiam
1191 4437 1219 4493 S.
1233 4439 1360 4509 Agnetis,
1382 4440 1573 4495 obedientiam
1587 4440 1625 4497 de
1641 4444 1671 4498 la
1692 4447 1798 4513 Fracte,

981 4529 1173 4585 obedientiam
1184 4531 1219 4585 de
1232 4532 1336 4599 llrrnet,
1350 4534 1540 4589 obedientiam
1556 4533 1593 4590 de
1606 4538 1701 4594 Ponte
1715 4541 1800 4596 arleti

982 4640 1047 4678 euni
1062 4640 1158 4678 earum
1173 4626 1358 4697 appendiciis,
1374 4635 1401 4683 et
1416 4644 1481 4683 cunr
1497 4630 1616 4685 eeclesia
1631 4634 1668 4687 cle
1682 4636 1798 4704 Pinetis,

983 4723 1132 4779 ecclesiam
1144 4725 1179 4778 de
1191 4725 1346 4793 blaterans,
1357 4727 1505 4782 ecelesiam
1516 4729 1550 4784 de
1562 4730 1664 4785 Wilari
1674 4734 1799 4803 Rodnlli,

982 4823 1176 4878 obedientiam
1191 4825 1225 4877 de
1236 4825 1363 4895 tlapella3
1377 4827 1567 4882 obedientiam
1580 4830 1616 4884 de
1631 4832 1800 4902 Siuziciaco,

983 4940 1049 4977 cum
1075 4923 1255 4995 pertinentiis
1280 4942 1388 4981 earum.
1411 4926 1564 4981 Ecclesiam
1593 4929 1628 4985 de
1656 4932 1800 5002 Coruaro,

983 5021 1129 5074 ecelesiam
1152 5022 1187 5076 do
1207 5023 1328 5089 corlant,
1345 5024 1493 5079 eeclesiam
1514 5027 1547 5080 de
1564 5028 1630 5099 Fay,
1647 5047 1715 5085 eum
1731 5033 1803 5088 dcci-

983 5120 1037 5172 mis
1054 5122 1083 5173 ct
1098 5135 1198 5174 earuru
1219 5123 1409 5193 appendiciis3
1433 5124 1581 5180 ecelesiam
1601 5125 1638 5183 de
1662 5130 1803 5187 l'reboaus

984 5237 1049 5275 cum
1064 5220 1180 5275 decimis
1201 5222 1268 5290 suis,
1288 5221 1481 5278 obedientiam
1499 5225 1527 5279 S.
1548 5226 1726 5286 Rauneberti
1739 5248 1803 5289 eum

984 5322 1162 5393 appendiciis
1175 5322 1242 5376 suis.

1020 5422 1203 5477 ltecernimus
1212 5439 1283 5494 ergo
1295 5428 1324 5479 ut
1339 5427 1410 5481 nulli
1419 5428 1537 5484 omniuo
1550 5428 1709 5489 hominum
1721 5433 1806 5490 liceat

984 5523 1136 5595 prretatum
1165 5525 1372 5580 ruouasterium
1399 5532 1509 5583 umere
1536 5530 1730 5605 perturbare,
1755 5536 1806 5591 aut

985 5622 1048 5693 ejus
1062 5622 1253 5695 possessiones
1270 5625 1393 5695 auterre,
1408 5628 1451 5683 rel
1464 5628 1572 5685 ιιιιιιιιιιε
1589 5634 1731 5705 retinere,
1749 5635 1805 5691 mi-

986 5745 1094 5802 nuere,
1121 5734 1172 5787 aut
1196 5732 1338 5805 aliquibus
1361 5734 1554 5794 rambonibus
1578 5736 1725 5815 fatigare,
1753 5740 1806 5801 sed
