3750 6046
145 199 214 257 1003

840 208 1012 267 aaasrasll
1032 211 1065 266 lt*
1085 206 1181 267 PAPAE

1755 206 1819 263 loll

143 327 269 383 sontibus
281 328 391 400 scriptis
414 328 590 401 iujungimus
604 334 745 402 ‹piraterrus
757 348 816 388 rona
839 350 904 389 cum
923 352 956 391 eo
967 338 1083 421 Alibia
1096 339 1224 393 Romano
1234 335 1367 409 pontilice
1376 336 1577 408 injunguntur,
1591 348 1711 405 semper
1722 330 1822 389 debeas

143 421 280 493 quidquid
304 440 392 495 usqne
413 424 448 479 ael
471 426 524 480 hirc
538 430 649 497 tempus
660 427 694 481 de
705 444 790 481 censu
803 428 864 499 ipso
886 431 957 484 doti·
1006 431 1152 487 sollicitior
1167 432 1297 486 inveniri.
1312 431 1387 487 Scire
1403 430 1482 485 enim
1496 430 1582 484 debes
1594 430 1708 500 quanio
1725 442 1821 484 amore

143 515 244 571 nnistis
257 517 391 588 predicto
410 519 505 574 abbati
521 521 669 575 restituere
691 523 857 591 procuretis,
884 523 957 579 etde

145 615 247 665 cartoro
260 626 376 666 censum
385 612 479 682 ipsum
490 613 516 667 ei
530 613 603 669 sicul
617 615 684 669 olim
699 615 774 670 inter
786 617 958 671 morrastoria

143 709 239 759 restra
252 708 437 760 constitutum
452 723 513 761 esse
528 707 714 777 dignoscitur,
729 709 791 763 sine
803 710 959 766 contradic·

146 797 223 852 lione
237 798 334 869 aliqua
348 800 522 869 persolvatis.
538 801 569 855 si
591 817 657 857 rere
673 802 747 857 inira
766 804 958 875 qnadraginta

61 918 67 929 ·
146 891 207 945 dies
221 907 257 947 ex
272 908 329 963 quo
340 893 427 947 abbas
441 897 534 948 vester
545 894 582 948 ad
592 912 640 949 vos
654 897 841 968 repedaverit,
856 914 959 953 census

147 985 207 1056 ipse
222 1002 295 1057 saepe
318 986 377 1041 lato
389 986 486 1042 abbati
502 1005 559 1043 raon
580 991 666 1044 luerit
680 1008 698 1044 a
712 990 790 1045 rubis
806 1008 870 1045 cum
885 992 957 1047 iute-

146 1080 250 1149 gritate
263 1079 381 1147 solutus,
396 1087 498 1136 extimo
512 1087 539 1136 et
548 1083 637 1137 rosal)
648 1083 747 1139 oilleiis
757 1085 856 1139 restris
866 1091 961 1139 auclo-

145 1171 230 1227 ritate
245 1178 339 1227 nostra
358 1191 511 1245 suspensos
525 1180 553 1231 ct
572 1177 601 1231 ln
621 1182 714 1233 restro
736 1179 908 1234 morrasterio
921 1179 960 1234 di·

146 1266 212 1320 rina
226 1266 319 1321 ollicla
329 1269 464 1323 noveritis
479 1269 639 1326 interdicta.

184 1360 285 1415 Datum
300 1362 441 1431 Laterani,
456 1380 502 1418 rm
517 1364 583 1419 ldus
597 1365 770 1420 Decembris.

534 1504 577 1559 Kl.

146 1616 192 1671 dd
204 1616 313 1669 Petram
323 1616 512 1671 llitun'censem
525 1615 764 1687 ‹archiepiscopam
780 1650 814 1659 -
824 1623 856 1676 Ul
867 1621 961 1675 alrbuti

181 1697 275 1751 Srrncli
292 1697 413 1763 lltonpsii
427 1698 553 1750 reslr'taul
566 1698 704 1752 ecelesiam
717 1700 749 1753 rte
763 1699 834 1754 (lusa
849 1701 1000 1790 Majort,B

183 1786 206 1830 ct
222 1776 291 1828 botta
303 1776 427 1841 defuncti
444 1776 680 1845 urclnpresbpleri.
697 1784 780 1848 protrt
795 1780 829 1834 ab
843 1782 962 1848 Ragonio

181 1871 257 1926 prope
275 1857 355 1911 senet
368 1862 393 1910 et
408 1856 522 1911 secaado
534 1859 653 1913 irroratus
667 1860 768 1925 suerat.

417 1967 567 2037 (Laterani,
578 1969 641 2023 Dec.
659 1972 695 2039 7.)

313 2082 355 2151 ΙΙ).
372 2084 510 2153 Burouar,
530 2086 646 2154 llccaeil,
658 2086 711 2155 xl,
728 2087 803 2157 libii]

184 2226 351 2275 Asssrssrrs
361 2220 519 2289 episcopus,
535 2236 631 2274 serrus
644 2237 790 2275 serrorum
802 2221 863 2290 Dei,
876 2238 961 2277 renc-

149 2313 232 2368 rabili
246 2312 324 2368 fratri
335 2314 423 2367 Darrro
438 2313 604 2368 bituricensi
618 2315 962 2387 archiepiscoposalutom

151 2414 180 2462 et
195 2408 379 2479 apostolicam
392 2406 629 2462 benedictionem.

186 2502 240 2555 Nos
256 2499 397 2554 credimus
412 2501 488 2571 quod
503 2502 625 2573 suscepti
641 2503 818 2573 pontilicatus
837 2504 963 2560 officium

151 2596 190 2649 ita
205 2598 231 2648 tc
242 2594 412 2649 obedientiae
425 2596 584 2665 apostolicae
598 2596 671 2651 sedis
681 2598 823 2665 astrinxit,
837 2603 866 2653 ut
881 2602 963 2669 tiri-pe

151 2688 200 2743 libi
216 2689 250 2743 sit
263 2693 291 2742 et
315 2688 496 2743 inhonestum
516 2706 601 2759 super
623 2691 724 2745 eadem
738 2708 770 2745 rc
785 2692 906 2747 secundo
920 2693 963 2748 rel

152 2782 235 2837 lertio
273 2783 440 2837 mandatum
469 2783 587 2838 llomani
616 2784 754 2853 pontilicis
789 2790 967 2857 exspectare.

151 2876 374 2931 l'eniensautom
386 2876 420 2929 nd
430 2882 555 2931 nostrum
568 2878 748 2948 promentiam
758 2879 876 2934 dilectus
888 2881 965 2935 lilius

152 2976 248 3024 noster
263 2969 324 3024 Ddo
337 2969 423 3023 abbas
435 2971 605 3025 verrer·abilis
627 2973 792 3027 monasterii
809 2974 839 3029 S.
857 2973 960 3045 Diony·

1007 531 1035 582 et
1045 526 1194 597 diligentia
1206 531 1400 581 antecessores
1412 523 1502 579 nostri
1528 540 1574 578 res
1585 525 1616 579 D.
1634 520 1767 593 Dionysii
1782 524 1823 577 tu·

1009 622 1147 689 tarerunt,
1171 619 1289 674 scientes
1314 618 1391 689 qrrod
1421 622 1523 688 potem
1548 622 1592 671 est
1619 616 1680 683 illa,
1715 614 1825 685 inquam

1010 713 1039 766 ll.
1066 713 1222 784 Dionysius,
1236 729 1289 785 pro
1312 712 1367 767 illis
1390 712 1556 766 nouaclum
1569 710 1666 765 multa
1686 708 1824 775 coulerre,

1008 822 1108 861 verum
1121 807 1208 861 etiarn
1221 807 1310 862 multo
1325 806 1464 877 ampliora
1477 805 1531 860 illis
1543 803 1736 860 contribuere
1751 800 1828 857 booe-

1008 900 1081 955 licia.
1096 902 1171 969 Erga
1185 901 1261 973 qnod
1275 901 1373 957 devote
1387 900 1616 969 compleverunt,
1630 903 1660 952 tu
1671 912 1825 969 proamore
1867 886 1869 907 '

1009 995 1060 1049 Del
1075 999 1104 1049 et
1118 994 1190 1048 tanti
1204 994 1346 1065 martyris,
1364 1010 1397 1048 ac
1410 1009 1461 1064 pro
1475 993 1567 1048 saluto
1577 992 1688 1046 animas
1703 990 1826 1058 trimod-

1009 1088 1129 1159 implero
1145 1106 1181 1142 no
1205 1087 1308 1155 tardes,
1331 1103 1452 1158 qumque
1462 1085 1535 1157 juris
1546 1085 1640 1140 riustri
1652 1090 1736 1153 sunl,
1751 1082 1824 1139 uallis

1009 1182 1224 1236 restituerenon
1234 1182 1363 1236 desistas.
1373 1180 1448 1235 Nulli
1458 1196 1529 1251 ergo
1543 1178 1667 1234 omnino
1680 1176 1825 1233 hominum

1010 1276 1050 1329 las
1065 1275 1101 1330 sit
1122 1276 1194 1330 banc
1218 1280 1343 1329 nostram
1369 1274 1505 1345 pagiuam
1525 1278 1637 1329 temere
1651 1272 1825 1343 perturbare,

1010 1370 1052 1424 rol
1068 1370 1094 1423 ei
1116 1386 1184 1423 ausu
1203 1370 1357 1424 temerario
1373 1368 1524 1423 contraire.
1552 1367 1581 1422 Si
1605 1365 1673 1437 quis
1694 1380 1762 1419 rero
1781 1366 1826 1419 lruc

1009 1463 1201 1531 attentaverit,
1215 1463 1285 1517 iram
1296 1462 1344 1517 Dei
1357 1469 1383 1517 et
1393 1462 1542 1517 bealorum
1554 1458 1760 1532 apostolorum
1772 1460 1825 1529 ejus

1010 1557 1084 1611 Petri
1100 1562 1128 1611 ot
1145 1556 1221 1611 Pauli
1235 1574 1264 1610 se
1278 1556 1388 1611 noverit
1401 1556 1594 1610 incursurum.

1047 1652 1149 1705 Datum
1161 1650 1302 1717 laterani,
1318 1666 1354 1705 rn
1364 1650 1426 1704 ldus
1436 1648 1611 1705 Decembris.

1391 1790 1446 1843 llll.

1135 1893 1310 1962 Prioilegiam
1323 1908 1373 1962 pro
1392 1892 1509 1947 canobio
1521 1893 1550 1947 S.
1566 1892 1709 1959 Dionysii.

1279 2008 1431 2079 (laterani,
1442 2009 1505 2063 Dee.
1517 2009 1556 2077 8.)

1121 2103 1270 2173 quereres,
1291 2105 1359 2157 llist.
1376 2102 1409 2157 dc
1427 2102 1624 2171 Sciret-Derras,
1645 2100 1726 2171 loa]

1048 2222 1214 2274 dussrasms
1228 2218 1387 2289 episeopus,
1408 2234 1504 2271 serrus
1521 2232 1675 2272 serrorum
1705 2216 1765 2283 Dei,
1787 2215 1822 2271 dl·

1013 2313 1090 2367 lectis
1105 2312 1169 2366 liliis
1182 2314 1268 2367 Onosr
1283 2312 1376 2366 abbati
1391 2311 1487 2366 Sancti
1498 2310 1625 2381 Dionysii
1640 2310 1765 2381 ejusque
1775 2308 1821 2363 lra-

1013 2406 1105 2461 lribus
1119 2406 1237 2460 salntem
1253 2413 1280 2460 el
1294 2406 1481 2476 apostolicam
1494 2404 1746 2459 benedictionem.

1049 2500 1166 2564 Quoties
1188 2500 1235 2554 illu
1260 2501 1428 2555 eoulirmnre
1452 2498 1535 2553 alicui
1555 2498 1747 2553 ecelesiarum
1770 2514 1823 2568 qua

1012 2595 1088 2667 juste
1111 2612 1143 2649 ac
1167 2593 1371 2649 rationabiliter
1385 2591 1514 2665 possidet
1527 2592 1723 2663 postulantur,
1737 2591 1822 2646 animo

1013 2706 1065 2743 tros
1080 2689 1210 2743 corrrenil
1223 2688 1323 2743 libenti
1345 2686 1499 2741 concedere
1521 2702 1554 2739 ac
1578 2685 1745 2755 petentium
1760 2684 1822 2739 desi·

1016 2782 1102 2837 dariis
1119 2798 1279 2853 congruum
1305 2779 1444 2851 impertiri
1467 2795 1649 2845 consensum,
1667 2796 1704 2833 ne
1727 2778 1821 2833 silorte

1015 2878 1045 2931 in
1063 2876 1178 2931 tuitione
1193 2891 1307 2930 sunrmn
1325 2890 1420 2929 rerum
1447 2877 1576 2927 nostrum
1592 2874 1620 2927 ei
1637 2872 1820 2943 patrocinium

1014 2970 1225 3041 negarerirnus,
1245 2970 1281 3023 ad
1305 2967 1467 3040 diripienda
1481 2966 1559 3022 botta
1582 2966 1775 3021 ecclesiastica
1788 2966 1822 3019 lo·

150 3063 195 3131 sii,
211 3063 361 3119 audientiae
375 3070 480 3119 nostrae
495 3065 634 3136 suggessit
653 3070 793 3137 qrratenns
815 3084 880 3122 cum
893 3069 963 3123 olim
974 3090 1001 3164 C
1014 3081 1077 3119 crim
1095 3064 1162 3118 dare
1177 3079 1328 3135 prarorum
1344 3062 1478 3127 audaciae,
1494 3061 1538 3115 cui
1551 3061 1645 3131 potius
1659 3062 1753 3115 nostri
1766 3076 1822 3113 cou-

151 3162 185 3215 ad
209 3159 306 3214 sedem
333 3159 517 3230 apostolicam
541 3160 683 3214 statuisset
707 3162 854 3228 accedere,
879 3168 909 3217 tu
937 3163 963 3217 ei

151 3253 300 3309 crrtlesiam
318 3252 353 3307 de
371 3254 438 3307 Casa
459 3253 564 3324 lllajori,
584 3260 733 3325 postquam
753 3255 807 3309 iter
829 3256 964 3310 reniondi

152 3347 281 3418 arripuit,
303 3346 459 3415 abstulisti3
486 3353 602 3401 etcum
625 3348 853 3420 archipresbyter
876 3350 964 3421 ipsius

152 3440 276 3495 rrcclosire
289 3440 347 3513 (spui
356 3440 469 3513 quando
479 3458 577 3496 curam
588 3442 648 3511 ejus
662 3443 786 3515 suscepit
798 3445 963 3515 regendam,

154 3536 283 3589 unirorsu
302 3552 366 3606 qum
393 3552 526 3607 processu
552 3536 686 3607 temporis
711 3537 749 3591 ibi
770 3538 962 3608 conqrrireret,

154 3629 248 3684 eidem
265 3628 391 3684 eeclesiae
416 3629 520 3685 dicitur
542 3631 706 3701 contulisse)
730 3632 804 3685 riam
828 3632 965 3687 universae

153 3724 245 3778 carnis
260 3723 357 3778 luisset
381 3723 533 3793 ingressus,
549 3725 646 3778 ornnia
670 3725 746 3779 bona
767 3726 827 3795 ejus
850 3725 879 3780 in
902 3729 966 3781 tuos

154 3833 221 3872 tastis
234 3817 405 3888 applicuisti,
429 3822 457 3871 et
469 3834 534 3872 cum
548 3818 638 3872 l'elieis
657 3819 804 3873 memoriae
819 3836 891 3891 papa
908 3822 961 3875 En-

154 3911 255 3979 grnius
280 3909 471 3981 prraedecessor
486 3916 591 3975 noster,
608 3912 644 3965 do
658 3911 742 3983 hujus
770 3913 834 3969 lacti
848 3930 963 3983 correp-

155 4006 230 4058 tione
256 4004 380 4058 secundo
402 4003 463 4071 libi,
491 4004 563 4058 sicut
587 4004 692 4059 dictum
716 4009 769 4071 est,
786 4022 837 4061 sna
862 4006 966 4076 scripta

154 4096 354 4163 transmiserit,
379 4097 486 4151 nullam
512 4099 724 4153 exsecutionem
747 4099 889 4154 mandatis
904 4100 966 4171 ejus

154 4191 287 4245 ernaristi
311 4190 449 4245 hactenns
476 4191 666 4246 conmrodarc.
692 4194 781 4263 Super
805 4209 861 4263 quo
888 4196 966 4247 lanta

153 4285 275 4355 amplius
287 4284 473 4353 aduncatum,
485 4290 589 4355 quanto
604 4285 696 4356 magis
710 4304 726 4339 a
739 4286 840 4340 sentila
847 4287 966 4357 justitiae

154 4383 182 4434 lc
196 4376 333 4449 conspicis
344 4378 475 4433 deviasse.
490 4378 592 4445 Quare,
611 4380 690 4434 omrai
701 4380 893 4435 commotione
908 4397 963 4435 ees

1014 3157 1339 3213 sideratioresistcudum
1351 3154 1649 3225 admonclrideamur.
1663 3155 1824 3225 Eapropter,

1014 3251 1106 3307 dilecti
1119 3252 1149 3305 in
1165 3250 1285 3305 Domino
1301 3249 1360 3315 lilii,
1375 3248 1465 3319 quieti
1475 3254 1504 3301 ct
1515 3246 1631 3302 utilitati
1644 3250 1750 3302 vestre
1763 3263 1820 3317 pro·

1014 3346 1110 3400 ridere
1124 3344 1251 3398 volentes
1268 3342 1435 3398 auctoritate
1450 3341 1602 3414 apostolica
1622 3340 1705 3395 robis
1732 3339 1824 3395 cuulir·

1016 3456 1126 3494 mamus
1141 3444 1324 3510 personatum
1352 3436 1470 3501 l'illiaci,
1496 3434 1645 3490 eeclesiam
1677 3435 1715 3490 dc
1736 3434 1822 3491 Calm-

1015 3538 1110 3587 morale
1125 3536 1153 3587 et
1179 3532 1328 3587 Ecclesiam
1349 3531 1385 3585 dc
1407 3529 1542 3601 cergiaco
1558 3529 1592 3583 ad
1604 3530 1653 3599 Jns
1669 3528 1757 3584 rostri
1769 3543 1822 3583 mo·

1016 3628 1131 3681 naslerii
1151 3627 1335 3697 pertinentes.
1364 3626 1503 3680 Praeterea
1526 3622 1654 3678 ecclesia
1675 3629 1775 3679 restra
1795 3620 1824 3677 do

1015 3721 1146 3777 Corlrolio
1173 3720 1315 3775 decimam
1338 3717 1492 3791 quamdam
1519 3718 1548 3771 in
1573 3716 1730 3773 Chamoila
1750 3730 1826 3789 quam

1017 3814 1186 3870 venerabilis
1200 3816 1286 3868 lraler
1302 3817 1397 3867 noster
1406 3813 1487 3883 llugo
1500 3810 1679 3867 senonensis
1695 3808 1825 3881 archiepi-

1016 3925 1119 3980 scopus
1131 3908 1291 3962 rationabili
1301 3908 1325 3961 oi
1339 3905 1521 3977 dispositione
1534 3904 1686 3961 coracessit.
1702 3905 1827 3960 Ecclesiae

1017 4006 1113 4058 autem
1140 4006 1241 4056 restrae
1267 4002 1303 4056 dc
1326 4000 1403 4055 Valle
1418 3999 1562 4055 Cressonis
1587 3998 1734 4053 decimam
1750 3997 1829 4069 ipsius

1016 4098 1090 4151 villae
1116 4095 1301 4150 nibilominus
1331 4094 1531 4149 coulirnramus
1557 4096 1587 4147 et
1612 4094 1786 4147 inconcussa
1806 4090 1829 4145 ei

1017 4191 1096 4245 ornui
1120 4197 1249 4261 tempore
1265 4189 1444 4245 decernimus
1463 4203 1649 4259 permanere.
1669 4188 1746 4242 Nulli
1766 4200 1828 4257 ergo

1017 4283 1135 4339 cumino
1166 4283 1315 4338 bominum
1347 4284 1391 4337 las
1422 4282 1458 4335 sit
1491 4281 1565 4335 banc
1591 4286 1701 4338 nostrae
1732 4281 1829 4336 conlit-

1018 4378 1151 4433 matianis
1164 4379 1299 4449 pagiuam
1312 4378 1480 4447 infringere,
1494 4375 1537 4429 rel
1552 4376 1577 4429 ei
1591 4391 1663 4429 ausu
1679 4374 1830 4430 tentatorie

154 4473 287 4539 sauledo
302 4472 388 4543 ipsius
400 4472 574 4527 correctione
588 4472 704 4528 deberes
718 4473 883 4545 vigilantius
891 4461 1003 4546 cogi-D
1016 4472 1166 4528 contraire.
1183 4472 1212 4527 Si
1234 4472 1296 4543 quis
1309 4476 1405 4526 autem
1416 4471 1470 4525 lroo
1482 4474 1627 4525 ostentare
1639 4484 1828 4540 praesumpse-

153 4574 225 4623 turc.
241 4566 295 4624 Sed
310 4566 377 4638 quia
390 4565 522 4621 duritiam
537 4566 620 4621 istam
634 4566 668 4621 ad
684 4584 794 4639 eaquae
810 4572 886 4623 recta
902 4571 968 4622 sunt

153 4679 205 4718 nos
218 4664 328 4732 oportet
342 4661 444 4715 sallem
471 4661 499 4714 in
520 4660 622 4715 virtute
645 4662 798 4733 apostolica
820 4663 966 4731 inclinare,

153 4755 402 4826 liblpraesentium
424 4756 591 4810 auctoritato
618 4756 786 4811 nrarrdamus
813 4762 966 4828 quatenns,

154 4850 177 4906 si
198 4850 317 4923 querela
339 4849 400 4919 eius
429 4848 554 4903 veritalis
583 4848 684 4905 ordine
722 4867 779 4905 non
810 4851 966 4920 discordat,

156 4946 185 4999 ot
198 4942 346 4999 ecclesiam
359 4946 390 4997 et
401 4941 538 5013 quidquid
554 4942 590 4997 de
605 4942 688 4998 rebus
702 4944 837 4999 antedicti
850 4944 966 5017 presby-

155 5037 207 5093 tcri
234 5038 262 5093 iu
278 5036 394 5093 senilis
409 5036 538 5107 ejusdem
562 5037 688 5093 ecelesia
712 5038 867 5109 acquisitis,
888 5039 924 5093 ad
941 5042 967 5093 te

156 5132 311 5200 dernuerit,
335 5146 409 5202 saepae
434 5130 508 5186 dicto
533 5131 629 5187 abbati
654 5133 743 5203 digna
767 5133 968 5188 emendatione

156 5232 184 5281 el
208 5226 397 5281 satisfactione
419 5227 561 5292 restituas,
588 5230 617 5281 et
637 5244 702 5299 quat
728 5228 821 5281 ablata
839 5228 966 5295 luemmt,

155 5321 249 5375 cirtam
264 5320 349 5373 iacias
360 5335 427 5374 cum
440 5320 603 5391 integritate
620 5321 744 5389 restitni3
760 5321 915 5391 diligenter
928 5326 969 5375 al·

155 5413 276 5469 tondens
297 5418 329 5469 ul
351 5428 405 5467 nec
425 5412 487 5484 ipse
509 5413 539 5467 in
560 5414 677 5469 auribus
696 5416 798 5471 nostris
819 5430 906 5486 super
925 5414 969 5469 his

156 5506 361 5579 querimoniam
386 5506 506 5563 ulterius
528 5508 672 5579 deponere
693 5509 890 5579 compellatur,
915 5524 969 5563 nec

1018 4567 1064 4636 rit,
1087 4566 1316 4638 indignationem
1337 4562 1543 4635 ounupotentis
1564 4561 1616 4617 Dei
1630 4568 1659 4617 et
1682 4563 1830 4618 beatorum

1017 4661 1093 4715 Petri
1107 4664 1136 4715 et
1147 4660 1225 4715 Pauli
1249 4659 1441 4730 apostolorum
1456 4658 1516 4727 ejus
1529 4673 1559 4712 so
1574 4656 1692 4713 noverit
1705 4658 1830 4711 incurso·

1019 4771 1092 4809 rum.

1054 4849 1157 4903 Datum
1173 4847 1312 4914 Laterani,
1329 4862 1354 4899 rr
1367 4843 1544 4901 Decembris.

1387 4986 1456 5042 xlll.

1017 5098 1129 5166 Pacifico
1150 5095 1243 5151 abbati
1262 5095 1423 5150 Bricellenst
1444 5095 1537 5151 Serrcli
1560 5092 1670 5149 cenosa
1691 5092 1833 5165 privilegia

1283 5178 1398 5246 ‹rntiqaa
1417 5176 1565 5243 williriaci.

1286 5291 1438 5365 (laterani,
1453 5293 1516 5347 Dec.
1529 5290 1568 5362 a.)

1161 5389 1325 5459 [tinnirent
1342 5388 1437 5457 Antip.
1457 5386 1533 5447 ltut„
1545 5384 1577 5453 v,
1600 5384 1694 5459 rma}

1054 5511 1226 5563 Auasrasnzs
1249 5505 1408 5577 episcopus,
1430 5518 1528 5559 servus
1543 5518 1696 5559 servorum
1719 5502 1833 5571 Dei,di·

146 5601 318 5657 nosr'lcrato
331 5600 383 5655 tibi
404 5600 510 5673 scripto
523 5606 622 5657 nosbu
641 5602 836 5659 transmittare
864 5601 967 5658 debeo·
1017 5601 1090 5657 lecto
1103 5600 1161 5656 lilio
1186 5602 1312 5655 Perrrrco
1338 5598 1434 5654 abbati
1449 5595 1615 5653 monasterii
1639 5596 1831 5665 Brixellomie,

126 5710 205 5751 rrius.
215 5694 359 5769 Alioquin
381 5696 420 5753 ds
431 5696 501 5771 [liae
521 5696 686 5755 mollienda
712 5698 824 5757 duritia
843 5697 939 5757 taliter
958 5714 978 5755 a
1025 5695 1145 5769 eiusque
1161 5694 1297 5749 iratribus
1314 5696 1379 5747 tam
1396 5690 1586 5761 praesentibus
1614 5706 1705 5763 quam
1730 5690 1831 5749 futuris

61 5852 72 5867 ο
103 5788 195 5847 nahra
212 5791 339 5849 noveris
359 5792 563 5869 cogitandum
589 5801 623 5853 ut
647 5798 684 5855 ad
707 5796 902 5873 exsequenda
918 5810 988 5871 queo
1035 5791 1207 5865 regularem
1215 5786 1308 5842 sitam
1318 5782 1454 5855 protestis
1463 5782 1693 5851 inparatam.
