3750 6046
105 182 157 242 483
776 176 937 242 abnueret
954 182 1087 242 vttntrs
1729 186 1780 249 tat

106 312 200 368 Sancti
220 313 295 368 Patri
315 302 505 384 apostoloram
527 312 673 386 principis,
694 328 782 385 quam
801 313 860 386 ipse
881 328 916 369 ex
927 325 954 399 Α
967 313 1257 386 contigere,quoram
1271 322 1388 370 nomina
1400 313 1568 389 singillatim
1582 314 1783 389 proterre,ant

106 406 246 478 lapidibus
265 406 461 475 edificaverat,
481 407 510 463 in
531 423 596 464 saxo
616 422 777 463 marmoreo
797 408 916 463 miritice
966 423 1018 479 pro
1038 407 1158 475 inscitia,
1179 409 1316 481 quoniam
1338 409 1437 465 omnia
1460 409 1532 466 mihi
1553 426 1613 466 non
1635 417 1782 483 comperta

106 500 231 571 sepultus
245 504 295 556 est.
311 500 362 556 Ubi
381 517 471 574 usqne
490 501 520 556 in
536 500 708 557 hodiernum
721 501 796 557 diem
814 501 918 557 diversi
966 505 1041 569 sunt,
1058 502 1168 572 omitto,
1182 507 1231 557 aut
1249 519 1302 574 pro
1318 503 1405 558 nimia
1425 503 1588 575 prolixitate
1604 503 1782 562 fastidientia

106 600 242 649 curantur
265 595 428 667 languores,
456 598 494 663 et,
519 597 676 667 praestante
701 594 749 667 pio
774 595 917 651 salvatore
965 594 1116 666 minusque
1128 595 1290 651 necessaria
1302 598 1443 667 protelare
1457 597 1543 653 rerba
1557 597 1672 654 omitto.

105 691 213 759 nostro,
232 688 416 745 merentibus
436 688 609 760 proveniunt
627 689 851 757 consolationes;
870 689 916 745 cui
1002 689 1039 743 tie
1062 687 1186 744 adventu
1209 689 1440 745 Narmannorum
1467 694 1495 746 et
1519 689 1626 747 crudeli
1651 690 1782 748 barbarie

106 788 149 838 cst
170 784 264 839 honor
285 788 313 839 et
333 786 468 856 potestas,
491 798 549 837 una
571 798 636 837 cum
659 782 740 837 Patra
762 787 792 838 et
810 782 916 854 Spirrtu
966 781 1081 837 illorum
1110 782 1200 849 liudo,
1230 783 1469 840 veromandensis
1497 784 1631 854 decanus,
1657 784 1784 842 studiose

105 880 212 945 sancto,
228 877 387 949 peremnia
400 875 500 931 saecula
515 876 694 931 seculorum.
710 879 812 932 amen.
965 875 1086 946 scripsit,
1102 880 1130 931 et
1144 876 1284 932 Richardo
1299 879 1338 944 ll;
1354 877 1525 934 Gunnoridis
1537 879 1609 948 titio,
1627 878 1695 934 duci
1712 881 1781 935 Nor-

141 971 210 1028 Eccc
232 971 318 1025 vitam
344 969 432 1024 sancti
459 969 551 1024 Patris
576 969 683 1025 Ebrulll
706 971 843 1026 veraciter
865 971 914 1025 dc·
965 985 1145 1039 mannorum,
1166 970 1327 1025 destinavit.
1350 971 1516 1027 Guillelmus
1535 987 1652 1045 quoque
1673 987 1780 1045 cogno-

105 1064 213 1136 scripsi,
230 1077 361 1134 eamque,
376 1061 448 1118 sicut
461 1079 479 1117 a
494 1061 634 1134 prioribus
651 1063 726 1118 edita
743 1068 794 1131 est,
808 1062 915 1119 idcirco
965 1064 1064 1118 mento
1078 1063 1216 1132 Calculus,
1228 1063 1458 1119 Gemmeticenais
1474 1064 1643 1135 monachus,
1656 1065 1781 1122 Dardanis

104 1157 172 1213 huic
185 1157 320 1228 opusculo
335 1156 487 1227 diligenter
500 1156 617 1225 inserui,
633 1159 664 1211 nt
677 1157 838 1229 legentibus
852 1173 915 1229 pro·
965 1155 1118 1211 materiam
1139 1155 1280 1212 subtiliter
1300 1157 1455 1230 replicarit,
1475 1157 1568 1214 facete
1591 1157 1781 1229 abbreviavit,

104 1251 139 1306 sit
164 1250 236 1306 tanti
259 1249 362 1305 notitia
385 1249 506 1321 patroni,
529 1249 702 1321 Dominoque
725 1250 781 1306 [tao
806 1250 916 1322 placeat
965 1254 1199 1304 etsuccessorum
1215 1254 1394 1322 acturusque
1408 1252 1445 1307 ad
1459 1249 1667 1325 subjectionem
1680 1254 1781 1326 anglo

104 1360 186 1400 meus
199 1343 278 1399 labor
295 1349 324 1399 et
340 1343 468 1410 allectus,
482 1343 531 1416 qui
544 1349 643 1416 satago
658 1343 808 1416 propalare
820 1344 914 1400 nutri·
965 1358 1030 1397 rum
1042 1343 1153 1415 adJecit,
1170 1348 1233 1415 post
1249 1351 1395 1399 certamen
1407 1345 1570 1401 senlacium
1583 1346 1780 1403 narrationem

103 1438 173 1495 toris
193 1436 254 1493 mci
272 1437 411 1509 gloriosos
430 1442 518 1505 actus,
532 1437 568 1493 ad
587 1436 701 1492 laudem
719 1436 793 1493 illius
812 1437 841 1492 in
857 1453 914 1510 quo
964 1452 1046 1492 suam
1067 1438 1284 1508 consummavit,
1306 1438 1511 1511 Guillelmoque
1535 1439 1607 1513 regi,
1633 1439 1777 1497 sublimis·

102 1531 233 1600 avimus,
247 1547 400 1586 moremur
411 1534 441 1586 et
452 1546 560 1587 sumus.
965 1530 1037 1585 simo
1052 1547 1110 1586 suae
1128 1532 1232 1603 gentis,
1250 1530 1362 1588 obtulit.
1376 1532 1437 1605 ligo
1457 1536 1566 1602 autem,
1580 1533 1656 1589 sicut
1675 1533 1725 1590 alii
1746 1534 1780 1591 de

156 1633 186 1690 χ,
209 1635 362 1692 obscurem,
386 1634 515 1690 vaoenia
536 1634 655 1689 hierom
670 1636 732 1705 poor
750 1640 862 1692 moisem
964 1623 1133 1679 sublimibus
1146 1625 1213 1680 locis
1227 1625 1262 1680 ad
1276 1625 1409 1681 sublimes
1421 1638 1556 1698 personas
1573 1625 1711 1684 sublimia
1723 1628 1780 1683 edi·

195 1716 588 1783 nemorumnemorum
602 1714 827 1785 depredationes.
924 1713 1077 1786 Bderunt,
1093 1723 1121 1774 et
1134 1734 1179 1773 res
1196 1733 1316 1791 magnas
1334 1719 1485 1792 magnifice
1501 1718 1590 1793 gratis
1602 1722 1777 1790 extulerant,

137 1816 243 1873 Verum
263 1833 297 1872 ex
312 1833 368 1888 qno
382 1816 518 1888 praefatus
535 1816 620 1872 heros
637 1816 747 1872 transiit
761 1833 777 1872 e
793 1816 911 1884 mundo,
962 1826 1061 1866 eorum
1079 1811 1210 1884 exemplo
1229 1816 1407 1884 provocatus,
1422 1812 1459 1869 ad
1477 1812 1569 1869 simile
1589 1814 1720 1870 studium
1735 1832 1777 1871 as·

30 1906 33 1912 “
102 1910 152 1984 qui
163 1911 207 1965 rel
223 1916 292 1982 quot
304 1925 480 1965 successores
491 1909 533 1964 illi
547 1909 664 1965 luerunt
676 1925 728 1981 per
740 1924 808 1966 cccc
821 1924 913 1965 annos
961 1920 1057 1975 surgo,
1071 1908 1100 1960 et
1114 1905 1238 1976 plurima
1247 1906 1422 1978 jamdudum
1436 1905 1539 1962 dictari
1551 1906 1588 1962 do
1602 1908 1776 1964 monasterio

100 2004 131 2060 iu
154 2004 277 2060 Uticensi
299 2003 508 2071 coenobiacae
531 2003 627 2075 quales
648 2005 764 2059 eventus
786 2003 910 2075 portule·
961 1997 992 2052 in
1011 1996 1132 2054 Uticensi
1153 1998 1236 2068 saltu,
1255 2004 1382 2071 temporo
1402 1999 1547 2055 Guillelmi
1568 1999 1661 2069 ducis,
1680 2006 1778 2073 postea

101 2097 159 2152 rint
170 2096 356 2169 provinciales
369 2096 412 2153 rel
425 2095 581 2164 coenobita,
592 2097 706 2168 penitus
719 2096 832 2168 ignoro.
843 2097 912 2151 Nam
961 2091 1048 2163 regis,
1067 2091 1222 2148 honorifice
1242 2096 1408 2149 restaurato.
1424 2092 1498 2149 Nihil
1520 2093 1627 2166 quippe
1646 2094 1682 2150 de
1701 2095 1776 2150 anti·

101 2190 286 2263 subsequenti
305 2193 445 2261 ternpore,
465 2189 538 2245 sicut
554 2189 615 2261 jam
634 2189 663 2245 in
683 2189 825 2262 plerisque
843 2190 912 2246 locis
961 2184 1025 2257 quis
1039 2186 1214 2256 temporibus
1227 2191 1290 2258 post
1301 2188 1454 2243 transitum
1466 2186 1558 2243 Patris
1569 2187 1679 2243 libmlti
1692 2188 1777 2261 scrip·

100 2284 225 2356 pleniter
239 2284 368 2350 enodari,
386 2282 488 2354 pirate
508 2282 544 2338 de
565 2282 647 2339 ltaeia
667 2284 774 2354 agressi
793 2288 867 2352 sunt,
883 2287 913 2339 et
961 2280 1023 2334 tum
1051 2279 1177 2351 reperire
1208 2280 1302 2351 potui,
1328 2280 1448 2352 ideoque
1475 2279 1619 2352 precipuo
1650 2281 1776 2338 conabor

100 2378 180 2450 prius
194 2378 327 2449 hastingo
341 2377 469 2445 ductore,
485 2393 517 2432 ac
537 2376 723 2450 postmodum
742 2377 867 2446 lioltone,
880 2377 911 2433 in
960 2371 1062 2427 litteris
1081 2373 1216 2428 mandare
1237 2389 1300 2445 quae
1318 2372 1507 2429 asenioribus
1526 2373 1632 2442 audiri,
1653 2374 1776 2446 qualiter

100 2470 259 2526 Neustriam
280 2476 431 2539 venerunt,
450 2473 478 2525 et
496 2470 663 2527 Christiane
683 2470 748 2527 tidei
766 2470 911 2543 divinique
960 2481 1062 2537 corpus
1074 2467 1165 2522 sancti
1179 2467 1345 2522 confessoris
1356 2467 1392 2522 de
1405 2467 1468 2524 loco
1482 2482 1533 2522 suo
1547 2468 1721 2525 translatum
1735 2472 1775 2523 est

100 2564 193 2621 cultus
213 2565 318 2637 ignari,
342 2580 428 2637 super
448 2563 564 2619 lidclom
586 2564 724 2636 populum
746 2564 912 2620 immaniter
960 2558 1266 2616 librullt.l.ectiuncula
1275 2552 1418 2633 siquidem
1428 2561 1572 2635 reperitur
1580 2561 1658 2633 apud
1672 2561 1775 2618 llesba·

99 2656 263 2716 debacchcti
285 2663 360 2715 sunt.
384 2657 556 2713 Noviomum
575 2655 663 2731 ¹atque
687 2659 909 2731 Rothomagum,
961 2669 1036 2720 cum,
1061 2668 1149 2725 quarn
1167 2669 1225 2709 non
1243 2654 1312 2709 satis
1330 2653 1469 2726 approbo,
1487 2653 1564 2710 edita
1581 2654 1722 2711 nimirum
1738 2655 1772 2711 ab

98 2755 226 2826 almoque
248 2752 350 2808 multos
370 2751 456 2807 arboe
474 2756 502 2807 et
523 2750 630 2823 oppida
649 2751 780 2824 vicosque
800 2768 911 2808 concie.
960 2749 1075 2802 auclore
1089 2746 1200 2818 ignaro,
1215 2747 1261 2803 cui
1273 2763 1332 2803 non
1344 2747 1438 2819 plene,
1453 2749 1485 2802 ut
1496 2747 1607 2819 opinor,
1622 2747 1717 2819 patuit
1730 2764 1772 2804 re·

98 2852 259 2915 macerant,
269 2844 396 2902 coenobia
406 2845 496 2900 multa
505 2843 617 2916 ingenti
627 2844 765 2917 religione
776 2845 909 2917 pollentia
960 2855 1025 2895 rum
1040 2845 1068 2895 et
1085 2844 1247 2911 temporum
1262 2841 1411 2897 certitudo.
1425 2841 1543 2911 Oportet
1559 2856 1631 2913 ergo
1647 2845 1691 2910 ut,
1707 2841 1776 2897 dum

100 2943 311 3009 destruxerunt,
327 2939 479 3011 pluresque
498 2938 657 2995 innumeris
671 2939 795 2995 cedibus
813 2939 909 3010 regio·
958 2933 1073 2989 alterius
1090 2934 1220 2989 relationi
1235 2949 1293 2989 non
1306 2934 1496 3006 acquiescam,
1513 2933 1583 2990 illud
1604 2933 1682 3006 quod
1696 2951 1713 2990 a
1729 2951 1773 2991 ac·

99 3051 152 3092 nes
165 3034 322 3090 admodum
337 3034 488 3089 devastatae
502 3037 579 3100 sunt,
594 3037 622 3088 et
638 3032 744 3105 iugatis
763 3034 806 3088 vel
825 3032 909 3088 inter·
959 3026 1085 3082 mantus
1101 3026 1243 3099 indigenis
1258 3026 1330 3083 [ttici
1349 3026 1508 3098 didicerim,
1524 3027 1649 3084 evidenti
1663 3029 1771 3101 scripto

98 3130 181 3186 tectis
200 3126 308 3197 incolis,
325 3125 451 3183 civitates
471 3129 500 3181 ct
520 3126 592 3181 villae
610 3126 641 3181 in
660 3125 841 3182 solitudinem
863 3143 909 3182 re·
920 3095 948 3171 C
960 3120 1103 3190 detexam,
1116 3120 1241 3192 qualiter
1253 3125 1282 3176 et
1294 3121 1406 3194 quaudo
1418 3121 1599 3193 l'rancigenae
1620 3122 1776 3194 pretiosam

99 3224 187 3280 dactae
205 3224 281 3279 sunt.
295 3222 327 3277 ln
344 3223 424 3276 unm
437 3219 609 3276 desolatione
627 3219 751 3276 inermes
766 3220 909 3289 monachi,
959 3213 1127 3271 venerahilis
1141 3213 1249 3270 lihrulfi
1263 3215 1438 3271 obtinuerint
1453 3214 1579 3288 glebam.

98 3318 166 3391 qnid
181 3318 306 3372 lacerent
320 3314 417 3384 nescii,
434 3330 509 3386 saepe
522 3316 756 3370 contremuerunt
763 3332 772 3384 ;
784 3314 814 3369 in
828 3313 911 3370 mise·
958 3321 1002 3379 x1,
1025 3321 1160 3390 Quomodo
1181 3328 1207 3377 et
1228 3322 1337 3393 quondo
1356 3324 1456 3379 Franci
1476 3323 1601 3393 retectis
1620 3323 1652 3380 li.
1673 3323 1776 3394 librali

96 3410 149 3469 riis
162 3409 270 3477 afflicti,
285 3408 383 3464 sedulo
398 3409 510 3480 ploratu
527 3407 617 3463 dolori
635 3423 686 3462 suo
702 3407 908 3477 satisfecerunt,
1277 3404 1360 3473 potiti
1380 3406 1452 3457 sant.

97 3504 243 3575 finemque
274 3517 356 3558 suum
384 3502 414 3556 in
444 3500 558 3557 latebris
587 3505 732 3572 gementes
757 3501 911 3572 praestolati
994 3505 1078 3559 llnno
1101 3503 1137 3559 ab
1166 3504 1365 3561 lncarnatione
1390 3503 1504 3560 llomini
1527 3506 1591 3574 943,
1618 3510 1770 3579 postquam

97 3602 173 3655 sunl.
190 3597 310 3663 Quidam
330 3612 397 3651 vero
418 3593 625 3650 intolerabilem
646 3593 835 3650 harbarorum
852 3595 908 3650 im·
958 3598 1104 3666 breulius,
1124 3598 1302 3654 Flandreusis
1323 3601 1445 3670 satrapa,
1467 3596 1651 3655 Guillelmum
1670 3598 1772 3656 ducem

96 3693 263 3750 manitatem
285 3693 456 3757 metuentes,
477 3688 513 3744 ad
535 3692 632 3744 extera
653 3704 742 3759 regna
763 3688 908 3760 ingerunt,
959 3691 1197 3762 Narmannorum,
1215 3694 1404 3764 cognomento
1425 3690 1702 3764 Longam-Spalam,
1722 3709 1775 3766 par

95 3786 146 3843 ubi
167 3800 346 3859 paganorum
368 3781 477 3839 bellicas
498 3781 570 3838 vires
593 3782 719 3837 nondam
741 3782 907 3854 attigerant.
958 3784 1152 3857 proditionem
1165 3785 1278 3853 occidit,
1293 3788 1322 3842 et
1334 3784 1491 3840 llichacdus
1504 3784 1684 3858 sprotaides,
1698 3785 1775 3843 lilius

96 3881 224 3954 Corpora
237 3893 350 3951 qaoque
368 3882 481 3948 patrum
501 3890 618 3931 suorum
638 3891 734 3931 saarim
755 3875 907 3931 transtule·
958 3875 1019 3950 ejus
1032 3878 1173 3949 decennis,
1188 3879 1322 3935 ducatum
1337 3879 1520 3936 Narmannire
1532 3880 1665 3953 suscepit,
1681 3879 1774 3937 homi·

95 3980 174 4043 runt,
193 3988 315 4045 quorum
336 3970 441 4025 animae
460 3972 582 4042 regnant
601 3984 666 4024 cum
686 3984 752 4041 rege
771 3968 907 4038 Sabaoth,
957 3971 1095 4046 uiamque
1107 3977 1135 4029 et
1149 3971 1314 4029 fidelitatem
1328 3977 1499 4030 cunctorum
1516 3974 1692 4046 optimatum
1706 3979 1771 4030 anta

96 4068 141 4123 cui
159 4066 257 4122 devote
275 4065 305 4119 in
323 4064 377 4119 hoc
391 4063 494 4118 seculo
511 4061 679 4117 servierunt.
694 4061 804 4133 Scripta
821 4061 908 4118 ctiam
956 4065 1153 4122 humationem
1170 4066 1258 4139 patris
1277 4067 1448 4140 Rothomagi
1464 4066 1581 4139 accepit,
1600 4067 1771 4140 ludovicus,

97 4161 133 4217 de
152 4160 237 4232 gestis
253 4157 419 4213 eorumdem
434 4157 562 4224 Petrum,
582 4160 611 4212 et
629 4156 664 4212 de
681 4155 908 4228 possessionibus
956 4174 1005 4215 rex
1021 4160 1204 4232 Francorum,
1218 4165 1409 4233 cognomento
1423 4157 1641 4230 Ultramarinus,
1655 4161 1688 4217 in
1702 4162 1770 4218 lior·

96 4254 288 4322 eeclesiarum,
308 4267 372 4324 quas
392 4253 422 4304 ct
439 4254 553 4324 quanta
573 4248 689 4318 fuerint,
712 4249 786 4305 cela
804 4249 907 4322 quibus
956 4254 1189 4310 manniamcum
1208 4254 1440 4325 exercitaverit,
1462 4269 1645 4328 puerumque
1668 4255 1772 4311 ducam

96 4347 182 4417 deice,
201 4345 315 4419 fugitivi
335 4360 432 4401 secum
452 4359 574 4416 peregre
594 4348 815 4416 asportaverant,
835 4359 905 4416 quo·
955 4363 1052 4404 aecum
1070 4348 1267 4404 iratrdnlentar
1287 4348 1459 4405 laudunum
1481 4347 1572 4419 duxit,
1587 4348 1641 4405 snb
1656 4346 1771 4421 jureju-

48 4427 51 4433 Δ
94 4459 160 4499 rum
175 4457 313 4514 magnam
328 4444 441 4513 partem
455 4442 496 4495 tot
510 4436 760 4511 perturbationum
774 4438 906 4510 procellae
914 4463 945 4538 D
956 4442 1045 4498 rando
1055 4441 1489 4516 Narmannispromittenaqaod
1500 4441 1668 4498 eumreluti
1679 4441 1770 4500 lilium

92 4542 263 4609 rapuerunt,
278 4551 353 4608 quae,
370 4533 443 4607 prob
462 4533 556 4589 dolori
576 4532 606 4588 in
628 4531 716 4588 tantis
734 4532 906 4589 motionibus
955 4551 1039 4592 suum
1060 4536 1205 4604 educaret,
1224 4536 1311 4593 acad
1331 4536 1488 4608 regendam
1508 4535 1721 4608 rempublicam
1740 4537 1770 4593 in

93 4633 152 4688 lam
164 4629 329 4704 periculosis
340 4627 564 4701 irreparabiliter
576 4627 688 4699 perdita
700 4629 775 4682 sunt.
954 4629 1018 4685 aula
1031 4629 1120 4702 regali
1135 4629 1270 4686 erudiret.
1284 4631 1388 4686 Varum
1407 4645 1452 4686 res
1466 4629 1535 4686 alios
1551 4628 1643 4686 exitus
1656 4629 1769 4701 habuit,

129 4727 187 4781 lloc
209 4724 348 4781 nimirum
372 4722 608 4779 Gemmeticcnses
632 4725 661 4776 et
684 4720 906 4776 Fontincllenses
954 4722 1110 4778 ludovicus
1132 4723 1207 4779 enirn
1230 4739 1291 4793 rex,
1313 4723 1447 4779 instinctu
1469 4723 1580 4779 Arnulti
1600 4723 1768 4796 proditoria,

91 4820 229 4886 iecerunt,
243 4817 373 4890 tristique
392 4815 546 4872 infortunio
559 4814 707 4887 praeventi,
721 4813 815 4870 ablata
829 4831 903 4870 nun·
955 4815 1081 4871 decrevit
1093 4816 1243 4888 praefatum
1259 4833 1380 4888 puerum
1397 4817 1535 4886 occidere,
1551 4816 1596 4872 rel
1614 4817 1771 4891 amputatis

92 4928 181 4986 mam
195 4915 422 4984 reportaverunt.
438 4908 676 4965 Gemmeticcnses
693 4908 771 4964 enim
786 4923 906 4980 corpora
954 4908 1093 4965 membris
1108 4910 1148 4965 ita
1161 4908 1311 4966 debilitare
1325 4913 1357 4965 ut
1371 4926 1430 4967 non
1447 4914 1543 4983 posset
1556 4910 1679 4967 suerrus
1691 4926 1771 4968 mma

92 5010 254 5063 sanctorum
269 5004 396 5076 lingonis
408 5002 622 5075 archicpiscopi,
638 5006 666 5057 et
678 5000 809 5057 aichadri
823 5000 905 5057 abba·
954 5007 1077 5075 gestare.
1097 5004 1154 5058 lloc
1175 5003 1271 5075 itaqua
1290 5010 1322 5061 ut
1339 5004 1510 5074 Oamundus,
1530 5003 1611 5077 pueri
1632 5003 1770 5079 paedago-

91 5098 129 5155 tis
153 5100 257 5170 ltaspaa
280 5097 584 5168 transtuleruntque
608 5094 637 5150 in
664 5095 775 5151 scriniis
796 5096 903 5167 pretio·
954 5113 1017 5170 gns,
1038 5112 1090 5169 per
1114 5098 1230 5155 lvoncm
1254 5099 1289 5154 de
1311 5087 1453 5167 credolio,
1477 5097 1554 5171 regia
1575 5096 1770 5164 balistarium,

92 5192 131 5250 sis
160 5193 377 5248 &mararenses
408 5194 438 5247 et
462 5189 662 5246 atrebatenses
693 5188 794 5245 incola
824 5205 902 5245 rere·
954 5191 1082 5264 agnovit,
1100 5208 1136 5248 cx
1157 5192 1297 5248 industria
1316 5192 1342 5248 ei
1360 5195 1392 5247 ut
1411 5191 1557 5248 intirmum
1575 5206 1606 5249 aa
1623 5192 1772 5251 ambierat

91 5290 189 5344 renter
208 5301 298 5357 usqne
319 5284 402 5341 hodie
424 5287 539 5340 serrant
558 5287 587 5339 et
604 5283 746 5338 excolunt.
765 5280 906 5338 Fontinel·
952 5286 1101 5358 persuasit,
1125 5283 1313 5358 simulataque
1334 5285 1500 5343 infirmitate
1521 5285 1653 5343 custodes
1674 5286 1772 5343 minas

90 5381 185 5438 leneas
208 5378 396 5436 nihilomiuus
420 5377 553 5450 reliquias
577 5381 741 5433 maclarum
762 5374 903 5432 contesso-
954 5379 1086 5436 sollicitos
1099 5379 1233 5436 reddidit.

89 5491 155 5531 rum
179 5472 380 5547 wandregisili
400 5471 521 5541 abbatis,
541 5470 676 5527 ausberti
695 5473 725 5526 et
744 5469 904 5526 Wuliranni
990 5473 1120 5539 Quadam
1138 5472 1196 5543 die,
1215 5473 1284 5529 dum
1303 5488 1354 5529 rex
1371 5475 1506 5544 coenamt,
1525 5475 1556 5528 et
1573 5473 1772 5548 namquhqne

89 5568 364 5644 archiepiscoporum
374 5566 502 5625 Gandam
514 5566 715 5639 portaverunts
725 5564 905 5637 querulan-
953 5565 1008 5623 ribi
1021 5566 1066 5623 rel
1081 5567 1138 5623 suis
1153 5566 1303 5623 commoda
1318 5568 1494 5640 procuraret,
1509 5565 1677 5625 (ismundus
1686 5566 1771 5625 taam-

88 5663 170 5721 dritis
189 5680 279 5738 usqne
298 5662 329 5718 in
351 5660 524 5718 hodiernum
547 5657 622 5714 diem
643 5663 770 5727 serrata,
790 5673 904 5730 magna
953 5659 1050 5718 cnlum
1074 5660 1171 5718 viridia
1192 5660 1288 5717 herbe
1308 5660 1361 5718 sihi
1386 5660 1467 5732 emit,
1489 5660 1521 5717 in
1544 5660 1650 5719 turrim
1674 5664 1769 5719 mabr-

84 5758 197 5816 ibidem
222 5754 399 5815 venerationi
425 5758 503 5811 sont.
527 5751 667 5809 Similiter
688 5751 751 5809 aliia
775 5750 904 5825 pluribus
953 5754 999 5822 lit,
1009 5753 1170 5828 ducemque
1180 5753 1353 5813 Richmdum
1368 5752 1773 5815 minuemusuaceaueas
