3750 6046
124 206 176 262 623
810 196 971 257 caueatur
991 194 1120 255 vivatis
1751 196 1801 252 624

125 332 239 388 feritate
261 330 410 403 superbus,
430 346 512 402 pares
534 325 716 402 despiciebat,
742 331 771 384 et
788 330 939 402 superiori·
949 344 976 416 Α
988 330 1122 397 substitit,
1138 332 1167 384 et
1180 328 1300 399 prmialo
1317 327 1423 384 barone
1439 326 1595 394 indicante,
1611 327 1688 399 quod
1704 329 1734 383 et
1754 327 1803 398 qni

125 425 180 481 bus
204 430 414 498 optemperare,
437 442 511 480 vana
538 424 707 480 ventositate
729 424 869 494 turgidus,
898 424 937 479 in·
988 424 1103 478 fuerant
1117 422 1284 495 proditores,
1299 424 1426 495 agnovit.

127 520 246 591 dignum
270 519 449 575 autumabat.
473 521 540 575 Erat
561 518 637 574 enim
663 534 782 590 corpore
806 533 938 589 magnus,
1026 517 1241 588 betrrsisitaque
1256 516 1375 586 sicariis,
1391 515 1439 588 qui
1456 532 1553 588 regern
1569 515 1699 572 occidere
1713 515 1805 569 moliti

126 612 218 680 fortis,
239 613 322 686 niger
342 617 370 668 et
393 612 532 684 hispidus,
556 611 650 667 audax
670 615 700 667 et
722 610 846 679 dolosus,
861 611 940 667 vultu
991 618 1066 676 sunt,
1090 616 1207 665 armatae
1229 611 1383 681 phalanges
1405 626 1540 682 prospere
1559 611 1621 665 loca
1636 608 1805 664 insidiarum

127 707 216 762 tristis
229 723 261 761 ac
277 723 399 762 severus.
417 708 479 761 Plus
498 705 628 761 irreditari
641 721 726 777 quam
747 705 824 776 loqui
843 705 939 761 stude·
991 705 1230 775 pertransierunt,
1257 710 1284 759 et
1311 704 1533 759 munitissimum
1561 707 1704 772 castrum,
1732 702 1807 774 quod

76 830 79 836 ·
125 800 184 870 bat,
201 805 231 855 et
245 801 291 856 vix
307 801 337 856 in
351 799 579 856 contabulatione
600 799 718 854 ridebat.
739 800 788 854 llic
805 799 941 853 nimirum
992 797 1183 867 babbenburg
1203 797 1320 864 dicitur,
1344 796 1527 852 obsederunt.
1549 797 1582 851 El
1604 796 1741 867 quoniam
1762 795 1809 850 illa

127 910 230 952 cccxxx
243 895 322 949 villas
334 895 364 949 in
377 893 478 965 anglia
491 892 665 964 possidebat,
680 909 750 964 quas
762 892 941 959 Guillelmus,
994 891 1113 945 munitio
1124 889 1351 962 inexpugnabilis
1364 894 1434 959 erat,
1447 890 1512 960 quia
1525 888 1728 945 inaccessibilis
1737 888 1810 943 side·

128 1005 177 1043 rex
202 1006 333 1058 magnus,
357 986 513 1053 Goisfredo,
535 985 776 1042 Constantiniensi
797 986 942 1056 episcopo,
993 983 1078 1039 batur
1090 990 1206 1055 propter
1217 984 1335 1055 paludes
1349 990 1377 1038 et
1389 1000 1489 1054 aquas,
1505 989 1532 1038 et
1544 983 1599 1037 alia
1611 981 1750 1054 quaedam
1764 981 1810 1036 iti·

129 1083 255 1138 dederat.
276 1081 410 1136 Praelutus
432 1080 509 1136 enirn
525 1081 628 1151 presul
650 1080 799 1136 nobilitate
815 1079 942 1148 cluebat,
994 1077 1319 1142 nerantibuscontraria,
1331 1077 1435 1148 quibus
1447 1076 1637 1143 ambiebatur,
1647 1093 1695 1130 rex
1707 1092 1811 1131 novem

129 1174 278 1246 magisque
299 1173 403 1246 peritia
424 1173 539 1229 militari
567 1191 655 1246 quam
678 1173 799 1229 clericali
820 1160 947 1244 vigebat,
995 1171 1182 1226 munitionem
1198 1170 1442 1226 addetensionem
1462 1170 1625 1241 provinciae,
1641 1176 1671 1224 et
1685 1176 1810 1225 coarcta·

130 1269 249 1340 ideoque
263 1268 396 1323 loricatos
412 1267 514 1323 milites
528 1267 564 1323 ad
576 1268 748 1335 bellandam,
765 1284 851 1338 quam
865 1283 943 1322 reve·
995 1265 1103 1319 tionem
1122 1265 1248 1320 hostium
1269 1264 1433 1332 construxit,
1456 1268 1484 1319 el
1503 1264 1653 1331 militibus,
1673 1262 1763 1318 armis
1782 1280 1813 1318 ac

131 1363 213 1417 stilos
233 1362 351 1417 clericos
374 1361 409 1416 ad
426 1361 603 1433 psallendum
620 1361 713 1432 magis
735 1361 846 1416 erudire
862 1376 944 1415 nove·
995 1358 1165 1414 victualibus
1177 1359 1314 1430 implerit.
1330 1357 1441 1414 Conscii
1455 1362 1552 1413 erilem
1567 1357 1697 1429 pertidiae
1713 1363 1743 1413 et
1755 1358 1814 1412 lan-

132 1461 185 1511 rat.
202 1454 386 1511 conflictibus
402 1471 471 1527 ergo
491 1457 590 1510 contra
608 1456 694 1511 Dacos
708 1460 736 1509 et
749 1455 852 1526 hnglos
870 1470 946 1527 saepe
996 1454 1073 1507 tores
1088 1468 1197 1519 eorum,
1212 1451 1307 1523 delegi
1322 1451 1680 1520 verentes,conticuerunt,
1692 1453 1724 1506 et
1736 1453 1813 1506 melu

132 1549 273 1617 interluit,
297 1554 326 1605 et
348 1549 480 1620 ingentes
501 1548 624 1603 subactis
646 1547 772 1603 hostibus
794 1548 947 1618 possessio·
997 1562 1165 1617 exsangues,
1181 1546 1246 1618 quia
1266 1552 1382 1602 conatus
1401 1562 1465 1600 suos
1484 1545 1554 1601 nihil
1573 1546 1667 1600 valere
1688 1560 1813 1617 perpen-

134 1659 184 1698 nes
203 1643 337 1711 obtinuit,
359 1659 429 1713 quas
448 1641 572 1697 moriens
591 1640 745 1710 liudberto,
766 1641 864 1713 nepoti
884 1657 947 1711 suo,
998 1640 1112 1707 derunt,
1135 1638 1220 1710 regiis
1237 1639 1400 1695 cohortibus
1420 1638 1549 1706 immisti,
1571 1638 1633 1709 ejus
1654 1637 1814 1706 servitium,

133 1736 230 1792 comiti
245 1735 549 1804 Nordanbimbrorum,
563 1734 681 1791 dimisit.
959 1716 1079 1805 Bqu‘ns
1100 1734 1206 1790 exitum
1229 1736 1410 1806 optaverant,
1433 1738 1566 1805 prompte
1590 1731 1719 1805 aggressi
1741 1737 1816 1786 sunt.

170 1829 326 1885 Radbertus
346 1833 458 1897 autem,
478 1831 510 1883 ut
529 1828 601 1884 lines
621 1845 687 1884 suos
705 1828 833 1899 undique
855 1828 951 1883 dilata·
1001 1829 1120 1896 interea,
1135 1827 1204 1882 dum
1224 1844 1272 1882 rex
1290 1827 1318 1881 in
1338 1826 1423 1882 armis
1443 1843 1509 1882 cum
1529 1825 1693 1899 agminibus
1711 1825 1771 1881 suis
1783 1825 1818 1881 ad

135 1929 188 1991 ret,
198 1922 380 1979 etditissimis
390 1921 642 1978 contubernalibus
650 1921 788 1978 affinitate
799 1925 949 1995 polentam
1000 1921 1107 1976 bellurn
1130 1925 1278 1993 promptus
1297 1922 1449 1988 constaret,
1464 1926 1493 1976 et
1511 1920 1682 1975 chiliarchos
1703 1936 1737 1975 ac
1755 1936 1819 1975 cen·

136 2016 188 2072 sibi
205 2016 343 2088 copulatis
357 2016 510 2083 robustior,
525 2015 615 2071 ardua
630 2019 761 2085 tentaret,
775 2016 950 2085 Mathildem,
1001 2018 1136 2083 teriones,
1159 2015 1284 2088 aliosque
1308 2030 1438 2087 proceres
1460 2014 1594 2083 bibionis,
1610 2030 1676 2069 eum
1698 2013 1819 2069 subditis

138 2127 307 2183 generosam
322 2109 474 2181 virginem,
486 2109 573 2164 filiam
585 2109 706 2165 ltichcrii
717 2109 752 2165 de
765 2110 952 2182 Aquilamao·
1001 2110 1054 2164 sibi
1074 2108 1213 2181 plebibus,
1235 2109 1314 2181 operi
1335 2125 1414 2164 norae
1433 2107 1601 2163 munitionis
1621 2108 1820 2163 indesinenter

138 2221 200 2260 rem
216 2204 381 2275 ducitque
400 2204 494 2275 neptis
508 2208 570 2258 erat
584 2203 711 2275 llugonis
729 2203 883 2259 Castrensis
902 2219 950 2259 co·
1001 2203 1131 2259 insistere
1150 2204 1340 2274 compelleret,
1358 2200 1519 2258 Radbertus
1534 2202 1570 2256 de
1593 2201 1821 2274 propugnaculis

137 2299 226 2366 mitis,
242 2314 275 2352 ex
298 2313 394 2353 sorore
414 2297 530 2352 nomine
545 2296 653 2352 iudith.
670 2298 718 2351 llic
733 2296 828 2369 itaque
844 2297 952 2369 primas
1002 2297 1058 2352 suis
1076 2297 1248 2352 contrariam
1266 2297 1318 2350 sibi
1338 2312 1409 2367 opus
1432 2300 1549 2351 moeslus
1568 2295 1776 2369 conspiciebat,
1793 2300 1822 2350 et

138 2408 204 2446 cum
219 2390 405 2463 complicibus
420 2391 478 2446 suis
495 2390 577 2445 futile
592 2390 740 2446 consilium
755 2389 829 2458 iniit,
845 2393 873 2445 et
891 2407 951 2445 ma·
1003 2391 1155 2462 complices
1178 2406 1243 2445 siros
1264 2390 1320 2444 alta
1340 2407 1405 2445 voec
1428 2391 1599 2446 nominatim
1617 2389 1822 2462 compellebat,

140 2485 272 2541 nilcstam
295 2484 477 2540 rebellionem
496 2484 534 2539 sic
552 2483 703 2539 inchoavit.
720 2484 848 2549 Quatuor
869 2500 954 2538 naves
1003 2503 1035 2541 ac
1051 2492 1081 2540 ut
1094 2485 1295 2557 jusjurandum
1313 2485 1348 2539 de
1365 2484 1535 2557 proditionis
1553 2485 1686 2540 societate
1705 2501 1822 2540 conser-

138 2596 252 2651 magnae
273 2595 342 2651 quas
364 2579 507 2634 Canardos
528 2585 645 2647 vocant,
668 2579 703 2633 de
722 2577 903 2649 Nortbwegia
923 2579 953 2634 iu
1003 2585 1111 2646 eareat,
1126 2580 1220 2649 polani
1237 2579 1444 2634 commonebat.
1466 2580 1649 2648 iterantem,
1665 2595 1733 2633 curn
1750 2578 1822 2632 hde-

36 2758 39 2763 ἢ
138 2673 274 2746 Angtiam
285 2672 412 2746 appulsae
424 2675 499 2727 sunt.
516 2672 624 2736 Quibus
639 2670 797 2728 Rodbertus
810 2676 839 2727 et
853 2673 952 2728 llorel·
1004 2673 1077 2729 libus
1096 2673 1153 2727 sais
1174 2673 1233 2728 haec
1254 2673 1382 2737 audiens,
1402 2673 1525 2742 ridebat,
1542 2678 1571 2728 et
1590 2672 1705 2728 conscia
1727 2677 1824 2728 reatus

141 2768 196 2837 lus,
208 2783 297 2839 nepos
311 2766 383 2837 ejus,
400 2781 432 2820 ac
446 2765 581 2820 satellites
597 2781 695 2820 eorrrrn
714 2769 910 2834 occurrerunt,
928 2772 956 2821 et
1005 2767 1138 2840 publicati
1151 2784 1232 2822 mens
1245 2767 1369 2823 conscios
1382 2770 1410 2821 et
1424 2767 1571 2838 participes
1586 2765 1692 2822 timore
1705 2770 1736 2822 et
1748 2782 1826 2822 vere·

139 2860 265 2932 pacificis
279 2858 483 2914 mercatoribus
497 2857 636 2930 quidquid
651 2858 804 2922 habebant,
818 2859 956 2914 violenter
1005 2862 1107 2918 cundia
1136 2861 1291 2933 torquebat.
1320 2862 1398 2933 ltege
1424 2866 1519 2916 autem
1546 2861 1581 2915 ad
1607 2877 1659 2915 sua
1687 2876 1825 2933 prospere

140 2953 327 3009 abstulerunt.
338 2953 380 3008 llli
394 2956 497 3021 autern,
508 2952 616 3006 amissis
630 2952 714 3008 rebare
726 2953 793 3022 suis,
805 2953 842 3008 ad
856 2970 954 3025 regem
1006 2961 1161 3022 remeante,
1175 2955 1250 3010 etde
1265 2954 1462 3010 moderamine
1476 2956 1557 3025 regni
1571 2971 1637 3010 cum
1651 2955 1712 3009 suis
1725 2955 1826 3010 amicis

143 3049 332 3113 accesserunt,
345 3046 502 3117 duramque
512 3045 555 3101 sui
567 3046 778 3118 querimoniam
790 3047 956 3119 lacrymahi·
1007 3049 1127 3105 solerter
1143 3052 1290 3117 tractante,
1307 3049 1476 3117 liodbertus,
1490 3050 1584 3120 longae
1601 3048 1761 3104 obsidionis
1774 3056 1825 3104 te·

142 3140 207 3196 liter
222 3140 474 3212 deprompserunt.
493 3138 544 3204 Oui
561 3157 628 3196 mex
646 3140 797 3212 imperiose
811 3140 957 3196 mandavit
1007 3144 1052 3199 dio
1062 3148 1224 3211 nauseatus,
1235 3149 1318 3198 noctu
1329 3143 1459 3210 exsilivit,
1469 3146 1497 3198 et
1508 3142 1544 3196 de
1555 3147 1647 3199 castro
1657 3143 1688 3197 in
1698 3148 1826 3199 castrum

142 3234 285 3290 ltodberto
295 3239 325 3290 ut
333 3233 536 3289 mercatoribus
544 3232 635 3289 ablata
643 3234 954 3290 restitueretcontiauo.
1007 3237 1133 3308 migrare
1149 3237 1254 3297 votens.
1266 3238 1295 3292 in
1310 3253 1411 3292 manus
1426 3237 1610 3292 inimicorum
1628 3236 1741 3294 incidit.
1759 3238 1826 3310 sap·

143 3328 201 3386 Sed
215 3327 332 3384 omnino
346 3329 511 3400 contempte
527 3331 570 3384 est
585 3328 748 3399 hujusmodi
761 3328 861 3400 jussio.
879 3329 956 3401 llag·
1008 3337 1052 3386 tus
1065 3331 1162 3402 itaque
1172 3348 1188 3384 a
1198 3331 1366 3386 satellitibus
1382 3331 1467 3403 regis,
1480 3330 1640 3386 {tedbertus
1655 3331 1747 3387 linem
1761 3331 1827 3388 betti

145 3421 280 3477 uenimus
290 3424 444 3477 autemrex
455 3422 646 3494 quantitatem
660 3438 755 3478 rerum
771 3439 842 3495 quas
855 3422 956 3478 amise-
1008 3426 1085 3492 lecit,
1112 3429 1141 3480 et
1163 3426 1222 3480 lere
1245 3442 1296 3482 rsa
1319 3425 1400 3481 annis
1419 3426 1447 3480 in
1472 3425 1589 3480 vinculis
1610 3425 1692 3494 vixit,
1714 3425 1827 3497 ibique,

57 3548 60 3553 ·
144 3519 219 3586 rant,
233 3515 389 3588 inquisivit,
402 3520 430 3570 et
443 3514 540 3571 omnia
550 3514 584 3571 de
593 3532 645 3571 suo
658 3516 698 3573 eis
712 3517 812 3572 aerario
825 3516 957 3572 restituit.
1010 3520 1149 3576 scelernm
1168 3536 1283 3575 snorum
1303 3536 1401 3592 paenas
1422 3519 1514 3589 luens,
1536 3520 1697 3575 consenuit.
1719 3519 1829 3575 llatlail·

180 3609 286 3666 Dcinde
299 3610 334 3666 ad
346 3609 453 3665 citriam
465 3626 546 3664 suam
561 3610 736 3666 Rodbertum
751 3611 890 3667 accersiit.
905 3609 960 3668 Sed
1011 3614 1062 3681 dis,
1079 3630 1145 3669 vero
1161 3631 1233 3669 uxor
1248 3614 1319 3684 ejus,
1338 3629 1402 3686 quse
1415 3629 1480 3668 cum
1500 3629 1532 3668 eo
1550 3613 1594 3666 vir
1611 3630 1743 3685 unquam
1764 3614 1829 3669 laets

145 3704 193 3760 illc
211 3704 305 3759 venire
324 3703 425 3758 noluit.
441 3703 518 3758 Tunc
537 3719 598 3772 rex,
615 3704 770 3777 nequitiam
790 3705 842 3759 viri
858 3704 961 3759 ferocis
1010 3706 1114 3775 haeret,
1136 3707 1203 3779 quia
1222 3707 1252 3762 in
1274 3706 1392 3762 articulo
1415 3707 1636 3778 perturbationis
1659 3707 1830 3780 desponsata

146 3798 318 3870 intelligens,
331 3797 487 3852 exereitum
503 3798 680 3869 aggregavit,
695 3805 724 3854 et
737 3814 824 3870 super
838 3814 902 3854 cum
916 3815 962 3852 ra·
1011 3802 1115 3869 luerat,
1130 3804 1160 3856 et
1174 3802 1248 3856 inter
1258 3801 1376 3856 bellicas
1393 3801 1485 3856 clades
1506 3801 1596 3856 tribas
1612 3807 1727 3857 tantum
1747 3818 1828 3857 men·

146 3891 238 3946 tidam
257 3890 365 3945 militiae
385 3889 522 3945 virtatem
544 3890 692 3946 conduxit.
709 3891 844 3962 lienique,
868 3896 900 3947 ut
914 3908 962 3948 rex
1013 3895 1089 3950 sibus
1111 3911 1176 3950 cum
1199 3898 1324 3951 tremore
1345 3895 1397 3949 viri
1417 3899 1477 3950 toro
1502 3895 1684 3966 incubuerat,
1705 3895 1830 3951 maritali

35 4032 40 4039 .
147 3983 253 4041 fluibus
280 3983 416 4039 Rodberti
443 3983 699 4058 appropinquavit,
728 3984 902 4041 Gislebertus
928 3986 963 4040 de
1013 3989 1205 4045 consolatione
1239 3989 1295 4044 cito
1328 3988 1437 4058 caruil,
1473 3988 1626 4061 multisque
1660 3989 1830 4047 moemribus

108 4148 114 4153 -
149 4076 361 4148 Tonaebrugia,
374 4077 568 4149 milespotens
581 4084 609 4133 et
621 4078 707 4147 dives,
722 4094 820 4149 regem
835 4095 964 4134 seorsum
1013 4081 1323 4153 asllicta,dingenruit.
1429 4078 1431 4082 ⁴

151 4171 267 4238 vocavit,
289 4176 317 4223 et
335 4186 441 4241 pronus
457 4171 492 4226 ad
506 4171 593 4242 pedes
611 4171 671 4242 ejus
691 4172 809 4242 corruit,
823 4171 907 4243 eique
920 4173 963 4228 ni·
1050 4177 1098 4232 Vir
1116 4177 1186 4247 ejus,
1203 4180 1234 4231 ut
1251 4176 1358 4231 dietum
1382 4183 1433 4244 est,
1451 4176 1608 4232 incarcere
1632 4177 1756 4235 vivebat.
1778 4179 1831 4235 Neo

152 4264 206 4320 mis
224 4263 432 4336 obstupescenti
447 4265 506 4320 ait:
523 4286 537 4314 u
553 4264 684 4334 Obsecro,
707 4265 824 4321 domine
846 4265 885 4320 mi
904 4282 964 4335 rex,
1015 4272 1087 4342 ipsa,
1109 4287 1141 4324 eo
1164 4270 1284 4337 vivente,
1302 4270 1457 4325 secundum
1477 4269 1571 4341 legem
1597 4270 1656 4340 uei,
1679 4271 1765 4327 alteri
1783 4289 1832 4329 uu·

151 4359 269 4431 ignosce
282 4358 355 4430 qnod
370 4357 487 4431 deliqui,
499 4363 526 4414 et
537 4359 639 4430 ingens
648 4363 704 4414 tuse
715 4359 878 4415 salvationis
890 4376 966 4416 emo·
1016 4365 1083 4420 bera
1099 4364 1226 4434 legitime
1242 4363 1360 4418 valebat.
1379 4364 1515 4432 Tandem,
1534 4365 1675 4436 permissu
1692 4365 1832 4423 paschalis

151 4452 312 4508 lamentum
326 4450 478 4507 insinuabo
498 4452 560 4507 tibi.
578 4474 591 4502 r
606 4453 734 4525 Cumque
748 4470 798 4508 rex
815 4453 1006 4541 mirareturD
1018 4475 1111 4531 papae,
1135 4459 1180 4513 cui
1204 4474 1257 4526 res,
1279 4475 1294 4512 a
1313 4458 1431 4514 curiosis
1455 4458 1614 4528 enucleata,
1639 4459 1745 4530 patuit,
1771 4463 1833 4533 post

153 4549 182 4603 et
202 4545 345 4602 hesitaret
367 4548 396 4599 et
412 4545 489 4601 intra
507 4561 536 4600 sc
556 4545 766 4618 aliquantalum
787 4547 966 4617 deliberaret,
1019 4552 1121 4608 multos
1135 4552 1194 4607 dies
1207 4551 1329 4624 Nigellus
1344 4552 1378 4607 de
1396 4551 1523 4607 Albincio
1543 4552 1634 4624 ipsam
1652 4569 1778 4610 uxorem
1793 4570 1833 4610 ac·

153 4639 272 4698 tandem
293 4638 465 4710 supplicanti
487 4639 587 4695 leniter
608 4640 727 4711 ignovit,
746 4646 775 4697 ct
796 4642 967 4714 promissum
1018 4647 1106 4719 cepit,
1132 4663 1183 4717 pro
1209 4646 1303 4700 lavore
1329 4645 1467 4700 nobilium
1495 4649 1648 4717 parentam
1677 4647 1757 4721 ejus,
1783 4648 1832 4704 ali·

154 4732 252 4789 avidus
270 4732 450 4804 exspectavit.
467 4733 637 4789 (lislehertus
655 4734 696 4789 ait
711 4753 717 4790 :
733 4756 747 4784 κ
763 4735 836 4791 Siste
855 4735 968 4808 pedem,
1018 4740 1148 4813 qnandiu
1163 4741 1317 4796 horrorilice
1339 4740 1440 4796 tenuit.
1464 4741 1578 4810 Verum,
1599 4740 1737 4799 defuncto
1753 4743 1832 4799 Gialc·

156 4842 263 4900 queso,
279 4842 327 4882 rer
345 4825 454 4895 nobilis,
476 4830 506 4881 et
521 4826 595 4882 hano
616 4827 725 4895 silvam,
746 4845 811 4901 quae
832 4832 898 4885 ante
918 4847 970 4885 nos
1020 4836 1101 4891 berto
1115 4835 1150 4890 de
1165 4835 1275 4905 Aquita,
1297 4835 1384 4889 fratrc
1403 4835 1473 4906 ejus,
1493 4834 1571 4890 valer
1591 4836 1775 4893 occasionem
1792 4836 1831 4894 di·

157 4925 209 4987 esl‚
228 4936 264 4975 ne
284 4919 465 4992 ingrediaris.
481 4922 578 4976 llostes
592 4921 668 4978 enim
690 4921 748 4977 illie
763 4923 794 4976 in
812 4923 899 4978 armis
918 4941 968 4995 pa·
1020 4930 1102 4984 rortii
1125 4928 1287 5001 exquisivit,
1311 4945 1448 5001 eamque,
1472 4929 1538 5001 quia
1560 4930 1774 5003 consanguinei
1794 4930 1833 4987 sni

156 5014 212 5069 rati
227 5015 428 5085 prestolantur
444 5015 492 5086 qui
507 5019 534 5070 te
554 5032 630 5071 nanc
644 5016 805 5087 inquietare
818 5021 969 5074 conantur.
1021 5023 1123 5094 conjnx
1143 5023 1246 5091 iuerat,
1271 5022 1441 5094 repudiavit,
1462 5026 1491 5076 et
1511 5023 1686 5094 Gundream,
1706 5042 1834 5083 sororem

156 5108 259 5188 Contra
275 5110 302 5162 te
315 5107 552 5179 conspirationem
566 5108 696 5179 lecimus,
712 5114 740 5165 et
755 5115 876 5166 mortem
889 5116 969 5167 tuam
1022 5117 1148 5188 lingonis
1167 5117 1201 5172 de
1219 5117 1353 5185 (tornaco,
1378 5132 1494 5171 uxorem
1517 5117 1598 5172 duxit
1619 5119 1685 5189 (tl).
1707 5120 1834 5178 tlorellus

154 5199 342 5272 jurejurando
365 5201 518 5257 machinati
540 5220 649 5260 samus.
673 5225 687 5254 n
709 5203 755 5259 llis
776 5203 897 5275 auditis,
923 5221 972 5262 rex
1022 5215 1130 5279 aulem,
1146 5212 1263 5266 domino
1282 5229 1332 5267 suo
1351 5212 1469 5267 vinculis
1489 5211 1706 5268 indissolubiter
1721 5214 1833 5287 injecto,

191 5340 242 5404 (st)
253 5340 324 5403 Quis
335 5344 512 5407 quantusque
529 5344 613 5395 luerit
630 5345 755 5410 Nigallus
769 5346 822 5398 iste
840 5345 875 5398 da
890 5346 973 5398 Albl·
1022 5351 1224 5415 roaolymilaeia
1237 5357 1338 5417 nqente,
1352 5351 1461 5417 [uerunt
1482 5350 1534 5403 dua
1551 5349 1673 5402 videlicet
1692 5351 1835 5416 {retrado

157 5414 224 5467 nelo
238 5413 360 5466 declarat
373 5417 534 5482 genealogia
551 5431 673 5483 sequens
688 5431 724 5471 ex
739 5426 852 5472 manat.
866 5420 971 5486 Arretio.
1022 5422 1128 5487 [omitia
1146 5423 1329 5488 remestrensi
1342 5423 1404 5484 etri,
1419 5436 1529 5488 quorum
1548 5435 1618 5474 enea
1637 5421 1692 5485 [eit
1711 5436 1798 5477 nou
1808 5422 1836 5475 dr

159 5485 319 5566 descripta:
342 5487 455 5569 ltoqcrus
474 5488 506 5541 ds
526 5490 666 5554 limati-ei,
687 5492 780 5557 lnquit
798 5496 905 5555 auctor,
925 5493 975 5558 qui
1024 5493 1116 5555 ctare,
1138 5493 1305 5548 chersones
1324 5495 1506 5555 Aruedslmt
1524 5495 1619 5546 terrim
1636 5492 1730 5558 {retu
1749 5506 1836 5549 m

158 5554 281 5620 {emant
303 5555 437 5638 abbatiam
461 5558 492 5609 de
511 5557 679 5622 britulensis,
698 5575 753 5613 aaa
773 5564 857 5614 tenuit
876 5576 973 5629 mervo-
1021 5563 1074 5629 {eit
1094 5564 1211 5631 Niqcllus
1230 5565 1262 5618 do
1279 5565 1418 5624 albaneto,
1438 5571 1500 5618 lunc
1518 5563 1681 5628 ameum,
1699 5565 1777 5621 tou
1796 5566 1838 5617 isi

157 5639 218 5677 sven
238 5631 327 5692 patris
347 5630 390 5679 sut
417 5629 516 5694 tholls'
541 5629 574 5682 ds
601 5631 734 5686 thamin
760 5636 974 5702 temporaneis
1023 5635 1091 5687 dolis
1108 5641 1133 5687 et
1150 5651 1253 5703 meque
1273 5638 1338 5703 spei,
1358 5642 1468 5703 perteus
1480 5648 1575 5688 orsum
1595 5637 1667 5703 regis
1681 5634 1761 5707 r'gui
1782 5646 1836 5689 m

158 5697 269 5752 deerret
286 5698 336 5762 etet
361 5699 499 5752 Willictmi
513 5690 637 5762 Bmterd,
649 5717 708 5756 cum
722 5707 745 5757 is
761 5707 888 5772 Aeoliam
907 5707 974 5759 obb-
1023 5707 1097 5759 miles
1115 5705 1203 5771 {ucles
1223 5707 1325 5773 (siml,
1347 5713 1457 5775 propter
1477 5721 1554 5760 auom
1573 5706 1737 5774 mevam
1756 5705 1835 5777 Μο·

152 5774 264 5835 tta-eset,
286 5769 400 5824 ltoberm
422 5771 551 5826 caribnae
568 5773 657 5856 fratre
676 5789 725 5829 seo
747 5778 775 5828 r'n
793 5776 974 5847 perlibente·
1023 5781 1062 5832 eu
1082 5793 1141 5833 oum
1155 5792 1203 5832 roa
1223 5781 1349 5834 henricus
1369 5780 1395 5832 in
1416 5780 1511 5845 peasa
1526 5776 1560 5832 do
1577 5780 1733 5849 lgm
1752 5776 1836 5851 inffe-
