3750 6046
106 248 169 303 issi
805 244 944 301 sunum
965 244 996 299 tt'
1016 236 1111 299 earn

102 370 184 427 rabili
205 370 288 425 fratri
310 370 472 426 Esasusuno
495 370 639 442 episcopo,
663 374 691 425 et
716 370 826 426 dilectis
850 370 915 425 tiliis
926 369 1122 456 Apercipiant
1137 370 1165 423 et
1189 367 1263 438 apud
1283 367 1441 422 districtum
1460 365 1599 440 judicem
1624 361 1749 435 praemia

104 465 247 521 canonicis
261 464 483 535 llacebargensis
503 465 632 519 Ecclesiae
647 468 707 519 tam
730 465 916 535 praesentibus
967 467 1055 517 temae
1071 463 1146 532 pacis
1160 461 1317 516 inveniant.
1335 463 1437 515 Anien.

10 594 14 601 -
104 575 189 630 quam
221 557 324 612 laturis
360 558 494 613 canonice
523 557 736 627 substituendis,
760 558 788 612 iu
813 574 913 629 perpe·
1002 557 1059 626 Ego
1073 555 1215 610 Adrianus
1229 556 1375 610 catholice
1390 554 1525 610 Ecclesiae
1539 552 1723 624 episcopus.

103 656 196 706 tuum.
1001 650 1103 702 Datum
1115 650 1214 704 Romae
1226 647 1302 719 apud
1317 649 1449 703 Sanctum
1465 648 1594 701 Petrum
1617 661 1749 716 permar

139 743 287 815 Religiosis
312 742 461 799 desideriis
480 743 593 799 facilem
615 744 754 799 debemus
779 749 915 815 praestare
965 742 1088 797 Rolandi
1105 745 1210 797 sanctie
1224 743 1357 797 Romanae
1381 743 1515 797 Ecclesiae
1541 739 1653 811 presb.
1677 738 1749 792 card

102 854 285 905 consensum,
313 840 344 892 ut
368 840 397 892 ct
423 838 470 908 pia
494 837 606 893 devotio
632 838 756 893 celarem
783 837 916 893 sortiatur
965 835 1136 902 cancellarii,
1164 852 1200 890 vu
1229 836 1359 890 Kalendis
1387 834 1550 901 Februarii,
1577 832 1749 888 indictione

104 932 235 989 ellectum
255 934 282 986 et
307 931 379 986 vires
409 930 605 986 indubitanter
630 935 775 1000 assumat;
803 931 916 986 cumei
968 929 1170 984 incarnationis
1201 928 1355 985 bomiuicre
1389 945 1463 983 anno
1491 932 1579 995 tter,
1621 925 1746 997 pontific

104 1024 219 1081 fuerita
234 1025 300 1080 sede
308 1023 462 1095 apostolica
474 1025 752 1095 concessnmpraevia
767 1024 915 1080 charitate.
966 1038 1033 1078 vero
1048 1022 1156 1076 domiui
1171 1022 1287 1078 Adriani
1298 1038 1380 1093 papae
1395 1023 1428 1076 lll
1445 1038 1526 1076 anno
1540 1036 1584 1075 rr.

103 1120 268 1190 Eapropter,
284 1117 379 1172 dilecti
402 1117 431 1171 in
446 1117 557 1172 Christo
581 1117 641 1185 filii,
663 1117 793 1188 petitioni
817 1119 917 1171 vestra

103 1211 230 1268 inclinati
262 1211 392 1282 precibus
418 1210 577 1265 charissimi
603 1211 654 1266 lilii
689 1211 776 1265 nostri
804 1210 916 1265 henrici
1298 1202 1449 1257 Cblllllllll.

103 1305 226 1361 Balariae
241 1309 270 1359 el
283 1304 411 1360 Samni&
428 1303 515 1370 ducis,
530 1303 758 1375 i110¹¹lllls¹¹¹¹d⁰
782 1303 917 1375 Plaeffiflfl
966 1319 1113 1374 Ecclesium
1133 1320 1160 1376 S.
1177 1320 1273 1373 Mitris
1296 1319 1329 1373 dc
1349 1318 1491 1374 Grrrr'bertc
1506 1317 1716 1372 Placentinum
1736 1321 1749 1370 t

105 1397 220 1456 ecclesia
241 1398 359 1453 lundata
380 1414 441 1452 esse
469 1396 655 1468 dignoscitur,
678 1397 801 1452 libenter
818 1398 917 1451 annni-
1281 1399 1344 1453 doru
1357 1400 1469 1468 suscipit

104 1509 180 1560 mus,
200 1495 229 1546 et
244 1492 390 1562 praefatam
413 1491 565 1546 Ecclesiam
587 1491 837 1562 llaceburgenscm
864 1489 915 1545 snb

104 1586 180 1642 beati
195 1586 267 1641 Petri
283 1590 311 1639 ot
326 1589 422 1640 nostra
437 1585 610 1656 protectione
623 1584 791 1655 suscipimus
806 1590 914 1654 etprae·

104 1679 193 1735 sentis
217 1679 314 1750 scripti
336 1677 492 1749 patrocinio
517 1678 736 1743 communimus,
764 1681 918 1732 statuentes

104 1778 137 1828 ut
171 1789 352 1845 quascunque
386 1771 585 1842 possessiones,
625 1788 802 1843 quascunque
844 1750 957 1825 bonaB
1003 1773 1142 1825 Annrsaus
1163 1769 1321 1841 episcopus,
1341 1785 1612 1824 servnsservornm
1637 1769 1701 1833 Dei,
1720 1769 1747 1823 di

105 1867 203 1922 eadem
227 1865 344 1921 ecclesia
370 1865 756 1935 impraesentiarumjusteet
782 1864 916 1918 canonice
965 1864 1001 1919 tis
1022 1864 1086 1919 liliis
1107 1864 1236 1919 llonasro
1263 1864 1350 1934 priori
1383 1864 1497 1918 Sanctae
1524 1863 1627 1917 blariae
1660 1863 1698 1917 de
1724 1863 1749 1915 t'u

103 1959 229 2032 possidet
252 1961 302 2014 aut
327 1959 356 2012 in
378 1958 505 2011 futurum
533 1957 712 2012 concessione
737 1956 915 2027 pontificum,
966 1958 1059 2019 berto,
1087 1959 1204 2029 ejusque
1228 1957 1362 2012 fratribus
1387 1960 1446 2011 tam
1471 1956 1683 2027 praesentibus
1712 1973 1748 2027 qu

103 2053 255 2124 largitione
272 2067 374 2123 regum
390 2052 433 2105 vel
448 2050 619 2121 principum,
633 2049 776 2105 oblatione
789 2050 916 2104 bdelium
966 2051 1069 2106 futuris
1084 2051 1222 2107 canonice
1238 2050 1453 2118 substituendis,
1472 2051 1503 2105 in
1518 2052 1716 2121 perpetuum.

103 2162 152 2201 seu
177 2144 239 2200 aliis
255 2144 338 2215 justis
363 2143 466 2209 modis,
493 2144 549 2197 llco
570 2143 701 2214 propitio,
727 2143 832 2213 poterit
856 2142 914 2197 adi·
1002 2144 1118 2209 Quoties
1137 2144 1207 2199 illud
1229 2162 1244 2198 a
1270 2144 1350 2199 nobis
1372 2145 1491 2216 petitur,
1520 2144 1603 2215 quod
1636 2143 1743 2198 rationi

1111 1518 1229 1589 (Ronrae,
1245 1535 1293 1589 up.
1318 1518 1346 1573 S.
1368 1520 1495 1585 Petrum,
1509 1519 1581 1573 Jan.
1599 1518 1660 1588 ⁶23.)

1091 1635 1196 1704 [Clara
1211 1637 1282 1690 llist.
1299 1636 1328 1689 di
1341 1637 1485 1702 Piscense,
1504 1634 1541 1701 lt,
1567 1634 1651 1703 356.]

103 2237 182 2311 pisci,
198 2237 281 2292 firma
301 2237 378 2291 vobis
395 2236 552 2307 vestrisque
578 2235 784 2291 successoribus
808 2235 917 2290 illibata
968 2239 1108 2294 honestati
1133 2238 1284 2293 convenire
1305 2238 1491 2309 dignoscitur,
1509 2238 1618 2293 animo
1643 2254 1699 2291 nos
1721 2238 1749 2292 de

102 2337 291 2404 permancant
329 2331 358 2384 in
395 2329 500 2400 qulbus
528 2330 590 2384 baec
629 2329 752 2402 propriis
784 2328 918 2383 duximus
967 2331 1749 2403 libenticonceders,etpeteutiumdesideriiscongru

103 2424 288 2497 exprimenda
303 2424 451 2479 vocabulis
466 2440 472 2478 :
968 2426 1110 2497 impertiri
1124 2425 1300 2497 suffragium.
1325 2426 1490 2495 Eapropter,
1510 2425 1614 2480 dilecti
1635 2426 1665 2479 in
1683 2427 1748 2479 bom

138 2520 177 2574 Ex
197 2519 271 2574 douo
289 2518 391 2573 nobilis
414 2517 467 2571 viri
489 2518 611 2586 llenrici,
642 2517 765 2572 Bavaria·
788 2522 817 2572 et
836 2519 919 2573 Saxo·
968 2520 1028 2587 lllii,
1052 2520 1219 2575 venerabilis
1243 2519 1339 2573 fratris
1359 2519 1444 2573 nostri
1472 2519 1614 2589 llngonis
1644 2519 1749 2574 l‘lacent

105 2613 160 2667 nire
188 2611 277 2679 ducis,
305 2613 446 2666 trecentos
473 2627 587 2666 mansos
617 2611 708 2666 cultos
735 2614 765 2664 et
798 2609 919 2665 incultos
969 2613 1091 2683 episcopi
1114 2614 1244 2684 precibus
1270 2613 1407 2677 inclinati,
1428 2612 1537 2666 vestris
1557 2612 1653 2682 justis
1676 2620 1749 2683 posta

103 2722 167 2761 cum
181 2705 316 2761 omnibns
337 2703 515 2775 appendiciis
535 2705 602 2772 suis,
626 2704 797 2769 molendina,
818 2702 918 2758 Sadel·
970 2706 1095 2761 tionibus
1109 2706 1265 2761 clementer
1291 2705 1455 2771 annuimus,
1471 2710 1500 2759 et
1521 2707 1688 2776 praetatsm
1711 2721 1749 2761 ec<

102 2799 235 2855 bundium
261 2805 346 2870 atque
368 2798 512 2854 rotaldum
528 2805 617 2852 totam
631 2804 658 2852 et
685 2798 827 2867 integram
854 2811 919 2850 cum
971 2800 1050 2861 siam,
1063 2816 1127 2871 qnae
1140 2799 1235 2872 adjus
1252 2802 1281 2854 et
1302 2800 1510 2870 proprietatem
1531 2800 1657 2869 praefati
1677 2800 1749 2871 episc

103 2894 229 2950 ecclesiis
254 2896 282 2948 et
308 2909 406 2948 earum
437 2892 570 2960 decimis,
602 2897 687 2961 atquc
712 2891 845 2961 subjectis
867 2888 921 2945 sibi
971 2894 1103 2966 pertinet,
1117 2895 1169 2947 sub
1184 2895 1214 2947 ll.
1235 2892 1308 2947 Petri
1326 2896 1354 2947 ct
1377 2898 1475 2948 nostra
1499 2895 1691 2963 protectione
1713 2909 1749 2946 su:

104 2987 247 3059 plebibus.
258 2985 298 3041 hd
314 2985 373 3040 brec
396 2985 558 3056 adjicientes
579 2985 727 3039 statuimus
741 2990 771 3038 ut
784 2984 853 3038 ordo
875 3002 920 3039 ca·
971 2988 1075 3060 pimus.
1087 2991 1116 3041 et
1128 2986 1547 3057 pruscntisscriptiprivilegio
1561 2987 1746 3042 communim

104 3080 236 3147 ironicus,
256 3079 305 3150 qui
325 3078 482 3133 secundum
505 3080 594 3132 Deum
622 3083 651 3131 et
672 3076 747 3131 beati
769 3078 920 3148 Augustini
932 3084 1128 3193 Cstatuentes
1157 3086 1197 3147 ut,
1219 3096 1399 3152 quascunque
1420 3079 1638 3150 possessiones,
1666 3096 1749 3153 quaes

108 3173 247 3245 Regulam
263 3176 348 3244 atque
364 3170 679 3226 Praemonstratensium
699 3170 821 3225 fratrum
845 3170 922 3226 habi·
972 3191 1028 3245 que
1047 3175 1120 3229 hona
1135 3174 1233 3229 cadem
1251 3174 1368 3228 ccclesia
1383 3172 1667 3243 impraesentiarum
1679 3176 1749 3246 juste

106 3273 178 3337 tum,
206 3265 314 3321 ibidem
342 3264 519 3338 dignoscitur
541 3264 698 3332 institutus,
724 3264 869 3335 perpetuis
892 3264 921 3319 lu
972 3268 1106 3323 canonice
1121 3267 1257 3339 possidet,
1274 3271 1323 3320 aut
1338 3266 1512 3321 infuturum
1526 3269 1748 3338 concessionep

103 3361 203 3417 eadem
226 3360 344 3415 ecclesia
368 3359 547 3432 temporibus
572 3357 772 3413 inviolabiliter
789 3358 919 3413 obserre-
971 3361 1090 3429 tillcnm,
1104 3360 1254 3432 largitione
1268 3359 1426 3431 regumvel
1447 3360 1640 3432 principum,
1660 3362 1749 3417 oblati

103 3458 160 3510 tur.
174 3453 303 3508 Obeunte
318 3469 385 3508 vero
411 3469 444 3507 ac
459 3469 534 3506 nuuc
550 3451 678 3522 ejusdem
705 3450 759 3506 loci
782 3451 920 3517 antistite,
971 3453 1170 3520 fidelium,san
1185 3454 1247 3508 aliis
1257 3454 1341 3524 justis
1362 3452 1468 3521 modis,
1481 3455 1545 3509 Deo
1561 3456 1708 3527 propitio,
1723 3472 1749 3526 pt

102 3552 145 3606 vel
158 3567 258 3606 eorum
273 3550 680 3622 quorumlibetsuccessorum,
692 3549 785 3604 nullus
798 3550 836 3603 ibi
852 3565 921 3620 qno·
972 3548 1010 3601 rit
1028 3547 1155 3618 adipisci,
1179 3547 1262 3602 firma
1285 3546 1365 3602 vobis
1384 3547 1553 3619 vestrisque
1581 3549 1749 3604 successerit

104 3645 174 3701 libet
204 3645 380 3716 subreptioni
410 3645 513 3698 astutia
537 3661 587 3697 seu
614 3643 749 3698 violentia
771 3659 920 3715 praepona-
973 3650 1001 3696 et
1012 3641 1326 3712 illibatapermaneant.
1343 3641 1488 3711 lnquibus
1501 3642 1569 3697 haec
1586 3644 1715 3716 propriis
1726 3642 1749 3697 dr

104 3741 161 3809 tur,
201 3738 250 3794 sed
278 3754 364 3809 quem
405 3737 508 3792 fratres
539 3736 763 3808 llacebnrgensis
790 3736 921 3791 Ecclesiae
972 3751 1035 3789 mus
1049 3735 1237 3805 exprimenda
1252 3735 1417 3789 uoniinibus
1433 3736 1560 3791 :Totam
1583 3741 1706 3803 terram,
1719 3753 1749 3807 qr

103 3827 221 3882 consilio
234 3827 435 3899 religiosarum
457 3842 646 3897 personarum
665 3825 921 3881 seeundumbenm
972 3828 1084 3882 habetis
1097 3828 1126 3881 in
1144 3827 1238 3883 llizolo
1251 3833 1279 3882 et
1296 3827 1324 3881 in
1347 3828 1456 3894 Uzan0,
1483 3835 1515 3883 at
1538 3830 1627 3900 quod
1650 3830 1749 3885 habetis

104 3924 134 3975 et
159 3926 323 3975 sanctornm
351 3921 468 3975 Patrnm
492 3918 704 3974 constitutiones
728 3918 923 3991 previderunt
972 3921 1150 3986 Trebatiuno,
1171 3922 1200 3976 in
1218 3922 1386 3994 carpeneto,
1409 3920 1436 3974 in
1458 3921 1612 3989 Cerbule,
1636 3925 1667 3979 in
1689 3925 1749 3978 l'eza

13 4016 21 4027 ‘
106 4014 283 4086 eligendum.
973 4014 1002 4068 in
1022 4014 1156 4085 Aquensi,
1173 4014 1338 4083 inElolano,
1358 4018 1383 4068 et
1407 4014 1437 4067 in
1465 4014 1644 4083 Octavel103
1668 4019 1749 4073 clausi

141 4107 328 4161 Decernimns
349 4122 419 4177 ergo
442 4112 475 4161 nt
498 4107 568 4161 nulli
590 4107 707 4162 omnino
727 4106 923 4163 homiuumli-
972 4124 1061 4180 prope
1081 4107 1277 4163 molendinum
1297 4106 1486 4174 vicecomitis,
1514 4112 1547 4163 et
1577 4111 1663 4166 aliud
1683 4112 1749 4165 olaus

107 4206 171 4256 ccat
191 4200 340 4271 prefatam
367 4201 519 4255 Ecclesiam
540 4205 648 4256 temere
678 4202 854 4272 perturbare,
874 4208 923 4256 ant
974 4202 1046 4256 ultra
1068 4200 1310 4273 Fosostam,qnod
1333 4207 1375 4255 est
1398 4217 1493 4272 prope
1520 4203 1698 4275 Gignolam.
1719 4204 1749 4268 Οι

107 4295 168 4366 ejus
196 4295 387 4365 possessiones
421 4296 533 4350 anferre
564 4296 606 4349 vel
647 4294 755 4349 ablatas
788 4296 920 4365 retinere,
972 4296 1040 4367 quid
1067 4296 1176 4350 habetis
1202 4297 1229 4349 in
1254 4294 1408 4359 Vivacario,
1438 4295 1471 4348 in
1498 4298 1616 4353 Sancto
1649 4300 1746 4362 Paulo,

107 4389 249 4455 minuere,
270 4394 320 4442 aut
338 4389 479 4460 aliquibus
504 4389 700 4444 vexationibus
724 4389 854 4461 fatigare,
874 4392 922 4446 sed
973 4391 1062 4447 Casali
1076 4390 1199 4458 remissi,
1214 4388 1420 4456 inllamiliano‚
1437 4392 1471 4443 et
1483 4390 1600 4447 domos
1614 4408 1749 4463 amessa

106 4483 204 4547 omnin
229 4483 342 4554 integra
371 4489 587 4550 conserventur,
615 4483 713 4536 vestris
735 4491 762 4538 et
790 4483 1085 4563 aliorum,1)habetis
1097 4485 1169 4538 circa
1185 4483 1342 4549 ecclesiam,
1359 4482 1451 4536 autin
1467 4483 1536 4555 ipsa
1548 4486 1687 4543 civitate.

107 4592 157 4649 pro
171 4592 293 4649 quornm
309 4576 513 4646 gubernatione
526 4592 558 4629 ac
572 4576 775 4630 sustentatione
791 4593 922 4633 coricessa
1010 4578 1194 4633 llecernimns
1208 4594 1277 4648 ergo
1291 4579 1324 4631 nt
1336 4576 1407 4631 nulli
1418 4578 1550 4634 omnino
1558 4580 1720 4637 hominnm
1731 4581 1749 4635 li

105 4676 179 4739 sruil,
197 4671 293 4724 usibus
305 4670 475 4724 omnimodis
490 4670 647 4741 profutura.
668 4670 767 4742 Siqua
784 4671 872 4742 igilur
892 4673 922 4726 in
973 4673 1123 4743 prefatam
1142 4672 1294 4727 Ecclesiam
1309 4676 1418 4724 temere
1434 4673 1637 4742 perturbare,
1653 4682 1708 4732 etc.

103 4765 231 4820 futurum
265 4763 454 4818 ecclesiastica
484 4764 661 4819 saecularisve
692 4781 815 4835 persona
850 4767 922 4821 hunc
1008 4766 1067 4836 Ego
1080 4764 1229 4832 Adrianus,
1245 4764 1390 4819 catholicae
1405 4763 1550 4821 Ecclesiae
1568 4769 1734 4842 episeopus,

104 4865 210 4915 nostrae
229 4857 438 4913 constitutionis
460 4858 596 4928 paginam
620 4857 720 4924 sciens,
746 4863 922 4915 contrusam
1010 4861 1069 4931 Ego
1086 4861 1238 4931 ilymarns‚
1252 4857 1427 4913 Tusculanus
1441 4858 1619 4932 episcopus.

104 4956 211 5009 temere
226 4952 321 5007 venire
346 4952 508 5019 tentaverit,
521 4950 646 5006 secundo
660 4952 779 5007 tertiove
794 4969 920 5009 comnm-
1009 4956 1067 5025 Ego
1081 4954 1243 5025 Gregorius,
1255 4950 1417 5007 sabinensis
1429 4952 1608 5025 episcopus,

103 5045 174 5105 nita.
202 5043 224 5097 si
247 5059 304 5097 non
335 5041 527 5096 satisfactione
564 5057 690 5112 congrua
717 5042 920 5105 emendaverit,
1007 5049 1066 5119 Ego
1084 5044 1502 5118 llubaldus,presb.card.tit.
1522 5048 1557 5103 S.
1575 5052 1731 5109 braxedis.

105 5137 252 5206 potcstatis
273 5136 447 5206 honorisque
468 5135 511 5190 sui
538 5135 676 5207 dignitate
699 5140 800 5203 careat,
827 5153 920 5192 ream·
1006 5145 1067 5213 Ego
1081 5141 1183 5210 lulius,
1199 5140 1292 5211 presb.
1310 5137 1385 5203 card,
1397 5138 1442 5193 tit.
1459 5140 1489 5194 S.
1504 5141 1657 5202 Marcelli.

105 5246 161 5301 quc
171 5246 200 5284 se
211 5231 305 5285 divino
322 5229 431 5301 judicio
444 5230 566 5284 existere
579 5228 614 5283 dc
640 5233 804 5301 perpetrata
820 5229 923 5302 iniqui·
1007 5239 1066 5308 Ego
1083 5235 1257 5301 bernardus,
1273 5232 1367 5306 presb.
1384 5233 1464 5287 card.
1480 5233 1530 5290 tit.
1545 5237 1580 5293 S.
1590 5241 1749 5298 Clementis

104 5327 161 5379 tate
187 5330 346 5396 cognoscat,
365 5326 393 5379 et
416 5341 433 5378 a
458 5323 646 5379 sacratissimo
668 5339 786 5395 corpore
804 5340 837 5380 ac
856 5342 919 5381 san·
1010 5332 1070 5401 Ego
1086 5328 1265 5395 Octavianus,
1279 5326 1372 5399 presb.
1387 5326 1468 5382 card.
1484 5330 1534 5385 tit.
1553 5332 1584 5388 s.
1602 5334 1731 5391 cecilius,

103 5417 189 5490 gains
222 5417 274 5475 bai
305 5424 335 5473 et
366 5416 479 5473 Domini
514 5417 714 5490 Redemptoris
745 5420 833 5474 nostri
855 5422 921 5475 Jesn
1007 5426 1069 5495 Ego
1091 5420 1431 5494 estoldus,prssb.card.
1452 5421 1498 5477 tit.
1516 5423 1552 5482 S.
1570 5428 1693 5486 Priscae.

100 5511 205 5569 Christi
218 5511 311 5565 alium
336 5510 387 5565 llat
413 5513 499 5583 atquc
522 5513 552 5567 in
575 5514 704 5567 extremo
720 5513 850 5568 examine
866 5513 920 5568 dis·
1007 5520 1067 5590 Ego
1087 5519 1223 5585 toannas,
1237 5515 1331 5589 presb.
1353 5514 1431 5571 card.
1456 5516 1507 5571 SS.
1535 5519 1671 5579 loannis
1691 5524 1749 5579 etl

100 5607 192 5663 trictre
205 5603 308 5659 ultioni
320 5603 602 5676 subJacaat.Gnnctis
617 5606 816 5663 antemeidem
832 5608 919 5663 eccle·
970 5610 1016 5667 tit.
1031 5611 1219 5668 Pammachii.

97 5699 151 5757 sire
169 5716 220 5756 sua
230 5698 297 5773 jura
312 5698 492 5754 servantibus
506 5700 543 5755 sit
557 5716 613 5773 pax
629 5701 740 5757 [lumini
752 5701 842 5757 nostri
855 5702 920 5758 lesu
1006 5707 1065 5779 Ego
1079 5705 1226 5771 ilenricus,
1237 5702 1332 5778 presb.
1346 5702 1427 5761 card.
1442 5704 1491 5763 tit.
1507 5706 1562 5765 SS.
1577 5710 1670 5771 Nerei
1681 5712 1749 5769 atde

85 5796 204 5869 Christi,
239 5798 388 5873 qnatenus
415 5797 446 5853 ct
477 5793 526 5855 bic
550 5794 677 5854 fructum
700 5796 786 5855 bonu
804 5796 921 5853 actionis
970 5800 1017 5858 lei.
