3750 6046
150 208 197 267 ru
836 208 996 267 causarer
1018 210 1147 267 virius
1408 176 1411 181 ’
1771 214 1815 271 m
1869 204 1871 211 ‘

185 330 295 386 Auditis
311 331 425 386 tandem
439 330 522 387 certis
535 331 699 387 rumoribus
714 331 791 403 quod
805 332 963 388 Admirabi-
973 343 1002 418 Α
1013 335 1089 401 runt,
1101 338 1140 403 et,
1157 332 1368 404 discoopertum
1380 336 1465 405 caput
1477 333 1538 405 ejas
1551 332 1692 401 naeuus,
1703 348 1817 406 agnove-

150 426 184 481 lis
196 425 251 496 (43)
265 423 427 496 Babyloniae
442 425 609 481 Ascalonem
623 425 756 496 venisset,
773 430 802 481 et
816 424 846 481 iu
861 426 960 481 erasti·
1013 432 1090 481 runt.
1111 429 1189 481 Tunc
1208 443 1225 481 a
1246 426 1435 498 gaudentibus
1455 426 1648 496 intromissus,
1668 426 1734 483 illos
1756 445 1819 485 con·

150 535 219 574 num
232 517 342 574 irruere
358 534 442 590 super
459 518 632 574 Christianos
645 535 708 574 cum
728 519 825 574 multis
842 519 962 592 legioni·
1012 519 1135 587 tortavit,
1153 523 1191 588 et,
1210 519 1305 575 relatis
1320 520 1492 590 rumoribus,
1508 519 1546 577 ad
1565 521 1764 579 defensionem
1781 523 1821 579 sui

148 613 202 669 bus
215 612 394 679 decrevisset,
408 611 560 667 Balduiuus
573 628 622 667 rex
636 617 664 667 et
676 612 844 684 Stephanus,
858 613 963 684 aliique
1013 613 1180 668 castellanos
1193 614 1377 669 commonuit.

149 705 249 762 fideles
273 722 302 760 se
327 705 446 760 invicem
470 705 500 759 in
521 705 640 760 Domino
666 705 730 761 lesu
753 705 961 774 animaverunt,
1048 706 1186 761 luderes
1210 723 1276 763 cum
1301 725 1352 763 suo
1373 708 1564 766 commilitone
1587 711 1727 781 gazellam
1746 728 1821 767 suern

151 816 184 854 ac
206 799 243 854 ad
264 798 440 870 triumphum
459 798 488 852 in
512 798 626 854 nomine
649 800 710 869 ejus
731 816 782 853 sua
803 799 845 854 vel
867 799 963 854 hostili
1012 800 1146 869 aseendit,
1171 807 1200 857 et
1224 803 1333 874 loppen
1358 802 1527 859 lestinauler
1551 806 1640 860 venit.
1666 805 1823 877 Agnitusa

150 897 242 949 morte
268 891 508 964 promerendum,
532 906 593 946 sess
623 891 745 947 fideliter
769 896 961 949 armaverunt.
1012 894 1119 950 civibus
1139 895 1274 964 introivit,
1289 896 1458 969 tristemque
1478 897 1583 953 lamam
1606 897 1705 955 retulit
1723 914 1730 954 :
1746 902 1823 955 lanu

149 989 261 1044 Partem
285 984 423 1041 exereitus
441 985 552 1058 loppen
575 985 729 1054 miseruut;
751 1002 800 1041 rex
821 990 849 1042 et
870 986 964 1057 major
1012 1004 1100 1052 mae,
1123 988 1224 1060 inquit,
1243 1006 1414 1060 paganorum
1434 996 1530 1047 turine
1549 993 1697 1049 Romulum
1716 994 1824 1048 circum·

148 1096 216 1153 pars
237 1079 390 1135 nobilitatis
408 1080 560 1135 Ramulam
580 1078 727 1149 adierunt;
749 1096 814 1135 nam
834 1079 863 1134 iu
881 1081 961 1135 leru-
1013 1082 1092 1147 disat,
1102 1089 1128 1138 et
1139 1083 1268 1152 usquead
1277 1084 1485 1140 internecionem
1497 1100 1589 1140 eorum
1601 1088 1651 1155 qui
1661 1087 1739 1141 nitus
1752 1094 1823 1152 sunt,

149 1174 239 1229 salem
265 1172 371 1229 includi
399 1173 545 1243 uolebant,
570 1176 599 1227 et
626 1189 724 1227 rursus
750 1188 837 1245 quam
861 1173 962 1229 urbem
1013 1181 1182 1247 oppugnant.
1205 1176 1339 1235 Gloriosus
1360 1178 1435 1234 beros
1452 1178 1595 1250 palatinus
1610 1194 1698 1235 comes
1713 1181 1824 1250 septa-

148 1268 232 1324 Turci
244 1266 376 1339 primitus
388 1266 627 1339 aggrederentur,
642 1266 822 1338 ignorabant.
836 1267 963 1323 Tandem
1012 1286 1063 1325 nus
1087 1272 1230 1339 Bleseasis,
1256 1272 1321 1327 llilo
1348 1272 1380 1327 de
1404 1273 1485 1327 Braio
1510 1277 1535 1327 et
1558 1275 1701 1344 Harpiaus
1724 1275 1824 1331 Bituri-

147 1361 300 1434 repentino
335 1361 444 1433 impetu
476 1360 658 1417 admirabilis
694 1366 724 1415 et
758 1360 964 1417 inestimabilis
1013 1365 1106 1428 canu,
1126 1364 1284 1420 Guillelmus
1302 1365 1478 1422 Sine-babere
1495 1372 1520 1421 et
1539 1366 1632 1422 Simon
1651 1368 1744 1435 nater
1761 1367 1825 1437 ejrrs,

149 1456 288 1513 exercitus
308 1455 456 1510 Remulum
478 1453 738 1522 circumdederunt,
759 1458 788 1510 et
810 1455 963 1510 missilibus
1013 1458 1114 1527 aliique
1135 1460 1240 1513 strenui
1260 1461 1403 1528 optimates
1424 1460 1548 1516 Romulae
1570 1459 1671 1517 Christi
1694 1466 1826 1531 martyres

149 1548 344 1621 machinisque
364 1548 482 1604 dirersis
501 1565 617 1604 murum
633 1548 763 1620 aggredi,
779 1552 808 1604 et
821 1548 964 1620 ligonibus
1011 1553 1091 1620 fiunt,
1110 1552 1214 1606 atinde
1233 1568 1284 1615 me,
1301 1557 1331 1607 ut
1348 1567 1395 1608 uos
1411 1554 1532 1623 aliosque
1549 1554 1652 1620 [ratres
1672 1560 1781 1610 nasum
1794 1554 1828 1609 od

148 1661 180 1699 ac
200 1643 328 1699 fossoriis
347 1642 487 1698 sullodere
508 1641 598 1698 moliti
617 1646 693 1697 sunt.
715 1642 828 1714 Egregii
848 1643 962 1710 milites,
1013 1646 1115 1700 similia
1133 1648 1322 1712 confortarem,
1340 1647 1469 1702 uiolenter
1490 1648 1645 1703 emanant.
1660 1650 1757 1704 Hostes
1770 1664 1828 1704 sero

148 1737 199 1792 sed
220 1737 312 1809 pauci,
330 1736 407 1791 intus
426 1738 517 1803 eraut,
535 1752 589 1790 nec
607 1739 693 1791 tautae
714 1736 783 1790 moli
802 1741 861 1790 tam
885 1727 1163 1808 miroeBproeaeiter
1186 1754 1233 1794 nos
1260 1742 1394 1809 persecuti
1420 1744 1500 1804 sunt,
1524 1744 1549 1795 et
1574 1740 1639 1804 buc,
1668 1746 1700 1796 ut
1722 1744 1827 1811 opinor.

147 1829 339 1886 multitudiuis
353 1828 484 1885 resistere
500 1827 687 1884 sufficiebant.
701 1828 862 1899 Stephanus
876 1829 966 1900 igitur
1014 1835 1106 1887 entire
1129 1833 1316 1888 maturabunt.
1340 1836 1428 1896 Nune,
1454 1835 1479 1889 si
1502 1834 1602 1904 placet.
1628 1836 1660 1889 in
1683 1836 1830 1891 leuantem

147 1928 176 1981 et
195 1922 334 1995 llarpiuus
354 1927 439 1994 atque
458 1922 623 1977 Cuillelmus
642 1921 843 1989 Sine-habere,
860 1920 964 1993 aliique
1016 1924 1136 1994 legatum
1152 1926 1323 1988 destinemus,
1344 1932 1369 1983 et
1383 1927 1550 1997 patriarcba
1564 1930 1720 1998 cuncteque
1733 1928 1829 1995 tratri·

148 2033 246 2073 omues
261 2016 324 2088 regi
339 2019 549 2089 persuaserant
569 2015 599 2070 in
614 2016 769 2070 Jerusalem
788 2014 879 2070 abiret
898 2031 963 2070 eum
1015 2019 1063 2074 bus
1082 2022 1180 2076 nostris
1199 2021 1356 2075 mandemus
1375 2027 1407 2075 ut
1429 2021 1504 2077 noha's
1522 2023 1551 2076 in
1571 2023 1713 2078 anmetate
1731 2024 1829 2077 comti-

148 2112 226 2168 omni
251 2111 395 2167 celeritate
419 2127 425 2165 :
451 2112 629 2173 Festiamter,
653 2109 796 2181 inquiunt,
821 2125 836 2164 o
856 2114 964 2165 strenae
1014 2116 1078 2170 tutis
1098 2114 1283 2183 suffrapentur
1303 2115 1413 2169 celerius
1432 2114 1526 2169 arilina
1546 2130 1680 2184 conqruo,
1700 2117 1775 2170 sicut
1793 2118 1829 2171 eis

147 2209 199 2272 uir,
225 2209 254 2261 in
274 2211 396 2261 sarnetum
416 2205 508 2259 urbem
526 2219 653 2274 propera,
679 2220 712 2258 ue
735 2205 793 2258 sine
815 2208 962 2274 protectore
1012 2209 1236 2263 comittuerimus.
1255 2209 1384 2279 Cumque
1399 2224 1498 2263 omnes
1517 2208 1572 2263 hoe
1589 2207 1745 2265 laudarent
1762 2225 1828 2264 cou-

148 2305 187 2357 tot
212 2316 272 2355 eam
296 2300 434 2355 inuoluunt
457 2299 577 2367 agmina,
603 2300 744 2369 ipsamque
767 2301 879 2352 matrem
902 2312 962 2352 cunt
1011 2300 1116 2370 silium,
1133 2318 1180 2356 rex
1201 2301 1353 2373 quemdam
1370 2301 1530 2356 animosum
1550 2301 1602 2356 sibi
1620 2302 1721 2357 ascivit
1744 2303 1828 2358 armi·

146 2396 266 2452 omnibus
288 2394 356 2464 filiis·
378 2395 435 2448 suis
457 2396 616 2448 eorusrmant
639 2393 843 2460 impugnatione
864 2406 960 2461 repen·
1013 2409 1113 2466 gerum
1128 2411 1134 2449 :
1150 2395 1246 2464 Clare,
1265 2395 1369 2466 inquit,
1384 2397 1484 2463 fruta,
1497 2395 1566 2450 vade
1583 2398 1614 2450 in
1627 2397 1791 2459 Jerusalem,
1805 2402 1829 2451 et

147 2493 214 2545 tino.
229 2491 295 2544 licea
312 2490 416 2558 pariter
434 2487 476 2540 bie
494 2486 591 2541 inclusi
602 2499 702 2548 mmsis,
718 2488 744 2539 et
757 2487 786 2539 in
799 2486 961 2551 confessione
1009 2489 1099 2543 adalae
1118 2489 1193 2544 nobis
1210 2491 1331 2557 fratrum
1348 2495 1502 2544 nostrorum
1517 2495 1654 2544 ‹trmattnn
1672 2489 1829 2545 multitudi-

147 2586 247 2644 Christi
266 2586 346 2654 finem
364 2587 487 2635 nostrum
509 2582 577 2634 certi
595 2585 787 2649 enspretumus,
808 2577 959 2634 Creatorem
1009 2597 1079 2642 aera,
1103 2589 1181 2652 teque
1203 2587 1262 2637 etta
1283 2584 1386 2642 comite.
1410 2599 1470 2638 eum
1493 2585 1705 2645 conuenerimus,
1726 2585 1831 2651 faciam

146 2684 269 2735 nostrum
292 2682 346 2731 toto
368 2674 447 2729 corde
464 2678 601 2744 poscentes
621 2680 651 2726 ut
674 2672 729 2741 ejus
749 2674 807 2728 ueri
828 2677 960 2741 martyres
1009 2676 1132 2730 militem.
1147 2676 1207 2731 llos
1222 2676 1267 2730 ille
1282 2675 1442 2746 injunctam
1454 2675 1629 2748 legationem
1643 2674 1753 2747 optime
1769 2692 1831 2731 cou-

145 2776 239 2836 simus,
262 2778 288 2827 et
305 2785 356 2841 per
379 2769 534 2839 effresionern
558 2769 586 2821 in
609 2767 668 2834 eius
688 2768 795 2822 nomine
817 2768 959 2834 sanpur'rn‘s
1008 2769 1168 2838 summarii,
1192 2769 1395 2841 promissaeque
1417 2773 1592 2826 armaturam
1615 2768 1727 2825 militias
1753 2770 1831 2826 haud

144 2868 230 2923 nostri
248 2882 265 2920 a
280 2864 398 2934 peccatis
416 2859 868 2930 emundemuromnibus,e1'usque
887 2859 956 2914 desi·
1007 2861 1131 2933 segniter
1145 2863 1313 2934 promeruit.

144 2960 290 3017 derabilem
306 2957 410 3011 cultum
428 2956 506 3010 nobis
522 2954 682 3025 placabilem
701 2969 761 3008 eum
776 2955 832 3009 suis
846 2958 957 3009 contem·
1044 2955 1230 3011 Euseccabilis
1250 2972 1429 3029 paganorum
1449 2957 1586 3013 exercitus
1605 2959 1763 3016 Remulum
1783 2961 1831 3018 de-

140 3055 218 3126 plari
242 3052 389 3107 valeramus.
420 3050 496 3111 Vale,
525 3049 590 3103 bone
615 3063 673 3111 ree,
701 3052 726 3103 et
750 3049 795 3102 eei
820 3049 955 3111 coartinuo,
1010 3051 1127 3119 struxit,
1157 3056 1185 3106 et
1211 3067 1313 3106 omnes
1340 3067 1409 3123 quos
1435 3051 1512 3106 intus
1536 3058 1697 3125 repererat,
1726 3055 1830 3112 occidit

144 3149 267 3220 quamuis
287 3148 357 3201 inter
377 3148 478 3205 tantas,
500 3146 607 3212 tamque
625 3141 744 3196 nudans
761 3142 878 3195 hostium
894 3093 1000 3212 plia·C
1013 3144 1055 3204 rel
1077 3144 1105 3198 in
1128 3143 1317 3214 captivitatem
1337 3143 1428 3199 duxit.
1448 3144 1528 3213 lude,
1549 3145 1667 3203 victoria
1685 3147 1828 3220 turgidus,

145 3241 245 3311 loripes,
260 3240 382 3309 difficilis
398 3240 432 3294 sit
447 3238 569 3307 epressio,
584 3238 639 3291 nisi
652 3236 747 3291 diuina
761 3236 810 3290 tibi
822 3238 962 3291 comitetur
1012 3237 1111 3292 eadem
1134 3237 1179 3293 die
1196 3239 1305 3310 loppen
1326 3237 1452 3306 accessit,
1469 3242 1497 3293 et
1516 3238 1699 3296 multitudiue
1718 3242 1765 3297 sui
1780 3258 1828 3297 su·

142 3337 292 3392 miseratio.
1010 3331 1157 3402 perficiem
1185 3334 1270 3387 terrm
1296 3332 1387 3387 instar
1412 3332 1584 3389 locustarum
1614 3336 1775 3407 cooperuit,
1800 3339 1830 3393 et

178 3429 258 3486 Annii
279 3428 399 3484 barones
420 3426 480 3481 hose
502 3429 530 3480 et
550 3424 604 3479 alia
622 3423 667 3479 his
686 3423 791 3479 similla
806 3424 868 3495 regi
884 3423 958 3479 dixe·
1010 3425 1187 3497 Stephanum
1207 3425 1354 3495 comitem,
1374 3426 1500 3499 aliosque
1514 3427 1564 3499 qui
1581 3428 1740 3484 nobiliores
1757 3430 1830 3486 aesti-

142 3530 220 3590 runt,
246 3523 395 3595 ipsumque
421 3521 455 3577 de
481 3518 606 3591 periculo
630 3518 658 3573 iu
687 3519 777 3589 majus
803 3517 961 3589 periculum
1010 3520 1078 3573 mati
1107 3526 1190 3588 sunt,
1217 3520 1385 3575 Ascalonem
1416 3520 1573 3577 destinavit.
1601 3522 1693 3578 biduo
1724 3523 1829 3581 urbem

144 3617 245 3689 egredi
257 3621 423 3688 coegerunt.
436 3614 485 3670 llle
498 3618 640 3669 tantorum
654 3613 815 3668 hortatibus
829 3612 958 3681 heroum,
1010 3612 1143 3668 obsidens
1162 3613 1247 3681 siluit,
1267 3613 1368 3685 dicque
1384 3614 1469 3670 tertia
1484 3631 1549 3669 cum
1564 3614 1671 3673 damno
1689 3620 1720 3673 et
1739 3616 1826 3674 dede·

142 3711 208 3768 licet
228 3710 344 3779 invitus,
359 3709 509 3782 acquievit,
523 3712 553 3763 et
570 3707 692 3763 celerem
712 3722 827 3778 equam,
840 3705 958 3761 fortissi-
1010 3722 1074 3762 core
1099 3708 1223 3762 recessit.
1249 3708 1319 3761 Nam
1342 3709 1472 3764 custodes
1497 3708 1568 3765 arcis
1590 3710 1700 3781 taphiae
1723 3710 1828 3768 vexilla

143 3823 289 3878 mamque,
301 3821 388 3876 quam
402 3803 538 3858 Farisiam
552 3802 707 3873 appellant,
720 3817 784 3855 etam
800 3817 856 3855 uno
869 3799 959 3855 milite
1008 3800 1312 3871 ierosolymitanorum
1326 3817 1411 3872 super
1423 3807 1559 3858 montana
1571 3802 1715 3867 viderunt,
1728 3808 1757 3860 et
1770 3822 1827 3861 cos·

142 3900 277 3967 ascendit,
293 3902 323 3953 et
343 3914 483 3969 egressus,
502 3895 617 3950 hostiles
638 3899 763 3950 catervas
780 3899 876 3960 noctu,
891 3910 957 3965 pro·
1008 3893 1074 3949 tello
1087 3893 1322 3966 burgundionum
1336 3895 1466 3966 proxima
1480 3897 1655 3968 gratulantes
1668 3899 1732 3971 regi
1746 3904 1824 3955 retu·

143 3998 257 4064 tegente
289 3992 360 4058 lieo,
388 3992 490 4045 illusus
522 3987 682 4060 penetrarit
690 4005 699 4056 3
727 4004 848 4059 eumque
872 3993 958 4042 noctu
1008 3986 1114 4041 lerunt.
1130 3987 1188 4042 Rex
1206 3991 1302 4043 autem
1316 3987 1444 4044 fidelium
1461 3994 1588 4045 turmam
1607 3993 1782 4063 convocavit,
1796 3997 1827 4049 et

144 4094 235 4143 castra
261 4101 436 4157 paganorum
468 4082 683 4155 pertransisset,
709 4085 741 4136 ut
771 4080 880 4135 Heliam
906 4097 959 4151 per
1007 4079 1082 4134 virili
1105 4080 1303 4136 exhortatione
1325 4082 1521 4152 corroborans,
1544 4083 1583 4138 ait
1604 4100 1611 4138 :
1630 4086 1698 4141 Ecce
1722 4091 1826 4158 tempus

143 4180 269 4236 diversos
296 4180 441 4233 anfractus
465 4179 590 4231 actutum
617 4174 757 4240 tenderet,
784 4174 883 4246 vigiles
910 4175 957 4245 qui
1008 4176 1124 4229 strenuis
1144 4175 1274 4229 tironibus
1292 4175 1421 4246 optabile,
1443 4181 1468 4232 et
1488 4177 1641 4233 illustribus
1660 4180 1772 4235 athletis
1790 4181 1826 4236 ad

143 4273 331 4341 excubabant,
358 4272 471 4343 ignotos
499 4269 604 4325 milites
632 4268 816 4340 pertransisse
841 4284 956 4339 compe·
1007 4268 1137 4323 ultionem
1149 4268 1292 4323 clatrorum
1304 4270 1453 4339 probabile,
1469 4270 1624 4341 timidisque
1635 4287 1667 4327 uc
1680 4274 1824 4337 imrtibus,

142 4369 248 4425 cientes
272 4366 418 4422 vociferati
443 4370 526 4430 sunt,
556 4370 599 4430 ct,
627 4361 752 4418 excitatis
777 4362 956 4431 cohortibus,
1006 4362 1183 4431 vulpiumque
1199 4362 1267 4417 dolis
1285 4366 1309 4417 et
1326 4365 1437 4432 segnitie
1455 4364 1588 4420 similibus
1604 4368 1671 4421 satis
1685 4366 1823 4424 horribile.

142 4463 263 4537 perduc
282 4460 414 4516 milliaria
432 4458 573 4530 fugientes
588 4473 653 4512 cum
668 4456 780 4528 ingenti
794 4456 914 4528 strepitu
928 4460 956 4511 et
965 4469 995 4543 D
1006 4457 1069 4510 Ecce
1091 4459 1194 4524 pentem
1218 4460 1280 4510 ante
1300 4457 1403 4524 januas
1427 4458 1524 4513 uidetis
1546 4463 1650 4515 uestras
1671 4462 1822 4517 enseuabi·

141 4557 252 4614 ululatu
272 4554 392 4611 insecuti
411 4556 488 4608 suut.
508 4554 564 4608 tter
587 4557 685 4607 autem
706 4567 759 4621 per
779 4550 953 4619 diverticula,
1007 4549 1066 4611 lem,
1090 4550 1253 4620 Dominoque
1278 4552 1342 4613 Deo,
1364 4553 1517 4622 armatisque
1537 4552 1663 4621 fidelibus
1689 4554 1747 4624 ejus
1770 4556 1824 4611 odi

141 4668 206 4725 qum
220 4652 348 4717 noverat,
361 4649 484 4719 aufugit,
496 4649 609 4718 lteoque
620 4646 749 4716 juvante,
765 4661 829 4699 cum
842 4661 956 4698 summa
1006 4642 1093 4697 bilem.
1114 4645 1175 4705 Eia,
1197 4645 1252 4698 oiri
1270 4645 1363 4712 (orta,
1384 4660 1461 4700 arma
1479 4647 1586 4711 sumite,
1606 4652 1632 4702 et
1649 4654 1749 4704 eontra
1769 4651 1821 4704 ini·

140 4746 305 4802 dillieultate
339 4743 442 4798 iltaesus
476 4742 571 4796 evasit.
604 4741 705 4807 Porro,
738 4755 789 4811 per
820 4742 956 4793 montana
1005 4738 1085 4791 mices
1118 4739 1236 4792 omnium
1268 4739 1398 4794 boicarum
1428 4741 1572 4807 insipniter
1604 4743 1751 4812 insurgite.
1778 4743 1823 4799 Ad

140 4840 223 4907 riam,
244 4854 331 4912 quam
352 4841 476 4909 coeperat
496 4841 591 4891 tenere
610 4833 639 4889 in
659 4833 828 4897 Jerusalem,
848 4835 955 4887 tremu·
1005 4830 1161 4898 sesumam
1191 4833 1319 4887 altionem
1343 4834 1393 4888 Dei
1416 4834 1533 4889 uiriliter
1560 4838 1718 4900 armamini,
1746 4838 1822 4892 soah

139 4933 183 4989 lus
199 4933 332 5000 deseruit,
353 4937 384 4987 et
397 4946 448 5003 per
463 4929 586 5001 abrupta
601 4926 753 4981 difficulter
766 4925 800 4980 nd
816 4924 955 4997 oppidum
1005 4925 1288 4995 appropinquantibus
1307 4926 1399 4981 urbem
1418 4927 1586 4997 egredimini,
1605 4928 1712 4999 {ideque
1729 4930 1821 4997 fortes

140 5026 216 5099 quod
236 5029 321 5082 hrstu
341 5025 453 5092 dieitur,
476 5022 613 5095 persenit,
633 5020 728 5092 ibique
748 5019 871 5091 trepidos
891 5035 953 5074 eus·
1005 5020 1034 5073 in
1061 5020 1108 5074 liei
1131 5022 1299 5088 protectione
1321 5021 1497 5092 praeliamini.
1524 5022 1644 5092 injurias
1668 5028 1773 5081 uestras
1797 5028 1821 5081 et

140 5120 219 5175 todes
235 5120 387 5191 vigilantes
402 5117 518 5174 invenit.
538 5116 669 5171 Protinus
689 5130 753 5170 cum
772 5113 827 5168 illis
846 5114 956 5168 loeutus
1005 5113 1105 5167 darana
1123 5113 1281 5168 medullitus
1297 5119 1436 5178 recensete,
1455 5130 1606 5186 manusque
1623 5122 1727 5173 uestras
1749 5118 1823 5174 baud

141 5220 197 5282 est,
226 5220 268 5282 et,
297 5213 403 5268 intrare
430 5211 539 5279 voleus,
567 5210 696 5281 repulsus
727 5213 776 5264 est.
805 5207 955 5264 Castellaui
1005 5221 1097 5276 seques
1120 5209 1238 5262 sentiant
1263 5208 1430 5278 ‹alnniprne
1455 5209 1624 5281 Stephanum
1649 5214 1773 5269 cunilam
1797 5218 1822 5269 et

140 5309 227 5376 enim,
254 5306 382 5379 quamvis
409 5306 464 5361 illis
491 5304 606 5359 dixisset
631 5302 758 5358 crebrius
783 5318 790 5356 :
816 5304 872 5371 Epo
896 5318 956 5357 sum
1005 5302 1175 5371 harpinum,
1202 5302 1321 5372 aliosque
1352 5318 1465 5373 mapnm
1496 5304 1607 5361 barones
1634 5312 1820 5376 peremeruntr

138 5402 309 5467 halduinum
337 5401 419 5456 nolite
455 5400 564 5465 timere;
591 5398 726 5453 vobiscum
758 5412 800 5451 me
829 5398 954 5467 recipite,
1005 5396 1123 5464 epreplos
1147 5396 1248 5451 milites
1275 5403 1302 5450 et
1327 5397 1449 5453 ductores
1474 5405 1579 5455 nostros
1603 5400 1679 5455 nobt's
1703 5400 1821 5457 obstule-

140 5496 331 5552 muttilormes
359 5493 484 5549 hostium
512 5493 592 5548 dolos
616 5491 821 5559 formidantes,
847 5505 903 5544 non
930 5488 957 5545 ci
1004 5491 1080 5541 runt.
1107 5490 1232 5554 Berones,
1254 5504 1313 5545 cum
1338 5490 1464 5561 lactuosis
1485 5492 1555 5556 dieo,
1579 5493 1676 5563 quibus
1701 5495 1823 5551 maiores

141 5590 333 5657 crediderunt,
351 5587 442 5643 donec
455 5587 553 5659 ignem
570 5601 656 5657 super
677 5586 781 5641 maenia
799 5583 955 5641 succende·
1005 5584 1119 5653 reperiri
1138 5590 1273 5654 nequeunt
1293 5586 1323 5640 in
1341 5585 1454 5642 mundo.
1471 5588 1570 5644 liccem
1589 5586 1667 5644 dour
1685 5588 1720 5647 de
1739 5594 1824 5647 mute

168 5774 223 5841 [43)
239 5773 336 5827 Potius
351 5771 517 5833 Admiratus,
530 5767 615 5836 vulgo
628 5769 707 5821 eutr.
