3750 6046
139 172 188 231 ost
584 232 587 237 ,
830 170 992 233 oubamct
1012 170 1145 233 Vl'l'hLlS
1769 176 1817 237 ⁹³2
1849 176 1852 249 j

138 296 215 353 tonis
233 294 307 352 illins
326 295 361 353 de
384 294 476 366 biara,
497 294 594 353 Garsio
614 295 745 353 Adramis
763 297 869 370 aliique
890 299 953 371 plu·
964 297 1061 382 Arias
1085 298 1181 370 itaque
1206 295 1430 357 Christiauomm
1455 290 1618 375 phalpuges
1643 312 1700 372 par
1725 296 1818 357 darios
1850 300 1852 309 '

140 407 184 445 res
209 390 336 445 bellicosi
362 406 492 463 proceres
516 391 546 447 iu
567 391 803 463 Campo-bolcnti
826 398 953 447 certave-
1004 392 1146 448 anfractus
1163 393 1198 448 ad
1219 393 1365 448 maritima
1381 392 1526 465 perduxit,
1540 392 1640 465 ibique
1658 392 1818 449 multitudi-

139 486 220 539 runt.
1004 502 1071 541 uem
1083 488 1290 542 Saracenorum
1303 486 1600 559 opimamcaptiriset
1613 487 1715 559 spoliis
1726 486 1818 543 Chris·

175 576 353 633 llildeionsus
368 594 415 633 rex
434 580 466 632 ut
483 578 610 649 primam
629 577 732 647 aciem,
748 594 813 650 quae
828 580 954 636 camelos
1004 579 1147 634 tianorum
1159 585 1329 635 onerantem
1340 596 1425 635 naves
1437 579 1555 649 invenit,
1570 579 1725 653 subitoque
1738 596 1820 653 saper

137 669 308 725 victualibus
332 675 447 726 onustos
468 670 598 739 ducebat,
620 671 775 744 perspexit,
797 673 954 728 bertranno
1004 688 1061 744 eos,
1075 674 1125 744 qui
1138 673 1176 728 nil
1190 672 1355 744 hujusmodi
1367 679 1436 729 tunc
1448 673 1678 744 suspicabantur,
1688 673 1782 743 inuit,
1794 681 1820 731 et

138 763 247 833 comiti,
266 767 298 819 ut
316 780 382 820 cum
402 764 441 819 eis
460 765 553 835 primo
573 763 722 820 dimicaret
741 767 885 838 praecepit.
902 766 954 822 Cui
1004 762 1040 818 de
1062 763 1116 818 illis
1132 764 1220 819 nimia
1234 764 1311 819 caede
1327 770 1450 835 peracta,
1465 764 1515 819 iras
1535 764 1642 821 iuranti
1659 765 1819 837 aliquantu·

140 858 313 913 bertrannus
331 857 403 913 dixit
422 874 429 912 ι
447 859 559 913 Domine
575 874 635 921 reu,
649 861 751 929 primos
771 862 890 916 transire
910 861 952 914 dt·
1004 857 1064 912 lum
1089 857 1231 912 satisfecit.
1258 857 1299 913 lbi
1325 857 1403 913 naris
1426 857 1567 929 capitibus
1590 857 1820 916 Christianomm

136 953 286 1017 mittamus,
298 955 328 1006 ut
339 951 396 1006 iilis
407 951 444 1005 ad
456 951 550 1006 urban
559 953 785 1023 appropiantibus
797 969 844 1009 nos
855 956 955 1025 optime
1004 954 1106 1006 onusta
1121 954 1190 1021 erat,
1207 968 1271 1023 quae
1287 966 1334 1005 rex
1355 951 1465 1006 Bucher
1482 951 1557 1023 patri
1575 969 1627 1008 suo
1642 952 1709 1025 regi
1723 952 1819 1009 Africae

135 1047 232 1115 parati
249 1046 345 1107 simus,
359 1049 384 1098 et
398 1044 460 1099 iilos
473 1046 499 1099 si
510 1046 952 1116 onustipraedisremenoerintle-
1003 1060 1055 1115 pro
1080 1044 1247 1100 testimonio
1275 1044 1400 1100 victoriae
1432 1061 1491 1100 sum
1522 1045 1665 1102 mittebat.
1693 1046 1820 1119 Captivos

135 1139 205 1197 rire,
235 1143 260 1191 et
283 1143 361 1193 caute
386 1142 480 1192 contra
503 1138 619 1193 insidias
644 1141 817 1195 inimicorum
843 1142 954 1210 apinina
1003 1153 1116 1209 quoque
1135 1138 1246 1194 circiter
1260 1138 1466 1210 septingentos,
1479 1138 1651 1211 etinsigues
1672 1138 1821 1195 manubias

135 1235 229 1286 nostra
247 1235 347 1286 tutare.
361 1232 467 1286 Interea
480 1236 618 1301 sequentes
635 1234 720 1287 socios
737 1248 829 1289 eorum
844 1249 952 1304 aespac-
1002 1248 1082 1287 rane
1093 1232 1183 1287 laudis
1197 1237 1311 1287 amator
1324 1231 1496 1287 destinabat.

135 1327 231 1387 tanus,
250 1329 275 1379 ct
288 1327 410 1395 prompti
428 1325 495 1380 betto
510 1327 685 1395 recipiamus.
698 1326 777 1381 Tunc
795 1327 885 1382 iratus
904 1342 952 1383 rex
1038 1325 1216 1381 llildeiousus
1230 1328 1327 1380 autem
1343 1341 1404 1394 rex,
1422 1328 1452 1380 ut
1472 1340 1557 1396 supra
1576 1325 1690 1381 dictum
1710 1333 1763 1393 est,
1776 1327 1819 1383 liei

135 1433 201 1473 cum
221 1416 424 1473 exclamatione
437 1417 528 1474 dixit:
546 1419 598 1474 Ubi
610 1425 650 1474 est
663 1422 874 1488 mapuanimitas
892 1425 951 1485 tua,
1002 1423 1073 1473 nutu
1095 1422 1214 1490 repente
1236 1418 1409 1490 supervenit,
1432 1419 1563 1490 iactaque
1587 1419 1689 1475 hostili
1717 1425 1817 1492 strage,

134 1515 240 1567 strenue
252 1513 428 1567 comestliuc
441 1527 528 1583 usque
543 1513 718 1568 timiditatem
731 1529 872 1584 nunquam
883 1517 914 1569 in
928 1520 953 1571 ts
1002 1526 1138 1567 cesorum
1159 1512 1252 1583 capita
1273 1512 1415 1568 sociorum
1440 1511 1545 1583 rapuit,
1568 1517 1598 1568 et
1620 1512 1747 1569 Ecclesia
1769 1514 1817 1569 Dei

134 1606 233 1676 reperi.
255 1604 302 1661 llis
321 1605 413 1673 dictis,
435 1606 538 1660 Consul
559 1606 705 1662 animosus
728 1606 851 1675 erubuit,
871 1614 900 1663 et
921 1608 951 1663 in
1001 1603 1158 1660 honorilice
1185 1604 1349 1677 sepelienda
1374 1604 1505 1661 reddidit.
1528 1604 1642 1677 Captivi
1668 1622 1749 1674 vero,
1772 1608 1817 1679 qui

135 1697 263 1753 ethnicos
280 1714 346 1753 cum
361 1698 419 1753 suis
433 1699 551 1755 caetibus
570 1699 674 1755 acriter
691 1700 783 1755 irruit.
800 1701 842 1755 llll
862 1701 949 1773 proti·
960 1677 1058 1769 Bjem
1072 1697 1100 1752 in
1117 1699 1235 1754 nasibus
1248 1698 1332 1754 vincti
1342 1698 1486 1770 jacebant,
1500 1698 1654 1770 strapritum
1672 1700 1817 1757 audientes

134 1806 189 1845 nus
216 1796 294 1863 terga
318 1796 481 1860 verterunt,
504 1808 537 1847 ac
564 1792 602 1847 ad
633 1793 860 1849 innumerabiles
887 1811 951 1866 qum
1001 1792 1095 1846 oculos
1109 1792 1282 1859 levaverunt,
1298 1791 1467 1848 stridentes
1484 1791 1560 1862 quod
1575 1797 1680 1863 optare
1696 1808 1757 1850 non
1773 1809 1816 1849 su·

137 1883 332 1955 sequebantur
354 1888 479 1941 catervas
502 1885 635 1956 refugere
659 1886 752 1941 moliti
774 1890 851 1942 sont.
874 1888 952 1943 Tunc
1000 1884 1117 1953 debant,
1133 1886 1318 1941 vehementer
1331 1884 1479 1941 exhilarati
1492 1890 1569 1953 suut,
1582 1885 1694 1941 viribus
1706 1903 1815 1960 quoque

132 1976 293 2033 innumeras
315 1978 473 2052 phalanges
496 1979 527 2034 in
551 1979 727 2036 Christianos
752 1987 949 2050 surrexerunt,
1001 1978 1151 2050 resumptis
1169 1978 1299 2036 alacriter
1316 1979 1435 2035 animati
1455 1986 1531 2048 sunt,
1551 1982 1582 2034 et
1601 1979 1772 2037 Christianis
1787 1982 1815 2037 iu

24 2076 27 2083 '
133 2075 162 2127 et
184 2072 373 2127 bertrannum
398 2088 431 2128 ac
456 2072 619 2129 llaimarum
642 2080 672 2130 et
695 2075 859 2131 Ceutulium
884 2092 949 2131 cum
999 2071 1093 2128 littore
1112 2088 1177 2129 cum
1192 2074 1337 2130 saracems
1356 2072 1552 2146 pugnantibus
1565 2072 1679 2129 vincula
1697 2074 1815 2132 ricisum

132 2165 233 2220 multis
253 2164 379 2222 millibus
398 2166 572 2222 occiderunt.
999 2165 1192 2237 absolverunt,
1206 2183 1239 2222 ac
1256 2168 1292 2222 ad
1312 2166 1471 2222 subsidium
1488 2181 1607 2222 suorum
1623 2166 1660 2222 de
1676 2169 1814 2242 puppibus

168 2260 229 2315 Rex
244 2263 417 2314 autemeam
432 2259 554 2315 residuis
567 2260 596 2316 in
611 2260 737 2333 quodam
754 2262 826 2317 colle
841 2261 950 2318 diutius
999 2259 1189 2331 prosilierunt,
1205 2259 1381 2332 sumptisque
1397 2260 1594 2332 jugulatorum
1610 2262 1714 2329 armis,
1728 2262 1815 2319 ethui-

133 2349 288 2421 dimicavil,
300 2352 445 2425 nimiaque
458 2353 581 2409 hostium
593 2354 775 2411 multitudiue
787 2356 947 2426 conclusus,
998 2369 1046 2407 cos
1068 2352 1160 2408 adhuc
1181 2353 1348 2426 superstites
1371 2354 1541 2411 mortificare
1561 2357 1654 2413 moliti
1676 2360 1756 2412 sunt.
1773 2357 1814 2414 Sic

131 2461 196 2500 suos
211 2462 284 2516 pene
304 2462 401 2502 omnes
421 2446 526 2515 amisit,
545 2447 642 2519 ibique
662 2449 697 2504 ad
717 2454 839 2505 mortem
860 2465 949 2521 usqua
998 2446 1123 2518 tripudio
1148 2462 1327 2518 paganorum
1351 2463 1434 2504 versa
1459 2448 1518 2504 vice
1544 2448 1637 2505 luctus
1662 2451 1813 2519 successit,

131 2554 185 2611 pro
207 2539 319 2596 Christo
343 2540 498 2613 confligere
519 2541 679 2613 proposuit.
700 2542 830 2599 Pontifex
851 2550 949 2599 eutem
998 2543 1027 2595 et
1038 2539 1197 2597 Christiana
1210 2541 1312 2597 cohors
1325 2541 1355 2597 iu
1368 2541 1477 2598 cunctis
1492 2541 1626 2615 operibus
1645 2544 1706 2600 suis
1726 2545 1813 2601 Deum

130 2632 293 2705 Urgelensis
320 2634 381 2705 regi
407 2639 438 2690 ut
461 2634 608 2690 recederet
626 2635 720 2706 jussit.
745 2635 799 2692 Sed
826 2636 874 2692 ille
897 2654 949 2708 pro
998 2633 1154 2688 benedixit.

130 2728 218 2783 ruina
233 2743 351 2783 suorum
366 2728 451 2783 nimis
466 2731 582 2783 moestus
595 2728 695 2784 noluit.
709 2729 761 2784 cui
775 2729 924 2801 episcopus
938 2748 945 2786 ε
1034 2727 1211 2783 llildeionsus
1224 2727 1305 2783 sortis
1318 2744 1368 2783 rex
1384 2727 1528 2784 laboribus
1542 2733 1572 2785 et
1588 2730 1729 2787 arumnis
1743 2731 1812 2787 irac-

132 2819 176 2875 Ec
193 2823 365 2891 auctoritate,
381 2821 484 2893 inquit,
499 2823 550 2876 Dei
567 2824 766 2893 omnipotentis,
784 2824 834 2878 tibi
849 2827 947 2895 pruci-
999 2823 1043 2874 tus
1067 2821 1151 2891 paulo
1174 2826 1239 2891 post
1260 2822 1416 2892 aegrotarit,
1441 2825 1471 2877 et
1492 2821 1522 2877 in
1544 2822 1617 2879 lecto
1638 2824 1813 2881 decumbens

128 2915 187 2984 pio,
208 2919 238 2969 ut
261 2916 404 2982 confestim
423 2915 532 2971 recedas
552 2916 585 2971 de
604 2915 651 2970 boc
669 2931 772 2987 campo,
792 2933 835 2979 ne,
855 2925 880 2973 te
900 2934 946 2973 cu-
997 2917 1063 2986 post
1086 2918 1149 2970 octo
1173 2914 1232 2970 dies
1254 2914 1380 2971 animam
1403 2914 1556 2972 exhalarit.
1581 2915 1644 2982 Quo
1665 2917 1812 2986 defuncto,

130 3005 219 3071 dente,
235 3012 291 3063 totu
304 3010 424 3079 paganis
441 3009 577 3064 subdatur
596 3008 811 3065 Christianorum
822 3014 906 3081 rapio,
922 3017 947 3068 et
997 3006 1065 3080 quia
1080 3008 1171 3063 tilium
1184 3025 1243 3063 uon
1257 3008 1368 3077 habuit,
1385 3008 1512 3065 turbatio
1526 3009 1562 3065 de
1576 3026 1742 3067 successore
1753 3012 1814 3067 sub·

129 3102 232 3156 cunctis
259 3103 288 3156 in
314 3102 364 3156 bac
388 3105 530 3172 prouincia
555 3105 758 3159 consistentibus
782 3104 946 3163 Christianis
992 3101 1085 3172 jectos
1104 3102 1180 3157 inter
1200 3102 1314 3158 bellicos
1333 3102 1468 3174 strepitus
1490 3103 1657 3175 aliquandiu
1680 3105 1812 3162 detinuit.

128 3196 269 3251 incumbat
299 3196 411 3267 publicu
437 3199 598 3264 interfectio.
627 3196 755 3268 lienique
788 3199 945 3271 pontificali
996 3195 1281 3269 lieniquellragones
1296 3196 1460 3267 Remigium
1480 3198 1658 3254 sacerdotem
1672 3200 1812 3255 etmoua·

126 3288 253 3360 jussione
271 3289 448 3359 constrictus,
464 3289 582 3345 obedire
604 3289 700 3360 voluit,
716 3291 766 3346 sed
786 3292 945 3349 innumeris
994 3289 1093 3358 chum,
1113 3290 1180 3362 quie
1197 3291 1285 3345 irater
1308 3290 1384 3362 regis
1402 3294 1465 3346 erat
1484 3291 1644 3363 elegerunt,
1663 3297 1812 3365 stragem

128 3382 254 3438 millibus
267 3399 447 3457 paganorum
460 3385 584 3440 ambitus
597 3383 744 3440 difficilem
762 3386 872 3442 exitum
891 3404 943 3443 un·
994 3382 1047 3438 sibi
1069 3384 1279 3439 constituerunt
1298 3384 1362 3455 (63).
1385 3384 1507 3442 Navares
1527 3388 1625 3441 autem
1645 3385 1812 3443 Garsiouem

128 3476 214 3549 dique
237 3476 445 3550 circumspexit.
466 3481 596 3533 Attamen
620 3494 688 3534 ense
712 3479 799 3535 ieroci
822 3496 887 3536 cum
911 3498 943 3537 ur
994 3478 1315 3549 satrapamsibiregem
1329 3481 1559 3550 preposuerunt.

128 3571 277 3639 militibus,
294 3571 342 3643 qui
362 3570 467 3627 residui
488 3587 553 3629 cum
572 3571 620 3627 illo
638 3571 814 3641 laborabant,
829 3590 880 3646 per
900 3579 942 3631 te·
993 3589 1038 3646 ιιι,
1064 3590 1187 3646 poem
1211 3592 1260 3645 pm·
1284 3591 1482 3647 amputationes,
1502 3592 1681 3662 ppuwpms
1704 3598 1731 3648 η
1752 3608 1809 3649 Μ.

126 3664 259 3721 nuiorem
273 3666 397 3721 hostium
408 3671 515 3721 cratem
529 3665 582 3720 sibi
596 3666 694 3721 callem
706 3666 827 3738 operuit,
839 3671 943 3724 etcum
1029 3671 1148 3724 nasteria
1175 3671 1330 3725 turbantur.
1357 3670 1480 3726 Saluum
1504 3673 1645 3742 antipapa
1671 3672 1810 3728 Anacleti.

128 3775 242 3815 summe
267 3758 431 3814 difficultate
456 3775 521 3815 cum
543 3775 560 3814 x
582 3759 822 3816 commilitonibus
845 3762 941 3830 evasit,
1029 3749 1169 3806 Advenit&
1181 3751 1466 3823 ¹⁷²”000'1‘52'11P092
1478 3752 1507 3806 ⁸⁶²²
1520 3750 1649 3807 aeuum.

126 3852 334 3926 praesulemque
350 3853 516 3924 praedictum
532 3869 597 3908 cum
610 3853 817 3926 quinquaginta
831 3872 941 3928 pugna·
1029 3854 1155 3909 Romana
1175 3853 1310 3923 Ecclesia,
1324 3852 1375 3909 sub
1390 3853 1501 3910 duobus
1518 3853 1695 3925 principibus
1712 3854 1762 3928 qui
1774 3855 1810 3912 de

128 3947 239 4001 toribus
254 3948 437 4018 peremptum
454 3945 580 4017 reliquit.
992 3952 1096 4019 papatu
1115 3946 1364 4017 contendebant,a
1378 3945 1500 4003 transitu
1513 3946 1629 4003 honorii
1645 3963 1730 4020 papae
1747 3954 1809 4004 tur-

163 4039 221 4095 Tali
237 4044 339 4094 eventu
354 4038 475 4110 gentiles
488 4039 554 4094 elati
569 4046 645 4112 sunt,
656 4043 685 4097 et
698 4040 848 4096 Christiani
861 4042 944 4098 rehe·
991 4040 1069 4109 bata,
1096 4040 1198 4112 ingens
1224 4040 1440 4096 tribulationum
1466 4046 1494 4096 et
1520 4039 1731 4097 dissensionum
1758 4058 1810 4114 per

128 4138 242 4189 menter
262 4130 418 4187 contristati
437 4136 511 4188 sunt.
533 4132 590 4188 lter
609 4148 673 4188 cum
692 4150 799 4206 magno
820 4150 941 4191 moerore
992 4133 1090 4190 orbem
1103 4134 1271 4191 exuberavit
1284 4134 1375 4207 copie.
1389 4134 1459 4190 Nam
1474 4134 1505 4190 in
1518 4133 1661 4206 plerisque
1674 4134 1809 4192 caenobiis

125 4227 161 4282 ad
174 4225 282 4281 amicos
301 4229 333 4280 ut
349 4226 494 4296 remearit,
508 4227 767 4299 caesaraugustanis
782 4234 811 4285 et
829 4228 942 4285 Francis
992 4229 1049 4284 duo
1068 4228 1184 4285 abbates
1198 4230 1396 4298 surrexerunt,
1410 4234 1439 4285 et
1452 4228 1483 4283 in
1498 4228 1645 4300 episcopiis
1662 4229 1720 4285 duo
1737 4245 1810 4303 prse-

127 4317 260 4390 oecurrit,
275 4316 393 4391 aliisque
413 4319 554 4389 fidelibus,
568 4320 617 4392 qui
632 4321 667 4376 ad
680 4322 789 4378 bellum
802 4339 939 4395 propera·
990 4322 1067 4378 sules
1081 4323 1117 4378 de
1138 4321 1305 4391 pontificatu
1324 4325 1514 4390 certaremnt,
1528 4337 1651 4395 quornm
1672 4339 1748 4380 unus
1761 4323 1812 4380 sd·

124 4414 206 4484 bant,
222 4414 271 4471 sed
289 4413 446 4470 infortunio
460 4413 532 4470 tristi
551 4415 646 4470 audito
661 4416 847 4473 vehementer
860 4417 940 4474 fracti
949 4413 980 4487 D
990 4415 1120 4472 haerebat
1131 4418 1215 4472 Petro
1227 4416 1374 4486 Anacleto,
1388 4416 1460 4472 alter
1472 4432 1537 4473 vero
1549 4415 1662 4472 larebat
1672 4415 1809 4491 Gregorio

124 4509 273 4581 lugebant.
295 4509 429 4564 videntes
448 4524 515 4565 vero
537 4525 648 4580 regem,
671 4511 830 4567 confortare
850 4527 880 4567 se
898 4527 942 4568 co·
992 4511 1165 4566 Innocentio.
1190 4512 1221 4566 ln
1247 4510 1446 4582 hujuscemodi
1474 4510 1625 4567 schismate
1651 4512 1809 4568 anathema

123 4604 185 4658 nati
200 4608 275 4670 sunt,
289 4617 405 4674 seseque
418 4602 454 4658 ad
469 4602 622 4677 imperium
637 4603 700 4675 ejus
713 4606 814 4676 spoute
829 4604 941 4660 obtule·
991 4605 1204 4661 formidandum
1214 4610 1266 4674 est,
1277 4604 1354 4677 quod
1365 4604 1516 4660 difficulter
1526 4621 1543 4659 a
1552 4604 1724 4676 quibusdam
1738 4622 1811 4678 prae·

123 4699 202 4752 rrrrrt.
992 4699 1086 4754 careri
1099 4701 1203 4770 potest,
1219 4698 1290 4753 dum
1304 4715 1378 4753 unus
1392 4698 1481 4754 alium
1493 4713 1676 4770 summopere
1691 4698 1807 4771 impug-

160 4792 208 4848 llle
228 4793 324 4846 autem
344 4790 389 4845 ira
405 4790 528 4859 fervens,
548 4794 578 4846 et
597 4791 695 4847 dolore
716 4791 836 4864 pollens,
853 4808 942 4848 uuam
990 4797 1050 4862 net,
1065 4792 1297 4864 contrariumque
1309 4791 1363 4847 sibi
1377 4808 1442 4847 cum
1456 4791 1614 4848 fautoribus
1634 4791 1694 4847 suis
1712 4793 1807 4850 ferali·

124 4884 221 4941 saltem
243 4900 261 4938 a
277 4883 405 4952 homino,
421 4887 574 4956 antequam
589 4891 760 4955 moreretur,
774 4885 809 4942 de
823 4886 942 4958 paganis
990 4889 1036 4942 ter
1049 4887 1281 4943 anathematizet.
1297 4886 1344 4943 Sic
1356 4886 1491 4941 nimirum
1507 4884 1626 4958 quisque
1639 4885 1718 4943 adid
1731 4886 1808 4959 quud

123 4979 262 5035 ultionem
279 4994 345 5034 cum
359 4977 472 5050 ingenti
485 4978 624 5034 desiderio
643 4978 872 5050 prestolabatur.
885 4979 942 5036 Ob-
990 4995 1076 5052 agere
1099 4980 1218 5053 appetit,
1243 4978 1293 5036 sed
1316 4979 1542 5052 impossibilitate
1570 4979 1746 5052 prepeditus
1769 4980 1808 5037 ad

152 5148 201 5214 (63)
225 5149 294 5214 Quia
315 5148 439 5202 iiamirus
461 5162 507 5202 ssu
529 5148 691 5210 ilanimirus,
714 5151 806 5215 inquit
828 5150 942 5204 Roderi-
989 5164 1080 5204 uuum
1096 5153 1149 5206 duo
1164 5158 1299 5219 mapnatss
1318 5154 1383 5205 csrti
1395 5152 1548 5218 fidelitatem
1562 5153 1686 5205 naturali
1699 5154 1808 5207 domina

122 5234 173 5273 cue
193 5220 224 5285 (l.
243 5232 282 5281 vt,
299 5234 325 5272 c.
345 5222 375 5284 tl,
395 5221 424 5271 in
436 5223 595 5273 monasterio
616 5223 643 5272 S.
662 5223 733 5272 Petri
746 5222 779 5273 ds
794 5222 941 5283 Thamaris,
989 5226 1119 5277 custodire
1136 5224 1313 5291 plurimorum
1338 5227 1440 5277 animos
1459 5240 1478 5276 a
1494 5226 1582 5291 prima
1602 5227 1738 5291 proposito
1760 5242 1808 5279 rs-

119 5296 205 5347 idest
226 5294 401 5346 Tbomerismi
417 5295 532 5346 canobio
555 5293 584 5345 in
605 5308 674 5361 papo
696 5294 869 5353 Narbonensi,
889 5294 941 5359 suit
988 5302 1132 5357 uocarunt,
1154 5302 1177 5348 et
1200 5303 1229 5348 ut
1250 5297 1415 5348 llanimirum
1433 5296 1590 5349 manacbum
1609 5311 1628 5349 a
1647 5300 1809 5351 monasterio

120 5364 263 5417 monacbus
287 5370 314 5416 st
335 5365 467 5423 sacerdos,
493 5367 544 5418 ima
571 5366 755 5431 quadrapinta
778 5371 803 5417 st
825 5368 941 5433 amptius
990 5369 1137 5431 educerent,
1155 5368 1279 5433 vigilanti
1295 5369 1383 5420 studio
1402 5374 1614 5434 procurarunt..
1635 5370 1670 5421 Et
1686 5371 1809 5423 mustum

119 5450 206 5490 annos
227 5438 257 5488 in
278 5437 324 5487 itta
343 5438 505 5489 monmtsria
530 5437 673 5489 monachus
691 5439 812 5499 uicerat,
831 5453 941 5505 reguum
989 5441 1021 5491 ds
1034 5440 1193 5492 monasterio
1210 5440 1283 5505 apud
1303 5440 1394 5492 oscam
1408 5442 1437 5490 r'n
1454 5441 1532 5505 rspni
1547 5438 1616 5492 sotio
1632 5440 1807 5495 mttocarunt.

115 5514 177 5576 past
190 5507 315 5574 Aipbonsi
334 5514 443 5561 mortem
461 5522 517 5560 non
533 5510 619 5574 potuit
636 5508 789 5561 tumultibus
807 5523 863 5562 non
882 5517 940 5562 tur·
990 5510 1088 5574 Quibus
1111 5513 1250 5578 postremis
1276 5510 1362 5563 uerbis
1383 5513 1558 5563 cornutorum
1582 5510 1711 5563 martitur
1736 5526 1806 5565 coss·

118 5579 189 5633 bari.
203 5583 396 5646 Araqonsnsss,
414 5582 445 5630 ut
464 5578 549 5630 habet
564 5580 667 5631 ibidem
686 5580 841 5633 tiodericus
855 5584 890 5643 tc.
904 5582 940 5651 Ω),
989 5586 1113 5641 maritum,
1136 5584 1222 5649 ipsum
1245 5582 1321 5635 liade
1343 5587 1367 5633 st
1391 5580 1524 5635 Baibastri
1545 5581 1708 5648 episcopium
1725 5580 1807 5646 {sisss

103 5650 250 5714 quandam
263 5648 381 5703 nouum
403 5650 457 5718 qui
472 5649 616 5704 dicebatur
632 5652 729 5706 Petrus
750 5651 869 5710 rarasts
889 5652 943 5721 (le-
991 5655 1174 5708 sumentium.

83 5720 217 5785 gendum
234 5722 411 5791 Atbemsise)
423 5722 553 5781 musam
572 5727 632 5795 rspr'
652 5731 761 5781 mortua
780 5726 947 5796 subroparm
1464 5812 1467 5817 Ι
1497 5722 1751 5787 mmmm-l
