3750 6046
46 200 96 260 att
475 192 633 259 illS'FOth
652 197 921 260 ECCLESthTlCA.
936 228 972 244 -
984 192 1072 259 PARS
1089 200 1134 259 ill.
1148 228 1184 244 -
1198 201 1262 259 blB.
1282 192 1327 257 xl.
1676 200 1729 256 aaa

82 324 241 380 Balduinus
263 326 360 380 autem
382 338 465 396 puer,
485 324 560 379 tilius
584 325 655 396 aJ'us,
671 325 698 380 ei
719 326 862 394 successit,
949 327 1074 383 Tandem
1111 326 1195 382 Fulco
1228 322 1441 397 andegavensis
1473 320 1609 396 Sibyllam
1642 322 1730 378 filiam

46 423 75 475 et
96 434 165 474 cum
186 418 352 489 Clementia,
376 422 470 473 matre
494 435 553 485 sua,
575 436 628 490 per
646 418 754 490 aliquot
774 436 865 475 aranos
915 438 994 476 suam
1010 421 1037 477 ei
1051 421 1170 493 pepigit,
1184 420 1407 491 comitatumque
1421 420 1650 474 Cenomanorum
1663 434 1729 474 con·

45 515 203 584 paternum
220 512 412 584 principatum
430 512 610 585 gubernavit,
624 512 794 585 indiciisque
808 514 863 569 vir·
915 514 1010 584 cessit,
1030 517 1059 570 et
1081 531 1134 585 per
1153 514 1263 586 aliquot
1283 518 1397 585 tempus
1419 512 1583 584 saepefatum
1606 512 1731 567 tironem

44 610 141 661 tntum
164 606 404 678 precedentibus,
428 622 562 677 magnam
587 607 691 662 futurae
716 606 865 678 probitatis
914 608 1068 663 admodum
1084 607 1203 679 adjuvit.
1218 609 1333 674 Verum,
1354 606 1445 662 nimia
1465 605 1578 662 Henrici
1598 605 1672 677 regis
1686 605 1729 660 iu·

45 716 128 771 spem
151 699 249 755 amieis
271 699 419 768 praestitit,
444 699 494 754 sed
514 700 594 772 quasi
615 702 666 755 flos
688 699 865 772 gratissimus
916 701 1024 756 dustria
1051 702 1236 773 prevalente,
1263 701 1427 772 prescripta
1454 699 1594 772 copulatio
1618 698 1732 772 penitus

44 794 103 850 levi
117 795 222 849 laesura
237 797 338 863 tactus,
353 793 383 849 in
396 797 542 849 momento
556 795 705 850 emarcuit.
915 796 1074 867 interrupta
1092 800 1135 851 est
1148 794 1242 865 minis,
1257 794 1452 866 precibusque,
1466 800 1495 850 et
1511 794 1583 862 aviri,
1603 793 1729 865 argenti-

46 905 116 962 xlx.
130 906 263 960 Hearicus
279 920 328 960 rea
344 905 489 961 liebertum
502 907 619 973 fratrem
635 921 715 960 suum
731 907 867 975 captiuum
915 904 980 959 ‘1¹¹0ae
997 888 1175 960 filiarumque
1193 888 1353 960 specterum
1373 887 1532 959 F⁰¹¹dt³l⁰⁵a
1552 887 1730 943 θηθΐῐΰῆἃῑθ·

82 986 196 1041 detinet.
210 1015 245 1026 -
258 988 376 1041 Euentus
388 989 470 1040 vitrii.
488 1016 521 1025 —
537 987 623 1041 Pestis
639 991 664 1042 et
676 986 739 1040 erre
753 985 865 1041 calami·
915 982 1002 1037 Missis
1025 982 1111 1037 etiam
1133 981 1244 1054 argutis
1266 981 1475 1051 dissertoribus,
1498 980 1673 1053 disputatum
1690 983 1734 1035 est

85 1071 156 1121 “lits
168 1067 200 1120 ¹32
213 1066 376 1135 FFFFUSFFW
393 1066 488 1122 ‘3⁰¹5ae
496 1067 624 1136 Fastibus
635 1067 759 1121 faet't'tttti·
917 1076 952 1131 de
973 1075 1231 1147 consanguinitate,
1248 1091 1300 1147 pro
1320 1091 1376 1147 qua
1396 1074 1550 1130 difhuitum
1567 1078 1609 1130 est
1624 1090 1672 1129 cos
1690 1090 1732 1129 se·

84 1168 223 1224 tiedricus
244 1168 360 1239 [autem]
387 1184 447 1235 rex,
470 1173 621 1240 postquam
645 1168 735 1222 victor
757 1167 787 1221 in
810 1170 866 1223 hn-
917 1168 1043 1224 cundum
1063 1168 1251 1224 Christianam
1271 1170 1366 1240 legem
1388 1167 1524 1240 conjungi
1542 1184 1599 1223 nen
1618 1167 1731 1224 debere.

49 1263 140 1335 gliam
160 1261 308 1329 remearit,
323 1266 352 1316 ct
370 1261 546 1316 Radbertum
566 1260 667 1315 ducem
683 1266 711 1315 et
728 1259 867 1331 quosdam
917 1264 989 1318 Nam
1010 1263 1168 1319 lticbardus
1185 1262 1375 1332 Gunnorides,
1389 1263 1446 1318 dux
1466 1261 1661 1333 Narmanuite,
1681 1278 1734 1333 ge-

49 1356 132 1425 alios,
148 1355 275 1427 quicum
290 1355 351 1426 ipso
364 1355 438 1426 capti
452 1355 577 1421 fueraut,
591 1354 711 1424 perenni
725 1353 868 1425 ergastulo
917 1357 982 1412 nuit
994 1357 1180 1423 Rodbcrtunr,
1193 1361 1222 1410 et
1232 1356 1393 1411 liodbertus
1405 1356 1584 1411 Guillelmum
1598 1357 1734 1424 Nethunr,

48 1449 233 1520 mancipavit,
251 1448 433 1505 Guillelmum
451 1448 602 1515 infantem,
623 1464 709 1520 quern
729 1447 814 1501 llelioe
833 1446 869 1502 de
918 1451 967 1522 qui
985 1452 1085 1521 genuit
1107 1450 1295 1518 liudbertum,
1310 1455 1420 1521 patrem
1441 1449 1582 1505 Guillelmi
1603 1449 1734 1505 Clitonis.

49 1544 156 1600 Sancto
187 1542 304 1599 Sidonio
333 1543 367 1596 ad
397 1541 576 1596 educandum
607 1541 868 1610 commendaverat,
919 1543 1079 1599 Radbertus
1102 1547 1199 1599 autem
1222 1543 1452 1615 archiepiscopus
1473 1547 1502 1599 ct
1521 1559 1626 1611 comes,
1648 1544 1737 1599 frater

49 1637 185 1693 consultu
199 1635 385 1691 familiarium
401 1651 530 1703 suorum,
546 1634 748 1706 comprehendi
760 1650 867 1705 pre-‘ce-
919 1637 1051 1694 Richardi
1072 1637 1160 1705 ducis,
1176 1637 1276 1709 genuit
1296 1637 1468 1692 bichardum
1488 1637 1622 1693 comitem
1642 1636 1736 1692 Ebroi·

49 1733 103 1805 pit,
124 1736 154 1788 et
174 1732 211 1787 ad
231 1731 285 1786 hoc
311 1731 509 1802 peragendum
532 1729 708 1785 liodbertum
733 1729 769 1783 de
793 1728 1056 1805 Bellosscensium,
1076 1733 1105 1785 et
1123 1731 1278 1786 bichardus
1296 1733 1436 1802 hgnctem
1459 1730 1583 1787 Simonis
1602 1746 1736 1799 uxorem,

50 1826 172 1897 Campo,
195 1824 389 1880 vicecomitem
408 1824 577 1891 archarum,
596 1822 632 1877 ad
651 1822 745 1878 Sancti
763 1821 872 1877 Sidonii
920 1841 985 1896 qum
1012 1825 1123 1896 peperit
1148 1824 1317 1880 bertradam
1341 1823 1470 1880 Falconis
1496 1824 1680 1897 genitricem,
1709 1824 1739 1879 et

51 1926 180 1976 castrum
212 1922 328 1990 repente
363 1917 523 1972 destinavit.
553 1916 691 1971 Praefatus
721 1915 870 1988 proconsul
921 1918 1006 1974 Fulco
1029 1918 1128 1989 genuit
1146 1918 1292 1989 Sibyllam.
1317 1919 1361 1974 Sic
1383 1918 1520 1974 nimirum
1542 1916 1686 1973 Guillelmi
1710 1921 1740 1973 et

52 2012 201 2069 dominico
228 2028 315 2067 manc
341 2027 407 2065 cum
429 2011 497 2064 illuc
522 2009 694 2077 advenisset,
720 2010 871 2080 ipsumque
921 2012 1034 2083 Sibyllae
1060 2012 1204 2083 parentela
1229 2011 1397 2082 investigata
1423 2017 1479 2081 est,
1509 2011 1615 2083 diuque
1640 2010 1739 2083 cupita

50 2108 175 2180 populus
200 2106 231 2161 in
256 2105 374 2160 ecclesia
404 2103 497 2159 subito
526 2103 626 2158 videns
660 2102 871 2174 obstupuisset,
922 2106 1006 2161 clare
1021 2105 1180 2176 juventutis
1201 2106 1339 2160 connexio
1359 2105 1495 2160 frustrata
1515 2109 1568 2159 est.
1583 2105 1738 2159 Praeclarus

51 2201 183 2274 quamvis
202 2199 295 2254 llelias
312 2198 490 2271 pedagogus
508 2197 628 2252 infantis
641 2197 744 2252 absens
762 2196 871 2264 fuisset,
922 2200 1027 2254 iterum
1043 2198 1157 2270 juvenis
1171 2199 1207 2253 ab
1221 2198 1473 2269 hudegavensibus
1493 2198 1625 2269 expulsus
1640 2204 1693 2264 cst,
1709 2201 1739 2253 et

51 2311 106 2367 per
134 2293 310 2349 necessarios
333 2298 428 2347 tamen
454 2291 558 2346 amicos
578 2308 648 2362 puer
671 2290 815 2346 dormiens
837 2289 872 2343 de
922 2292 958 2348 ab
973 2292 1114 2347 extrancis
1127 2308 1192 2347 cum
1206 2295 1285 2347 metu
1296 2295 1324 2347 et
1334 2292 1432 2347 labore
1442 2291 1610 2363 sutiragium
1622 2307 1738 2362 poscere

53 2389 131 2444 lecto
148 2391 266 2459 repente
281 2386 470 2453 subtatuscst,
484 2384 871 2457 etmanihusquoerentium,
923 2390 1035 2441 coactus
1061 2388 1112 2440 est.
1138 2384 1266 2457 Denique
1293 2392 1357 2457 post
1381 2386 1484 2441 mrrltos
1511 2384 1676 2440 circumitus
1703 2382 1741 2439 ad

53 2498 93 2537 ne
113 2486 275 2552 compatre
294 2497 343 2535 suo
364 2479 483 2534 vinculis
500 2482 700 2546 innecteretur,
715 2478 873 2534 subtractus
924 2479 1094 2536 ltalduinum
1115 2479 1319 2535 Flandrcnsem
1339 2481 1491 2550 cognatum
1511 2495 1593 2533 suum
1614 2477 1740 2549 divertit,

54 2579 111 2630 est.
128 2574 221 2629 llelias
232 2580 341 2641 autem,
352 2574 412 2628 hec
424 2572 551 2642 audieus,
563 2572 716 2627 amabilem
731 2571 873 2625 albeolum
924 2574 1056 2645 illiusque
1076 2573 1162 2629 fidem
1177 2579 1206 2628 et
1217 2573 1363 2628 audaciam
1377 2589 1410 2627 ac
1428 2571 1635 2627 adminiculum
1651 2574 1743 2629 tenta·

52 2670 229 2727 festinanter
260 2667 405 2738 quaesivit,
430 2668 634 2737 inventumque
661 2665 814 2736 diligenter
844 2664 874 2719 in
924 2667 973 2721 vit.
988 2667 1079 2731 Quem
1097 2668 1145 2721 ille
1166 2666 1271 2722 acriter
1289 2666 1422 2737 suscepit,
1439 2670 1566 2721 etomne
1582 2664 1740 2721 subsidium

52 2763 156 2819 exsilio
185 2761 260 2817 inter
287 2765 396 2817 exteros
425 2759 568 2815 enutrivit.
599 2760 758 2815 vicecomes
786 2758 875 2829 igitur
924 2760 950 2815 ei
969 2761 1130 2832 spopondit,
1147 2763 1176 2815 et
1195 2763 1338 2815 certamen
1361 2775 1412 2831 pre
1432 2760 1490 2827 illo,
1507 2764 1537 2815 ut
1551 2759 1582 2813 in
1597 2758 1739 2830 sequenti-

55 2860 189 2912 castrum
209 2854 295 2910 lleliae
316 2855 442 2910 dominio
464 2853 541 2925 regis
563 2853 683 2925 subegit,
705 2853 781 2924 quod
802 2857 875 2923 post·
924 2854 976 2909 bus
992 2854 1168 2921 memorabo,
1187 2854 1323 2925 usquead
1337 2859 1461 2909 mortem
1476 2852 1660 2925 pertinaciter
1679 2867 1741 2924 per-

51 2950 179 3008 modum
207 2966 258 3004 rex
281 2949 433 3003 Guillelmo
459 2948 492 3002 de
516 2947 677 3013 Guarenna,
704 2945 874 3001 consobrino
924 2948 999 3003 tulit.

53 3045 133 3117 ejus,
153 3043 278 3111 donavit,
296 3046 328 3098 ut
348 3041 399 3096 sibi
419 3041 541 3097 fideliter
557 3041 721 3109 cohaereret,
736 3043 765 3094 et
777 3039 874 3094 iuimi-
961 3045 1042 3097 Anno
1055 3041 1090 3096 ab
1108 3040 1302 3097 incarnatione
1320 3039 1434 3096 Domini
1451 3042 1530 3108 ttae,
1543 3039 1697 3095 indictione
1711 3056 1743 3109 u,

53 3138 98 3195 cis
119 3136 304 3210 pertinaciter
326 3136 480 3191 resisteret.
496 3135 587 3190 Hebes
607 3150 685 3199 vero,
704 3149 756 3205 per
768 3100 913 3189 diversaC
927 3135 997 3192 ultio
1011 3135 1105 3191 divina
1119 3135 1270 3190 hominum
1288 3134 1395 3190 scelera
1407 3133 1535 3206 pluribus
1555 3133 1676 3206 flagellis
1688 3148 1741 3206 pu-

53 3232 197 3303 fugitans,
219 3246 341 3303 puerum
360 3230 490 3297 serravit,
509 3234 537 3284 et
557 3244 647 3299 usque
668 3228 702 3283 ad
721 3227 878 3298 pubertatis
927 3231 991 3298 niit,
1007 3232 1035 3284 et
1048 3230 1179 3285 mortales
1192 3228 1275 3285 solito
1289 3233 1401 3284 terrore
1419 3245 1483 3283 cum
1504 3227 1611 3300 pietate
1631 3228 1741 3295 terruit,

56 3340 155 3381 annos
168 3331 201 3379 ut
218 3323 363 3395 propriam
379 3323 504 3378 sobolem
520 3321 657 3377 educavit.
672 3323 726 3375 Per
743 3320 880 3392 plurimas
929 3329 960 3378 ut
973 3327 1133 3394 peccatores
1145 3323 1180 3378 ad
1191 3322 1388 3394 penitentiam
1403 3321 1546 3389 invitaret,
1561 3324 1590 3377 et
1604 3321 1743 3393 preniten-

57 3419 144 3474 illum
165 3417 298 3489 regiones
321 3416 518 3483 circumduxit,
537 3414 721 3487 optimatibus
739 3414 834 3468 multis
851 3419 880 3468 et
928 3416 1003 3472 tibus
1026 3416 1137 3471 veniam
1158 3421 1187 3472 et
1209 3416 1331 3471 salutem
1353 3416 1510 3470 clementer
1529 3414 1687 3470 exhiberet.
1710 3415 1743 3468 ln

57 3511 208 3569 nobilibus
229 3510 379 3582 oppidanis
399 3509 573 3581 elegantiam
598 3508 658 3578 ejus
682 3507 815 3563 ostendit.
837 3507 879 3563 Ad
929 3509 1027 3577 Gallia,
1045 3509 1168 3565 maxime
1187 3509 1218 3564 in
1238 3509 1434 3565 aurelianensi
1453 3513 1481 3563 et
1501 3507 1664 3563 carnotensi
1678 3522 1742 3579 pro-

58 3620 193 3663 amorem
220 3604 335 3676 juvenis
359 3618 548 3674 quoscunque
576 3601 670 3673 potuit
694 3601 826 3673 precibus
852 3603 880 3656 et
928 3603 1031 3671 vincia,
1045 3603 1138 3659 clades
1156 3602 1278 3674 ignifera
1298 3602 1402 3658 multos
1419 3600 1529 3668 invasit,
1546 3600 1743 3657 debilitaritat

56 3698 208 3775 promissis
228 3698 362 3753 vivaciter
382 3696 505 3764 attraxit,
528 3699 556 3750 et
574 3694 783 3767 querimoniam
798 3694 878 3750 deso·
929 3696 1066 3768 quosdam
1082 3696 1192 3752 oceidit.
1207 3695 1343 3751 Nimietas
1358 3694 1517 3768 pluviarum
1532 3695 1639 3750 fructus
1658 3698 1742 3750 terre

56 3793 177 3850 lationis
201 3792 261 3863 ejus
283 3791 433 3845 manifeste
457 3788 656 3861 promulgavit,
675 3789 772 3860 sicque
793 3789 880 3844 corda
929 3790 1086 3859 suliocavit,
1098 3795 1239 3862 terraeque
1252 3789 1383 3845 sterilitas
1396 3788 1548 3859 inhorruit,
1560 3787 1743 3845 etvindemia

56 3888 221 3945 multorum
238 3885 275 3940 ad
289 3884 518 3956 compassionem
534 3882 699 3954 dejectionis
714 3883 789 3938 illius
804 3882 880 3938 iucli·
929 3901 1003 3956 pene
1025 3888 1084 3940 tota
1105 3883 1237 3956 deperiit.
1254 3883 1456 3939 Deficientibus
1473 3884 1569 3955 itaque
1592 3883 1693 3938 Cerere
1715 3886 1744 3937 et

56 3981 151 4038 navit.
171 3981 400 4034 Normannorum
423 3979 518 4048 plures
537 3978 564 4030 ei
588 3976 673 4031 nimis
689 3975 830 4045 favebant,
852 3982 879 4032 at
929 3977 1046 4045 Baccho,
1065 3976 1156 4032 valida
1177 3978 1266 4033 fames
1286 3975 1443 4048 terrigenas
1462 3976 1568 4048 passim
1591 3976 1743 4032 maceravit

58 4073 199 4132 eumdem
214 4072 267 4129 sibi
287 4074 423 4145 praeferre
439 4072 621 4126 vehementer
634 4070 781 4142 optabant.
801 4071 878 4127 Unde
929 4072 959 4126 in
979 4070 1098 4127 mundo.
1113 4071 1162 4127 liic
1176 4073 1234 4126 tam
1250 4070 1341 4143 gravis
1359 4087 1451 4126 annus
1469 4070 1523 4125 fuit
1540 4070 1642 4125 tertius
1658 4070 1743 4143 regni

59 4166 194 4224 nonnulli
206 4169 356 4237 potentem
369 4165 589 4237 sceptrigerum,
605 4163 654 4235 qui
669 4167 736 4219 tunc
749 4164 878 4219 domina·
929 4164 1071 4232 ludovici,
1091 4164 1142 4219 ulti
1156 4164 1287 4235 Philippi,
1307 4164 1383 4236 ragis
1403 4164 1587 4232 Francorum,
1607 4169 1635 4219 et
1649 4179 1743 4220 nonus

56 4261 149 4320 batur
169 4260 219 4328 eis,
235 4259 427 4327 offendebant,
451 4274 570 4330 seseque
592 4263 733 4329 suspectos
752 4256 881 4329 pluribus
929 4258 1051 4326 ilenrici,
1068 4257 1118 4312 tllii
1138 4256 1281 4313 Guillelmi
1300 4257 1393 4325 Nothi,
1415 4257 1492 4313 ducis
1511 4258 1743 4313 Normaunorum

58 4352 157 4412 modis
174 4352 325 4409 faciebant.
344 4352 489 4423 Praecipue
505 4352 665 4409 Radbertus
683 4352 879 4420 belesmensis,
930 4357 959 4407 et
972 4352 1049 4423 regis
1063 4352 1231 4421 auglorum.

57 4448 194 4529 recolens
219 4447 375 4504 amicitiam
396 4451 424 4501 et
449 4447 673 4502 familiaritatem
700 4463 786 4517 quam
810 4462 918 4545 ergaD
966 4444 1070 4501 Eodem
1096 4461 1183 4512 anno,
1211 4443 1345 4498 ilenricus
1375 4459 1424 4498 rer
1455 4443 1618 4500 blathildem
1654 4444 1743 4501 liliam

60 4543 169 4599 ducem
188 4541 327 4596 babuerat
340 4545 369 4594 et
383 4540 528 4613 ingentem
548 4539 706 4612 potentiam
724 4556 781 4612 qua
795 4556 881 4611 super
929 4556 1009 4596 suam
1030 4538 1111 4594 dedit
1123 4539 1153 4593 in
1170 4536 1334 4609 conjugium
1354 4538 1455 4595 Carolo
1475 4538 1585 4594 ilenrici
1602 4539 1673 4603 illio,
1692 4539 1744 4595 im·

60 4633 208 4693 maximos
219 4637 449 4691 Normannorum
464 4633 516 4688 sub
532 4650 565 4689 co
578 4633 726 4703 floruerat,
741 4635 879 4706 inclytum
929 4633 1053 4706 paraturi
1075 4634 1311 4698 Alcmannorum,
1335 4647 1420 4703 quam
1441 4632 1593 4703 suscepita
1610 4637 1692 4704 patre
1716 4637 1745 4689 et

60 4730 191 4785 exsulem
206 4727 284 4784 ducis
302 4726 393 4782 hlium
408 4727 546 4798 'adjuvare
564 4727 630 4782 totis
647 4727 754 4782 nisibus
768 4732 878 4799 satage·
930 4728 1068 4784 conduxit
1094 4725 1196 4783 marito
1224 4724 1403 4794 buchardus,
1429 4726 1532 4797 presul
1556 4729 1743 4784 Cameracen-

60 4822 123 4879 bat.
138 4823 216 4877 luter
231 4837 280 4875 eos
297 4820 435 4876 veredarii
450 4820 615 4890 frequenter
633 4820 837 4888 discurrebant,
852 4825 881 4876 et
930 4822 1015 4878 sium.
1046 4821 1186 4893 Rogerius
1213 4835 1326 4891 quoque
1354 4818 1429 4874 lilius
1456 4819 1605 4889 Richardi,
1638 4820 1743 4893 aliique

59 4913 185 4988 impigri
201 4930 328 4969 cursores
345 4916 500 4985 utrumque
514 4930 616 4969 arcana
633 4914 686 4969 sibi
701 4914 819 4969 vicissim
835 4930 879 4969 rc·
930 4916 1028 4989 plures
1052 4932 1086 4972 cx
1111 4914 1279 4971 Normannis
1300 4912 1426 4968 comitati
1446 4917 1522 4981 sunt,
1548 4916 1577 4969 et
1596 4930 1648 4986 per
1671 4915 1745 4970 hanc

61 5006 206 5065 serebant.
227 5007 274 5063 Sic
294 5005 411 5061 alternis
434 5007 679 5063 cohortationibus
699 5013 799 5063 mutuo
820 5022 881 5064 sese
931 5009 1062 5082 copulam
1085 5010 1247 5065 Romanum
1273 5007 1383 5079 apicem
1410 5008 1599 5063 coascendere
1626 5012 1745 5080 putave-

62 5100 226 5159 Radbertus
239 5104 267 5155 et
279 5099 371 5155 llelias
385 5100 591 5170 confortabant,
606 5104 635 5156 ct
649 5100 684 5155 da
701 5100 882 5172 provehenda
931 5108 1007 5172 runt,
1022 5106 1107 5175 atque
1122 5102 1276 5173 dignitates
1296 5100 1465 5172 optimatum
1485 5101 1603 5158 audacia
1618 5118 1668 5157 seu
1681 5101 1747 5158 feri-

63 5195 164 5252 sobole
178 5193 257 5250 ducis
276 5193 376 5249 obnixe
396 5197 548 5249 tractantes
568 5194 743 5251 laborabant.
758 5193 880 5249 ludovi-
931 5203 988 5253 tate
1006 5213 1058 5252 sua
1076 5197 1129 5251 sibi
1147 5194 1299 5268 aliquando
1321 5193 1440 5265 adipisci
1461 5194 1621 5267 cupierunt.
1641 5193 1685 5251 Sic
1703 5196 1747 5251 ni·

62 5306 129 5347 cum
146 5304 246 5360 regem
262 5288 444 5357 Francorum,
461 5292 489 5343 et
503 5288 683 5344 Guillelmum
699 5288 800 5344 ducem
820 5288 881 5344 Pie·
932 5291 1038 5346 mirum
1051 5293 1245 5345 antecessores
1258 5304 1358 5345 eorum
1372 5288 1402 5343 in
1416 5288 1514 5360 hnglia
1533 5304 1584 5360 per
1604 5290 1745 5359 Emmam,

61 5388 207 5453 favorum,
221 5382 373 5438 henricum
387 5398 502 5454 quoque
516 5381 618 5438 ducem
632 5381 881 5453 burgundionum,
932 5384 1067 5441 Richardi
1087 5383 1166 5439 ducis
1183 5383 1284 5450 tiliam,
1301 5382 1442 5438 dominati
1454 5384 1531 5453 sunt,
1545 5386 1574 5438 et
1594 5383 1624 5437 in
1644 5382 1747 5455 Apulia

63 5484 93 5536 et
107 5478 250 5532 hlannum
262 5475 420 5547 principem
434 5475 592 5543 britonum,
607 5475 735 5547 aliosque
750 5479 883 5547 potentes
932 5494 983 5550 per
1006 5478 1234 5549 Sicbelgaudam,
1260 5475 1433 5533 Guaimalehi
1460 5475 1539 5531 ducis
1561 5475 1747 5532 Psalernitani

62 5570 216 5643 regionum
225 5573 350 5625 ractores
362 5569 590 5640 frequentabant,
603 5569 701 5640 legatis
715 5575 743 5625 et
756 5570 883 5640 epistolis
932 5572 1038 5643 fdiam,
1067 5587 1152 5643 super
1177 5570 1316 5643 genuinos
1341 5569 1468 5626 heredes
1494 5570 1655 5625 furuerunt.
1683 5570 1749 5625 ilree

64 5664 167 5722 erebro
182 5662 342 5736 pulsabant,
363 5667 391 5718 et
405 5663 576 5717 omnimodis
594 5663 629 5718 ad
649 5664 784 5720 auritium
804 5663 882 5721 Guil·
934 5665 1077 5738 siquidem
1102 5664 1178 5721 vafer
1201 5664 1364 5737 imperator,
1379 5664 1429 5736 qui
1451 5665 1535 5736 plura
1557 5665 1750 5735 perscrutatus

65 5753 276 5817 telmiClitonis
289 5755 457 5811 invitabant·
934 5765 989 5831 ast,
1012 5759 1129 5833 agnovit
1150 5765 1179 5815 et
1200 5758 1376 5832 alienigenas
1399 5757 1526 5813 indebiti
1543 5757 1642 5811 fastus
1658 5752 1770 5804 carabes

230 5876 368 5949 Peraea.
392 5878 600 5947 efflatur.
1585 5879 1632 5933 θλ
