3750 6046
115 183 191 239 1397-

612 184 781 241 urtsTuLAE
800 186 842 242 ΕΤ
861 185 1060 241 t‘lttvlttlun.
1082 213 1115 222 —
1134 186 1189 240 AN.
1208 188 1285 241 ttee’.

1728 189 1797 244 ι398

113 305 328 361 SanctreMariae
348 305 493 361 ininsula.
515 309 545 362 ln
570 307 733 378 episcopatu
752 307 851 363 Mentis
873 308 921 363 ue-
935 307 1106 393 Afatigare,
1131 308 1180 363 sed
1204 308 1297 363 onmia
1317 309 1428 381 integre
1453 312 1656 365 conserventur
1684 327 1794 379 certam,

114 399 230 464 retrani,
240 398 445 454 monasterinm
455 400 698 456 montisllerculis.
714 403 744 457 ln
756 401 924 474 episcopatu

114 492 381 564 Fonrmpopiliensi,
394 494 536 564 llospitale
551 493 693 549 lllmeriei.
712 495 741 548 ln
761 495 926 567 episcopatu

114 586 324 654 pansauriensi,
342 587 550 642 monasterium
564 587 657 642 Sancti
670 588 804 656 Decentii,
814 605 928 644 eremus

115 680 214 750 FaJ'oli.
251 682 284 744 ln
307 680 470 753 episcopatu
511 681 689 744 Bononiensi,
723 683 928 738 monasterium

114 772 209 829 Sancti
224 754 395 846 Aiebangeli
414 774 495 844 juxta
508 780 629 829 castrum
654 775 744 844 Britti,
762 777 858 833 Sancti
880 779 927 833 Fc-

112 866 183 922 lieis.
200 868 228 922 ln
246 867 409 939 episcopatu
427 868 597 923 Florentino.
616 870 822 925 monasterium
835 871 926 926 Sancti

114 961 186 1014 Petri
213 960 242 1014 iu
271 962 354 1026 Luce,
376 961 469 1016 Sancti
493 962 645 1016 Salvatoris
664 963 746 1033 juxta
773 964 925 1019 civitatem.

115 1056 146 1108 ln
161 1053 326 1124 episcopatu
340 1055 478 1110 l’esulane
489 1055 696 1110 monasterium
711 1056 819 1112 Sanctae
831 1057 926 1112 Mariae

115 1147 143 1201 in
158 1147 282 1218 Peplena
297 1150 326 1201 et
340 1147 485 1202 eeclesiam
502 1149 610 1203 Sanetae
625 1149 795 1221 Margaritae.
821 1152 850 1206 lu
866 1151 924 1221 epi-

114 1248 228 1312 scopatu
250 1241 430 1310 vulterrano,
454 1243 658 1297 monasterium
682 1247 771 1297 sancti
793 1244 868 1298 Petri
896 1244 925 1299 in

114 1334 262 1399 Fontiane,
277 1343 380 1390 sanetae
402 1335 496 1390 Mariae
511 1336 539 1391 in
554 1335 708 1400 Polichne.
732 1336 829 1392 Sancti
853 1337 927 1392 Petri

113 1444 142 1482 ιιι
158 1428 282 1498 cerreto,
297 1429 388 1485 Sancti
403 1429 474 1483 lusti
489 1446 576 1501 prope
591 1430 744 1485 civitatem.
761 1430 791 1484 In
815 1431 924 1502 episco-

107 1527 177 1592 patu
193 1522 306 1591 Pisano,
330 1523 536 1578 monasterium
556 1524 665 1578 Sanctae
685 1523 778 1578 Mariae
796 1523 831 1578 de
851 1524 925 1580 Mer·

109 1632 190 1684 rena,
206 1617 410 1672 monasterium
434 1617 529 1672 Sancti
554 1617 692 1689 Stephani
717 1617 746 1672 in
771 1617 925 1688 Cineteria,

978 418 1029 472 pre
1043 418 1165 473 quorum
1179 402 1386 474 gubernatione
1402 410 1429 459 et
1442 405 1649 460 sustentatione
1662 421 1797 461 concessa

977 499 1053 563 sunt,
1068 496 1140 549 salva
1156 496 1406 569 sedisapostolicae
1427 498 1594 554 auctoritate
1613 504 1641 554 et
1660 499 1796 555 dioeeesa·

980 605 1084 644 nerum
1100 589 1302 662 episcoporum
1314 590 1450 646 canoniea
1460 591 1582 662 justitia.

1013 682 1040 738 Si
1055 699 1112 754 qna
1126 683 1253 756 igliurin
1269 685 1407 751 luterum,
1423 690 1478 740 cte.

1013 793 1089 832 econ
1116 794 1172 845 uer,
1196 793 1296 834 senuna
1323 795 1356 832 ιιι
1386 794 1521 846 nouvauu,
1544 796 1657 835 severos
1680 795 1793 848 narnus,

977 884 1096 926 seuerus
1115 886 1232 941 rienes,
1246 886 1379 928 annianus
1392 887 1460 927 rara
1477 889 1512 926 ιν.

1012 965 1072 1035 Ego
1087 964 1227 1020 Adrianus
1242 963 1387 1019 catholicae
1401 965 1532 1021 Ecclesia
1548 965 1706 1036 episcopus.

1013 1058 1072 1129 Ego
1096 1057 1219 1113 Ubaldus
1237 1058 1330 1129 presb.
1354 1057 1430 1113 eard.
1451 1063 1493 1113 tvt.
1518 1059 1625 1114 &rictas
1647 1058 1790 1114 Praredis.
1847 1115 1850 1119 ,

1012 1151 1071 1221 Ege
1092 1151 1237 1205 :tribertus
1253 1152 1345 1223 presb.
1374 1151 1450 1207 card.
1472 1152 1516 1207 tit.
1543 1150 1654 1207 Sancite
1672 1153 1792 1206 Anasta-

977 1242 1039 1297 sian.

1013 1337 1071 1406 Ego
1086 1336 1176 1390 Julius
1192 1335 1287 1407 presb.
1302 1337 1382 1391 card.
1399 1337 1443 1392 tii.
1460 1337 1556 1393 Sancti
1569 1337 1699 1393 Marcelli.

1011 1417 1205 1500 Egoteannes
1227 1430 1320 1501 presb.
1344 1430 1420 1485 card.
1443 1430 1487 1486 tit.
1513 1431 1680 1486 Sanctorum
1706 1434 1791 1489 Joen·

976 1522 1019 1577 nis
1033 1528 1061 1577 et
1074 1522 1150 1577 l‘auli
1164 1522 1207 1577 tit.
1224 1523 1377 1579 pamachii.

1012 1617 1069 1687 Ege
1084 1616 1219 1670 Henricns
1242 1617 1337 1688 presb.
1354 1616 1431 1671 card.
1448 1616 1491 1671 tit.
1514 1617 1684 1673 Sanctorum
1707 1618 1791 1675 Nerei

108 1709 203 1764 Sancti
216 1710 310 1765 Savini
325 1711 353 1764 in
367 1710 520 1766 Mantiane.
536 1712 563 1766 ln
579 1711 640 1782 ipsa
661 1710 784 1781 civitate,
806 1727 921 1766 menas-
937 1686 1004 1764 Bet
1015 1710 1142 1765 achillei.

110 1802 213 1857 terium
240 1803 335 1858 Sancti
362 1804 512 1871 Michaelis
542 1804 637 1860 Sancti
665 1804 799 1874 Fridiani,
828 1805 923 1860 Sancti

106 1896 238 1951 Zenonis.
253 1899 282 1953 ln
298 1897 460 1970 episcopatu
475 1899 596 1965 Lucane,
612 1898 818 1953 monasterium
833 1897 922 1953 sancti

1008 1805 1066 1874 Ego
1079 1803 1201 1858 ioannes
1215 1803 1309 1875 presb.
1323 1802 1402 1858 eard.
1422 1803 1465 1858 tit.
1491 1807 1653 1859 sanctorum
1675 1806 1784 1878 Sylves·

973 1896 1009 1951 tri
1023 1902 1051 1952 et
1062 1897 1185 1951 Martini.

106 1990 256 2045 Salvateris
276 1991 303 2044 iu
326 1991 502 2060 cantiniano,
524 1991 619 2047 Sancti
635 1991 709 2047 Petri
731 1991 760 2045 in
786 1991 918 2047 Puteolis.
1008 1990 1066 2061 Ege
1081 1991 1217 2046 ltedrrlfos
1237 1991 1308 2046 diac.
1324 1990 1401 2046 eard.
1418 1990 1528 2046 Sanctae
1543 1991 1636 2046 llariae
1653 1991 1681 2045 in
1702 1991 1791 2063 Septa

104 2081 175 2137 Item
186 2083 213 2137 ιιι
228 2085 366 2151 Sardinia,
380 2085 408 2138 in
429 2085 672 2156 archiepiscopatu
685 2085 851 2155 liuvilane,
864 2102 922 2140 me·
972 2083 1054 2138 Solis.

106 2177 262 2232 nestorium
283 2179 393 2233 Sanctae
405 2179 548 2234 Trinitatis
563 2179 598 2233 de
619 2179 757 2246 saccaria,
774 2178 919 2233 eeclesiam
1007 2179 1065 2249 Ege
1084 2177 1164 2231 Wide
1185 2177 1256 2232 diac.
1277 2177 1354 2231 card.
1376 2180 1486 2232 Sanctae
1499 2176 1592 2231 Mariae
1613 2177 1640 2230 in
1659 2178 1780 2234 l'ortieu.

108 2270 218 2326 Sanctae
252 2272 386 2343 Eugeniae
416 2274 444 2327 in
474 2274 622 2341 Samarrar,
651 2271 799 2327 ecclesiam
824 2272 921 2328 Sancti
1007 2272 1108 2326 Datum
1127 2272 1225 2326 ιιοιιιιιι
1244 2270 1319 2341 apud
1334 2271 1361 2324 S.
1389 2272 1514 2337 Petrum,
1531 2285 1717 2340 permanum
1733 2273 1785 2327 ue-

107 2364 248 2420 Michaelis
262 2371 288 2420 et
303 2367 397 2423 Sancti
418 2367 562 2424 Laurentii
586 2367 616 2420 ιιι
640 2367 750 2434 Venari,
774 2366 919 2420 ecclesiam
970 2363 1049 2418 laudi
1065 2365 1175 2419 Sanctae
1190 2366 1325 2419 Romanae
1339 2363 1465 2418 eeclesiae
1478 2363 1571 2433 presb.
1588 2363 1667 2417 card.
1679 2367 1707 2418 et
1720 2381 1785 2420 ean·

108 2457 217 2513 Sanctae
235 2459 329 2514 Mariae
342 2463 370 2515 et
388 2461 480 2517 Sancti
498 2461 612 2515 ioannis
633 2459 662 2515 in
685 2460 805 2528 altasar,
827 2461 918 2514 eccle·
969 2458 1075 2512 cellarii
1098 2474 1114 2511 ιι
1138 2457 1202 2512 ldns
1224 2457 1327 2526 Martii,
1351 2456 1505 2513 indictione
1520 2472 1560 2524 ur,
1581 2457 1785 2512 lucarnatiouis

107 2551 179 2606 siam
205 2552 315 2608 Sanctae
339 2555 431 2609 Mariae
453 2555 482 2609 in
509 2555 624 2622 Contra,
652 2554 802 2610 ecclesiam
827 2552 918 2610 Sancti
969 2551 1123 2606 borninicee
1139 2568 1214 2605 atine
1230 2553 1307 2616 lttil,
1330 2550 1511 2621 pontilicatus
1530 2566 1598 2604 vere
1618 2550 1714 2605 domni
1732 2551 1786 2607 Ad·

102 2645 220 2699 Joannis
233 2651 261 2701 et
277 2647 387 2702 Sanetae
401 2647 524 2703 Simonis
539 2647 567 2702 in
592 2648 752 2713 Salvenaro,
773 2646 918 2702 ecclesiam
968 2644 1041 2698 riani
1057 2662 1139 2717 papae
1153 2646 1196 2711 lV,
1211 2661 1287 2699 auno
1302 2646 1405 2715 prime.

103 2738 199 2795 Sancti
212 2740 319 2794 Nicolai
332 2740 368 2795 de
381 2741 486 2809 Trulla,
505 2740 651 2795 ecclesiam
671 2740 766 2796 Sancti
792 2740 866 2794 Petri
889 2739 918 2794 in
1324 2738 1424 2792 llllVll.

102 2832 200 2900 Scene,
217 2833 363 2889 ecclesiam
379 2836 471 2890 Sancti
485 2835 561 2890 Pauli
586 2837 613 2889 in
640 2837 855 2904 contrognano,
877 2850 918 2888 ee·
967 2832 1107 2887 Menecles
1130 2834 1158 2889 S.
1181 2833 1313 2901 Spluestri
1331 2832 1363 2886 de
1384 2831 1573 2886 Mente-Suevi
1587 2834 1728 2902 precipit,
1753 2838 1784 2887 ut

101 2926 215 2981 clesiam
238 2926 333 2983 Sancti
360 2928 432 2983 Petri
459 2930 488 2986 in
514 2929 598 2984 Olim.
621 2932 692 2984 ltem
717 2928 747 2981 in
770 2927 862 2995 Tutia,
887 2927 917 2980 iu
1147 2927 1236 2994 priori
1251 2925 1455 2979 coincidulcusi
1470 2925 1604 2979 obediant.

101 3015 264 3087 episcopatu
279 3017 392 3071 clusino
410 3034 539 3072 eremum
555 3018 614 3072 Vivi
635 3018 664 3071 in
687 3021 783 3071 mente
805 3015 954 3121 AmiatoC
1113 3019 1232 3089 (ltomre,
1247 3034 1291 3089 ap.
1307 3018 1334 3072 S.
1352 3020 1478 3086 l‘etrurn,
1493 3018 1571 3072 Mart.
1586 3021 1640 3088 l'e'.)

100 3125 165 3162 curn
181 3110 312 3164 omnibus
328 3111 555 3182 supradictorum
577 3111 703 3165 locorum
728 3108 916 3180 pertinentiis,
1266 3112 1357 3180 (thiu,
1372 3130 1399 3183 p.
1414 3114 1487 3181 tet)

100 3201 196 3257 villam
216 3207 353 3274 praterea
373 3204 407 3259 de
428 3205 537 3275 Mojena
553 3220 639 3275 quam
659 3202 766 3258 emistis
787 3201 823 3256 ab
849 3203 922 3256 llerr·
1007 3212 1143 3263 nonianus
1162 3206 1424 3277 episcopusservus
1440 3222 1586 3260 servorum
1606 3205 1782 3272 llei,dilcctis

99 3296 157 3349 rit20
177 3297 331 3369 praeposito
346 3301 375 3353 et
395 3299 510 3368 reliquis
535 3296 677 3352 canonicis
699 3313 764 3350 cum
786 3295 921 3350 omuibus
970 3302 1036 3356 flliis
1052 3300 1197 3356 monachis
1212 3299 1375 3353 monasterii
1396 3300 1485 3352 sancti
1501 3298 1627 3354 silvestri
1642 3298 1780 3354 ‹leMente
1837 3326 1842 3331 ·

97 3389 279 3461 pertinentiis
292 3391 370 3459 suis;
393 3390 488 3446 villam
504 3392 538 3446 de
552 3391 697 3446 Mentienc
713 3405 797 3461 quam
812 3388 921 3443 emistis
969 3395 1061 3461 soavi,
1077 3395 1194 3449 salutem
1209 3397 1238 3448 ct
1252 3391 1435 3462 apostolicam
1449 3391 1688 3445 benedictionem.

98 3483 133 3537 ab
148 3483 248 3539 abbate
262 3488 371 3540 Sanctae
390 3486 489 3553 Flora,
507 3484 750 3556 quemadmodum
766 3482 795 3536 in
820 3483 919 3537 vestris
1004 3487 1301 3542 Prmdecesseruester
1313 3491 1416 3539 sanctae
1430 3484 1576 3539 memoria
1597 3500 1671 3556 papa
1692 3487 1780 3556 Euge·

97 3577 231 3632 chartulis
244 3579 414 3643 continetur,
430 3583 458 3633 et
470 3578 577 3634 vebisa
596 3577 804 3649 praedecessore
821 3581 918 3631 nostre
968 3581 1031 3636 nius
1050 3579 1251 3635 monasterium
1274 3579 1301 3631 ιιι
1321 3594 1377 3650 que
1401 3577 1526 3648 elegistis
1547 3578 1668 3632 Domine
1682 3577 1777 3633 deser-

97 3670 181 3725 bonae
198 3671 345 3728 memoriae
367 3689 441 3744 papa
464 3671 621 3738 Anastasio,
647 3670 790 3725 mediante
806 3668 918 3740 justitia
967 3676 1035 3742 vire,
1051 3673 1128 3746 quod
1144 3673 1242 3744 utique
1259 3672 1352 3742 adjus
1368 3673 1396 3726 ei
1420 3670 1621 3742 proprietatem
1642 3670 1779 3741 Principis

97 3765 258 3836 adjudicata
279 3772 332 3832 est,
361 3768 391 3820 et
418 3765 512 3837 scripti
539 3765 579 3820 soi
605 3763 742 3819 sententia
763 3761 914 3817 eentirma-
965 3768 1156 3840 apostolerum
1170 3765 1355 3837 spiritualiter
1371 3764 1505 3835 pertinet,
1527 3766 1556 3817 ut
1576 3763 1645 3818 orde
1660 3780 1774 3818 menas·

97 3863 136 3913 tu.
177 3858 280 3914 Omnia
319 3859 406 3931 igitur
446 3859 607 3931 supradicta
640 3857 811 3913 monasteria
849 3871 914 3910 eum
966 3863 1035 3916 ticos
1055 3861 1210 3916 secundum
1229 3858 1487 3916 camaldulensium
1512 3857 1632 3912 fratrum
1658 3873 1773 3913 censue·

96 3952 271 4008 erunibusad
287 3953 349 4025 ipsa
367 3952 576 4025 pertinentibus
589 3952 737 4007 statuimus
756 3956 783 4006 et
802 3954 913 4021 apesto-
964 3956 1094 4011 tudiucm
1114 3954 1143 4008 in
1167 3971 1200 4009 ee
1224 3956 1317 4025 posset
1346 3951 1467 4006 firmiter
1496 3950 1649 4019 observari,
1673 3949 1775 4014 dilecte

95 4045 158 4100 lieae
184 4045 258 4101 sedis
287 4047 454 4102 auctoritate
477 4048 620 4101 sancimus
649 4049 784 4117 tauquam
809 4060 913 4114 eorpus
962 4050 1020 4105 filio
1036 4055 1133 4104 nestro
1144 4047 1403 4105 carraelduleusium
1421 4045 1511 4116 priori
1527 4048 1556 4099 et
1569 4044 1775 4100 suecessoribus

98 4155 185 4194 unum
200 4141 250 4195 sub
271 4157 327 4196 une
344 4141 444 4212 capite,
461 4140 489 4194 id
508 4147 551 4195 est
573 4139 733 4211 subpriore
757 4137 910 4193 camaldu-
963 4144 1024 4215 ejus
1038 4142 1162 4203 donavit.
1187 4146 1272 4212 atque
1288 4141 1434 4206 cericessit,
1455 4145 1596 4212 quatenns
1620 4139 1671 4194 sub
1688 4138 1775 4211 ipsius

95 4233 181 4288 tensis
194 4234 295 4303 crerni,
318 4235 494 4307 temporibus
515 4234 661 4305 perpetuis
684 4248 863 4305 permanere,
884 4233 912 4284 et
963 4238 1113 4310 disciplina
1139 4241 1223 4308 atquc
1252 4235 1392 4307 regimine
1406 4234 1476 4288 orde
1500 4234 1529 4287 in
1552 4249 1585 4288 eo
1604 4236 1700 4305 posset
1716 4249 1776 4289 mo

95 4327 175 4382 illius
192 4328 349 4400 discipline
372 4329 567 4383 observatione
594 4327 753 4399 persistere,
775 4324 826 4379 sub
851 4323 909 4390 illo,
961 4331 1085 4386 nasucus
1104 4328 1254 4385 reformari
1277 4334 1304 4383 er
1331 4327 1406 4381 Beati
1434 4326 1573 4383 Benedicti
1595 4327 1704 4398 Regula
1723 4326 1772 4381 fif.

94 4421 224 4493 inquam,
240 4423 334 4493 priore
353 4421 450 4492 quiab
468 4422 556 4493 ipsius
575 4418 802 4492 congregationis
822 4415 1046 4487 abba-Drauci
1072 4423 1217 4478 custodiri.
1245 4423 1386 4478 caeterum
1409 4436 1473 4474 curn
1500 4419 1619 4490 quidam
1647 4422 1772 4474 vestrum

94 4515 168 4570 tibus
181 4515 237 4569 sive
253 4515 395 4587 prioribus
411 4518 437 4570 et
459 4515 493 4570 ab
508 4515 634 4570 eremitis
647 4513 818 4584 regulariter
832 4511 906 4566 elee-
961 4524 1026 4574 tunc
1042 4517 1179 4589 ternperis
1193 4516 1221 4571 iu
1244 4515 1330 4586 ipsius
1350 4513 1565 4585 [trudeeesseris
1587 4513 1676 4567 nostri
1696 4528 1771 4584 pree·
1830 4574 1835 4583 Ι

93 4612 315 4681 tus,·praestaute
340 4608 468 4676 hennino,
488 4604 906 4678 luerit.Perreeongregatio·
960 4613 1049 4669 sentia
1077 4610 1235 4682 plenarium
1262 4608 1353 4663 eidem
1384 4607 1441 4661 ulie
1466 4611 1559 4660 vestre
1586 4606 1674 4676 priori
1704 4620 1770 4676 pro.

92 4719 160 4758 nem
175 4703 267 4774 ipsam
283 4704 321 4757 ita
336 4702 386 4758 sub
401 4703 559 4774 apostolicus
571 4701 643 4756 sedis
659 4701 749 4756 tutela
768 4703 906 4772 perpetuo
958 4707 1100 4762 miseruut
1116 4703 1311 4759 obedientiam
1326 4700 1472 4767 exhibere,
1491 4715 1568 4754 nune
1585 4704 1660 4753 retro
1680 4697 1769 4769 respi-

92 4796 291 4853 conierendam
312 4796 500 4863 decernimus,
517 4800 547 4850 ut
562 4796 633 4851 nulli
653 4795 850 4867 episcoporum
866 4791 907 4847 te·
958 4801 1046 4868 ciunt,
1067 4804 1095 4855 et
1108 4797 1263 4852 sescundum
1287 4794 1546 4851 Camaldulcnsium
1567 4792 1688 4847 fratrum
1703 4807 1770 4847 ceu·

92 4891 183 4945 cultas
196 4891 231 4945 sit
243 4891 349 4963 aliquid
365 4908 398 4945 er
411 4889 454 4944 his
465 4890 668 4945 monasterium
685 4888 791 4960 absque
804 4889 906 4960 prieris

92 4983 282 5050 conniventia,
309 4984 351 5038 vel
373 4982 534 5054 apostolieae
558 4983 632 5037 sedis
653 4981 765 5037 licentia
789 4998 904 5038 ercem-

90 5077 247 5144 municare,
261 5078 330 5132 vela
345 5075 445 5132 divinis
460 5075 744 5131 ollieiisinterdieere.
760 5075 905 5132 Fratribus

89 5175 186 5225 antem
205 5170 271 5242 ipsis
292 5170 405 5226 lieentia
421 5170 497 5240 sit,a
516 5186 572 5242 que
592 5169 746 5225 maluerint
765 5170 904 5227 catholice

90 5264 223 5336 episcope
243 5265 497 5329 consecrationum,
517 5281 567 5319 sen
583 5263 795 5319 ordinationum
811 5281 904 5320 sacra-

90 5365 189 5413 menta
205 5358 356 5429 suscipere.

126 5456 309 5511 lleceruimus
323 5473 393 5529 ergo
406 5462 439 5511 ut
452 5457 522 5511 nulli
535 5455 651 5512 omnino
661 5455 809 5511 hominurn
822 5453 906 5509 liceat

90 5551 242 5621 praefatum
257 5567 385 5605 eremum
404 5549 651 5606 camaldulensem
670 5552 777 5604 temere
793 5551 905 5620 pertur-

88 5642 166 5710 bare,
182 5646 231 5697 aut
247 5645 308 5717 ejus
324 5644 514 5716 possessiones
533 5645 656 5711 auferre,
672 5644 714 5699 vel
735 5642 843 5698 ablatas
858 5658 901 5698 re-

88 5738 192 5810 tiucrc,
215 5739 355 5809 minuere,
368 5757 417 5795 seu
434 5738 494 5795 aliis
514 5737 688 5815 quibuslibet
705 5736 904 5797 vexationibus

957 4892 1139 4948 suetudinem
1158 4897 1213 4945 uni
1232 4889 1284 4960 ipsi
1299 4904 1384 4960 quam
1401 4903 1448 4941 ves
1469 4887 1591 4942 debitam
1611 4884 1770 4957 supradicto

957 4987 1015 5041 silio
1037 4990 1133 5040 nestro
1152 4983 1240 5055 priori
1263 4979 1457 5036 obedientiam
1480 4977 1673 5034 subtrahendo
1696 4977 1771 5033 Beati

958 5079 1101 5135 Benedicti
1115 5076 1308 5132 contradicitis
1323 5074 1460 5145 Regulam
1476 5072 1640 5139 observare,
1666 5071 1694 5127 in
1712 5088 1770 5144 quo

955 5175 1031 5231 facte
1046 5171 1211 5228 satisdator
1233 5168 1365 5240 intelligi,
1386 5166 1462 5238 quod
1482 5169 1545 5222 tum
1566 5166 1600 5221 de
1621 5165 1771 5238 religionis

957 5265 1144 5331 observantia,
1173 5280 1222 5319 seu
1252 5262 1286 5317 de
1315 5264 1471 5316 vestrarum
1494 5259 1655 5316 animarum
1675 5258 1767 5315 salute

956 5360 1069 5417 solliciti
1092 5375 1147 5413 nen
1176 5356 1303 5424 sitis,vel
1329 5353 1405 5426 qued
1430 5353 1561 5425 diligenti
1580 5353 1673 5409 studio
1697 5353 1769 5409 neli-

956 5457 1002 5523 tis,
1019 5471 1083 5526 qua
1109 5456 1175 5507 sirnt
1199 5452 1254 5506 llee
1269 5448 1383 5522 placita,
1407 5448 1530 5520 operari.
1549 5449 1587 5503 Ne
1609 5447 1699 5521 igitur
1719 5446 1767 5502 uei

956 5543 1160 5616 omnipotentis
1181 5547 1210 5596 et
1237 5544 1362 5595 nestram
1389 5537 1515 5594 debeatis
1537 5538 1767 5609 indignationem

955 5638 1113 5704 incurrere,
1128 5651 1179 5707 per
1194 5633 1346 5707 praesentia
1358 5632 1438 5688 vebis
1453 5631 1558 5704 scripta
1573 5629 1767 5705 precipiendo

955 5731 1128 5792 maridamus
1143 5733 1286 5807 quatenus
1311 5725 1472 5805 supradicto
1487 5724 1545 5787 lilio
1564 5727 1664 5783 nostre
1680 5721 1769 5801 priori
