3750 6046
89 164 120 218 il
244 204 249 214 .
781 153 940 220 obnestct
962 162 1090 219 vitatis
1746 152 1781 212 ii

87 303 150 343 mos
164 286 313 359 episcopos
329 284 424 340 divina
443 285 620 357 philosophia
636 285 756 354 imbuit;
770 285 908 341 adsersus
918 299 948 371 Α
958 293 1051 359 posta
1067 285 1203 340 militibus
1224 285 1332 339 occisus
1350 289 1392 339 est
1405 283 1514 338 itineris
1532 283 1626 338 medio
1642 281 1720 353 quod
1735 282 1779 336 in·

88 381 243 454 quemdam
268 381 381 436 Celsum
409 379 579 450 Epicureum
608 379 831 452 philosophum,
858 380 906 451 qni
957 386 1003 437 ter
1016 379 1297 450 Constantinopolim
1318 384 1344 432 el
1360 378 1526 433 Heracleam
1544 382 1596 432 est.
1612 376 1781 431 Etrticianus

90 480 188 530 contra
209 492 259 530 nos
278 474 441 546 scripserat,
455 478 517 528 octo
540 471 732 529 voluminibus
750 474 904 545 rospondit.
958 491 1034 546 papa
1048 473 1185 545 martyrio
1206 473 1304 527 Romae
1322 477 1481 538 coronatus,
1498 470 1526 525 in
1546 469 1712 525 cremeterio
1730 471 1781 526 Ga-

93 569 157 637 Oui,
180 574 210 623 ut
232 568 359 623 breviter
377 568 479 634 dicam,
500 571 612 623 totilum
632 566 775 623 scribendi
794 567 908 623 sedulus
958 568 1020 622 listi
1039 568 1191 639 sepelitur3
1212 567 1260 638 qui
1281 571 1308 619 ct
1330 566 1389 637 ipse
1411 580 1507 620 cccxm
1528 569 1669 635 martyros
1691 579 1780 618 manu

90 663 155 731 tuit,
175 668 207 717 ut
231 662 417 733 Hieronymus
438 660 562 732 quodam
585 662 646 715 loco
669 661 796 732 quinque
819 660 908 715 millia
960 678 1012 717 sua
1028 662 1170 733 sepelivit.

91 755 232 811 librorum
249 757 320 827 cjns,
338 772 367 808 se
384 754 484 826 legisse
499 754 676 809 meminerit.
993 756 1102 812 Tacitus
1123 771 1235 811 menses
1255 771 1317 809 sex.
1340 752 1402 818 Ono
1426 753 1503 825 apud
1523 754 1646 807 Pontum
1670 751 1777 819 occiso,

130 850 230 906 Decius
244 866 320 905 anno
340 867 357 916 ι,
377 848 522 904 mensibus
541 864 581 903 ιιι.
598 849 648 903 llic
664 865 730 902 cum
752 847 906 920 Philippos,
960 850 1103 906 florianus
1116 849 1239 905 obtinuit
1259 848 1412 920 imperium
1435 846 1535 902 diebus
1548 862 1678 913 ιιιιιιιι,
1693 849 1723 900 el
1738 845 1778 900 sic

92 950 202 1015 patrem
220 943 362 1008 etlilium,
382 942 579 1003 interfecisset,
594 942 630 996 ob
646 942 745 996 odium
762 958 861 996 corium
877 943 906 996 in
958 942 1035 1014 apud
1048 944 1167 998 Tarsum
1180 942 1328 998 occiditur.
1344 940 1505 1008 anatolius,
1519 941 1634 996 natione
1651 940 1776 994 tltcxan·

91 1039 264 1095 Christianos
278 1037 506 1109 persecutionem
521 1042 630 1105 mosel;
650 1036 680 1090 iu
695 1052 752 1107 que
768 1035 908 1091 Fabianus
958 1038 1066 1105 driuus,
1085 1037 1223 1092 Laodiciae
1243 1036 1331 1108 Syrios
1357 1035 1518 1106 episcopus,
1542 1033 1780 1106 pbilosophorum

93 1149 170 1205 papa
191 1132 220 1185 in
240 1131 311 1185 urbe
329 1132 418 1186 Roma
436 1130 572 1202 martyrio
593 1133 754 1196 coronatus,
775 1129 907 1185 Cornelio
958 1131 1115 1204 disciplinis
1136 1131 1276 1199 eruditus,
1299 1129 1422 1200 plurimo
1444 1143 1577 1184 sermone
1598 1127 1777 1194 celebratur,

93 1226 208 1297 reliquit
222 1225 317 1280 sedern
331 1225 373 1279 sui
389 1225 576 1295 episcopatus.
597 1224 756 1278 Alexander
771 1223 908 1294 lerosoly·
957 1226 1038 1297 cujus
1065 1225 1177 1295 ingenii
1204 1223 1375 1295 magnitudo
1404 1223 1439 1277 de
1468 1222 1551 1288 libro,
1579 1238 1663 1293 quem
1693 1236 1781 1292 super

92 1335 206 1375 istorum
230 1319 378 1390 episcopus
402 1317 479 1390 apud
504 1321 659 1374 Goesaream
686 1317 855 1385 Palaestinae,
880 1321 908 1371 et
957 1320 1063 1375 Pascha
1076 1319 1246 1390 composuit,
1261 1321 1290 1372 ct
1309 1319 1343 1371 dc
1365 1317 1465 1372 decem
1486 1316 1566 1371 libris
1586 1315 1778 1371 arithmeticas

94 1411 214 1484 Bnhylas
227 1412 384 1468 Antiochiae
397 1411 614 1466 interficiuntur.
959 1413 1142 1468 iustitutionis
1167 1415 1261 1484 potest
1291 1410 1470 1483 apertissime
1502 1410 1651 1481 cognosci.
1679 1411 1779 1464 insana

128 1507 222 1561 Gallus
242 1522 308 1561 cum
329 1505 477 1560 Volusiano
501 1505 558 1559 lilio
578 1522 669 1561 annos
691 1522 721 1572 ιι,
743 1521 855 1560 menses
870 1520 905 1558 ιι
957 1507 1177 1562 Manichaeornm
1190 1505 1318 1572 haeresis
1335 1510 1363 1559 et
1375 1503 1600 1560 sabellianorum
1617 1503 1718 1558 oritur

88 1601 139 1656 Mtc
150 1604 181 1655 ut
195 1599 345 1671 Dionysius
361 1599 536 1656 Alexandrus
548 1599 668 1654 antistes
681 1598 824 1671 perhibet
841 1615 906 1654 cum
993 1601 1100 1657 Probus
1114 1616 1204 1655 annos
1218 1616 1243 1655 ιι
1257 1607 1285 1653 et
1298 1615 1410 1654 menses
1422 1615 1458 1652 u
1477 1598 1525 1653 lite
1538 1599 1558 1653 s
1562 1598 1641 1653 altres
1651 1598 1776 1669 yatndu

93 1711 214 1767 regnum
234 1694 296 1766 ejus
316 1694 345 1748 in
362 1693 443 1748 initio
458 1694 581 1761 lloreret,
596 1699 624 1748 et
637 1698 739 1748 cuncta
752 1694 777 1748 ei
792 1709 824 1747 ex
841 1710 905 1747 sen·
919 1669 1028 1750 ssdnm
1053 1711 1069 1750 a
1093 1694 1222 1751 Barbaria
1244 1696 1408 1765 occupatas,
1433 1708 1484 1764 per
1508 1693 1599 1747 muita
1624 1698 1652 1747 et
1679 1694 1779 1764 gratia

86 1789 182 1844 tantia
202 1787 347 1854 cederent,
368 1793 482 1842 sanctos
501 1787 575 1842 viros
578 1788 650 1859 ,qui
672 1804 723 1859 pro
744 1787 907 1859 paceregni
960 1790 1065 1861 pratia,
1081 1788 1307 1844 deictistandem
1324 1787 1463 1853 hostibus,
1481 1786 1690 1858 adperleetum
1706 1785 1777 1841 libe·

92 1885 154 1955 ay'us
169 1884 225 1938 Dco
239 1899 351 1937 summo
367 1881 578 1955 supplicabant,
592 1886 758 1954 persecutus
773 1885 827 1946 est,
842 1897 906 1936 cum
960 1883 1039 1937 ravit.
1066 1882 1221 1938 archoinus
1252 1881 1459 1952 Mesopotamiae
1490 1880 1640 1952 episcopus
1669 1879 1778 1935 librum

93 1977 197 2050 quibus
221 1980 250 2031 at
274 1976 491 2049 prosperitatem
514 1992 594 2030 suam
620 1975 729 2046 fugavit
746 1980 774 2031 et
798 1991 906 2047 pacem.
958 1975 1156 2048 disputationis
1172 1991 1242 2043 suae,
1255 1989 1343 2047 quam
1363 1974 1465 2030 babuit
1478 1979 1577 2030 contra
1587 1973 1778 2029 Manicbteum

91 2072 230 2143 Origenes
245 2087 294 2127 ιιι
309 2071 399 2125 ostatis
414 2086 490 2125 auno
504 2086 563 2125 nou
576 2070 612 2124 ad
627 2069 771 2140 integrum
788 2069 907 2141 impleto
958 2074 1111 2126 exeuntem
1127 2069 1162 2124 de
1175 2070 1298 2137 Perside,
1309 2070 1381 2141 Syro
1395 2083 1527 2124 sermone
1542 2068 1715 2140 composuit,
1727 2068 1778 2140 qui

90 2165 252 2231 defunctus,
267 2167 298 2220 ct
317 2164 346 2219 in
368 2163 439 2218 urbe
456 2164 530 2234 Tyro
545 2163 673 2234 sepultus
694 2167 746 2218 cst.
762 2163 908 2219 cornelius
960 2165 1110 2220 translatus
1124 2181 1141 2220 a
1155 2164 1271 2231 Graecis,
1287 2162 1408 2219 habetur
1421 2180 1438 2219 a
1452 2163 1562 2218 multis.

92 2274 168 2332 papa
186 2262 305 2330 rogatus
325 2274 342 2311 a
364 2257 489 2329 quadam
511 2261 641 2313 matrona
659 2256 773 2325 bucina,
788 2273 908 2328 corpora
994 2260 1082 2314 Garus
1101 2274 1167 2313 curn
1183 2257 1249 2312 llliis
1271 2257 1374 2313 Carino
1390 2261 1418 2312 et
1438 2257 1627 2325 Numeriano,
1642 2256 1726 2311 annis
1747 2272 1777 2311 n.

88 2352 288 2425 apostolorum
303 2351 338 2405 de
350 2350 526 2406 catacumbis
539 2350 643 2406 levavit
655 2356 750 2417 noctu,
760 2356 790 2405 et
804 2351 906 2421 posuit,
958 2353 1042 2409 Goitrs
1066 2354 1203 2408 Romana
1223 2351 1352 2408 Ecclesiae
1377 2351 1530 2422 episcopus
1555 2351 1657 2422 fuiget,
1680 2351 1732 2423 qui
1760 2367 1778 2405 a

93 2446 171 2501 Pauli
191 2446 308 2517 qnidam
327 2444 371 2499 via
391 2444 524 2512 Ostiensi,
545 2444 592 2499 ubi
612 2444 769 2500 decollatus
789 2449 848 2513 est;
863 2446 908 2498 Pe·
960 2447 1130 2502 Diocletiano
1145 2446 1282 2518 martyrio
1297 2462 1395 2519 passus
1410 2449 1462 2500 est.
1475 2445 1583 2500 Pierius
1597 2444 1779 2501 Alexandriae

92 2541 128 2594 tri
145 2543 252 2607 autem,
265 2540 349 2610 juxta
361 2538 456 2593 locum
473 2538 521 2593 uhi
534 2537 684 2593 crucilixus
695 2544 748 2604 est,
761 2539 838 2593 inter
849 2554 910 2592 cor·
961 2540 1107 2613 presbyter
1120 2540 1171 2595 sub
1185 2540 1301 2596 Theona
1320 2539 1454 2612 episcopo
1470 2538 1670 2594 florentissime
1683 2554 1777 2611 popu·

92 2650 163 2705 pora
176 2639 339 2688 sanctorum
355 2632 554 2704 episcoporum
567 2632 596 2686 in
611 2632 752 2703 templum
762 2632 907 2704 Apollinis,
960 2635 1002 2689 ios
1017 2634 1127 2703 docuit;
1139 2638 1168 2689 et
1180 2637 1291 2689 motam
1304 2633 1444 2688 sermonis
1458 2632 1692 2703 diversorumque
1707 2638 1780 2687 trac·

93 2728 121 2781 in
138 2731 234 2782 monto
255 2730 358 2794 liureo,
379 2727 408 2780 iu
430 2725 563 2780 Vaticano
581 2725 678 2796 palatii
697 2727 858 2792 Neroniani,
881 2742 907 2781 tn
960 2732 1081 2795 totunm,
1098 2728 1250 2800 quiesque
1272 2728 1353 2783 bodie
1368 2733 1490 2794 exstant,
1505 2725 1682 2798 elegantiam
1702 2727 1780 2781 inve-

95 2821 236 2877 tialeudas
252 2819 328 2875 tulii.
960 2824 1011 2890 nit,
1032 2826 1064 2877 nl
1077 2822 1214 2893 Origenes
1228 2822 1329 2892 junior
1348 2825 1510 2890 vocaretur3
1532 2821 1575 2874 sir
1590 2820 1671 2875 mira
1687 2820 1779 2891 parci·

128 2914 293 2969 Valerianus
317 2929 382 2968 cum
407 2913 465 2969 lilio
487 2913 613 2969 Gallieno
637 2914 719 2968 annis
736 2930 781 2968 ιι.
807 2914 855 2969 Mic
879 2915 908 2968 in
960 2917 1075 2982 monite,
1100 2921 1128 2970 el
1154 2916 1320 2971 voluntarie
1344 2915 1524 2988 paupertatis
1548 2915 1705 2986 appetitor,
1729 2915 1779 2986 qui

90 3008 266 3066 Christianos
279 3007 480 3080 persecutione
493 3013 646 3076 commota,
661 3008 759 3063 statim
773 3025 787 3061 a
803 3008 908 3079 Saporc
959 3015 1023 3082 post
1042 3009 1267 3082 persecutionem
1281 3009 1358 3064 omni
1376 3016 1505 3080 tempore
1521 3008 1584 3063 vitta
1603 3024 1662 3063 suae
1679 3008 1778 3064 ltomte

94 3105 241 3160 Persarum
253 3118 324 3174 rege
338 3101 464 3173 capitur;
475 3101 573 3174 ibique
584 3101 773 3157 luminaribus
781 3101 907 3171 orbatus,
959 3109 1140 3160 conversatus
1154 3108 1205 3159 ast.

93 3198 225 3253 servitute
256 3195 413 3251 miserabili
441 3197 628 3252 consenescit.
656 3196 737 3251 Unde
764 3195 909 3251 Gallienus
960 3200 1009 3254 xx.
1031 3201 1205 3269 imperotores
1226 3201 1352 3255 Romani.
1377 3199 1576 3254 Persecutioncs
1597 3201 1627 3251 ia
1648 3197 1779 3254 Christia-

93 3300 149 3347 tam
165 3291 239 3346 claro
253 3291 304 3346 Dei
315 3289 425 3362 judicio
438 3290 555 3346 territus
574 3306 675 3362 pacem
698 3289 801 3345 nostris
815 3289 909 3346 reddi·
1165 3309 1222 3348 ans.
1239 3295 1414 3349 Constantius·
1432 3294 1569 3347 conversio

94 3386 146 3440 dit.
169 3385 224 3441 Sed
250 3384 286 3440 ob
309 3383 444 3440 meritum
465 3389 561 3441 lamen
582 3384 623 3439 sel
642 3385 766 3457 propria
779 3382 909 3439 libidinis
997 3386 1184 3441 tjttnctstiuuus
1203 3403 1268 3441 enm
1289 3387 1418 3442 tlcrculio
1436 3385 1607 3441 Maximiano
1626 3403 1718 3442 annos
1733 3404 1777 3443 ιι.

93 3479 134 3533 vel
150 3482 278 3551 paternae
293 3477 909 3547 theomachia,innumeru,barbarisassur-
958 3480 1107 3536 caruisius
1135 3486 1250 3551 sumpta
1276 3497 1404 3552 purpura
1436 3479 1593 3534 Britannias
1619 3483 1778 3553 occuparit.

92 3573 236 3642 geritibus,
256 3573 380 3629 Montani
403 3573 482 3644 regni
502 3571 675 3628 detrimenta
693 3571 836 3627 sustinuit.
854 3573 908 3627 tiac
959 3575 1080 3633 Narseus
1095 3591 1139 3628 rex
1161 3577 1310 3630 Persarum
1324 3574 1434 3630 Orienti
1449 3573 1555 3629 bellum
1569 3574 1677 3630 intulit.
1692 3575 1780 3640 Ouin-

92 3665 290 3739 persecutione
308 3665 465 3738 Cyprianus
484 3664 728 3737 Carthaginiensis
746 3664 907 3737 episcopus,
959 3669 1143 3740 quegentiani
1158 3669 1281 3726 Africam
1298 3673 1491 3723 vastaverunt.
1508 3670 1658 3739 AEgyptum
1672 3669 1779 3724 archil-

92 3761 172 3832 cujus
191 3760 356 3817 doctissima
377 3765 489 3815 exstant
507 3760 655 3833 opuscula,
676 3760 813 3832 martyrio
833 3776 909 3815 coro·
959 3763 1020 3817 leus
1049 3762 1188 3828 obtinuit;
1216 3763 1253 3818 oh
1279 3780 1342 3835 qma
1375 3762 1559 3818 Constantius
1591 3764 1621 3817 et
1650 3762 1779 3818 Galerius

92 3859 184 3910 natur.
203 3855 291 3926 Cujus
310 3854 374 3909 vitre
394 3859 423 3908 et
445 3853 583 3925 passionis
603 3854 736 3909 volumen
758 3853 907 3926 egregium
958 3856 1127 3912 Maximinus
1149 3859 1278 3915 Caesares
1298 3860 1484 3911 assumuntur
1502 3859 1531 3911 in
1556 3872 1689 3929 regnum.
1703 3858 1777 3912 Gon·

91 3949 208 4004 Pontius
222 3949 357 4004 diaconus
375 3947 436 4018 ejus
459 3947 584 4018 reliquit,
598 3947 648 4019 qui
666 3963 755 4018 usque
774 3947 810 4002 ad
830 3946 907 4002 diem
959 3950 1079 4005 stantius
1097 3950 1257 4023 privignam
1275 3950 1403 4006 Herculei
1416 3949 1597 4006 Theodoram
1614 3951 1727 4022 accipit,
1741 3968 1774 4008 ex

92 4042 232 4115 passionis
246 4041 309 4113 ejus
320 4056 386 4096 cnm
399 4040 461 4113 ipso
474 4039 605 4096 exsilium
619 4039 761 4096 sustinuit.
777 4040 906 4095 Theodo·
960 4060 1016 4117 qua
1032 4061 1079 4099 sex
1098 4044 1202 4099 liberos
1222 4049 1319 4116 postea
1336 4045 1517 4102 Constantini
1541 4044 1643 4099 tratres
1666 4045 1776 4101 habuit.

92 4153 140 4192 rus
157 4135 311 4208 Gregorius
328 4134 517 4190 Neocaesarcae
539 4133 619 4190 Ponti
634 4133 783 4206 episcopus
804 4150 908 4206 magna
959 4138 1085 4195 Galerius
1111 4137 1197 4194 liliam
1221 4139 1386 4194 Diocletiani
1410 4139 1549 4193 Valeriam
1573 4140 1690 4211 accepit.
1714 4141 1779 4197 Post

93 4231 229 4286 sinotum
244 4228 333 4301 glorta
345 4230 452 4284 claret
445 4229 597 4301 equibus
610 4244 700 4283 unum
714 4231 757 4283 est
760 4228 865 4301 „quod
877 4234 906 4284 ul
958 4234 1059 4289 decem
1077 4249 1178 4301 annos,
1197 4249 1248 4304 per
1271 4233 1501 4304 Asclepiodotum
1526 4234 1777 4338 protectnmpra·

89 4323 215 4380 ecclesia
237 4323 375 4380 iacienda
393 4323 471 4379 loeus
496 4322 651 4390 sulticerot,
672 4326 797 4379 montem
818 4323 908 4394 preci·
958 4326 1035 4394 torii,
1050 4326 1201 4382 Britannice
1216 4329 1337 4398 receptas
1351 4330 1427 4382 sunt.

90 4419 143 4474 tius
167 4418 265 4474 morit.
290 4417 455 4490 Stephanus
476 4423 504 4472 et
531 4417 632 4474 Sextus
658 4418 754 4473 Momm
782 4417 1001 4498 cpiscopiDi
993 4421 1074 4476 Nono
1090 4421 1202 4476 decimo
1215 4437 1289 4476 atino
1304 4421 1512 4478 Diocletianus
1507 4439 1535 4476 m
1549 4422 1674 4492 Oriente,
1688 4424 1774 4479 Maxi·

92 4513 230 4586 marlyrio
250 4512 324 4584 passi
340 4516 414 4567 sunt.
958 4514 1073 4570 miauus
1099 4516 1246 4571 Herculius
1269 4515 1297 4570 in
1319 4515 1472 4572 Occidente
1498 4516 1631 4571 ecclesias
1655 4516 1773 4586 vastari,

125 4606 262 4665 Claudius
285 4622 400 4673 atroci,
422 4605 568 4661 mensibus
587 4622 624 4660 nr.
648 4606 702 4660 tste
719 4606 826 4663 Gothos
843 4607 906 4676 jam
958 4608 1049 4680 afiligi
1063 4610 1238 4665 Christianos
1259 4614 1288 4664 el
1309 4609 1430 4665 interfici
1451 4609 1629 4682 precipiunt.
1646 4611 1775 4667 Secundo

90 4719 142 4775 per
164 4719 257 4757 annos
279 4718 311 4756 ιι
334 4699 475 4773 illyricum
495 4699 745 4771 Macedoniamque
764 4704 908 4755 vastantes
957 4707 1054 4758 autern
1071 4704 1276 4775 persecutionis
1291 4719 1367 4759 anno
1386 4702 1575 4759 Diocletianus
1588 4703 1773 4773 Nicomedia,

90 4800 224 4868 snperat3
245 4794 281 4851 oh
298 4793 403 4866 quaein
424 4793 503 4849 curia
516 4793 633 4867 clypeus
646 4809 760 4861 aureus,
775 4794 845 4850 etin
860 4796 907 4851 Ga·
958 4797 1144 4853 Maximianus
1159 4797 1308 4853 Mediolani
1329 4813 1487 4869 purpuram
1507 4797 1713 4870 deposuerunt.
1728 4801 1774 4853 ht·

90 4889 190 4962 pitotio
203 4894 296 4943 statua
313 4887 339 4942 ei
357 4903 444 4943 aurea
457 4887 594 4943 collocata
606 4893 657 4944 est.
677 4887 799 4944 Marcion
816 4888 905 4944 diser·
957 4896 1052 4946 taman
1071 4897 1161 4964 coepta
1175 4891 1264 4947 semel
1285 4892 1441 4963 persecutio
1461 4909 1549 4963 usque
1567 4893 1602 4948 ad
1615 4893 1772 4966 septimum

91 4983 217 5039 tissimus
231 4981 416 5038 Antiochense
429 4981 579 5054 presbyter
595 4981 740 5052 Ecclesia,
753 4982 847 5054 quiin
863 4999 907 5038 ea·
956 4985 1131 5041 Gonsmntini
1149 5001 1257 5041 anatim
1274 4985 1382 5041 terrere
1397 5002 1454 5040 nou
1472 4992 1573 5042 cessat.
1591 4987 1773 5042 Constantius

90 5078 157 5133 «iem
181 5075 250 5131 urbe
274 5075 443 5132 rhetoricam
462 5074 610 5144 docuerat,
631 5075 766 5132 adversus
788 5076 905 5132 Paulum
957 5094 1001 5135 ιιι
1016 5079 1132 5150 imperii
1151 5096 1238 5146 anno,
1257 5096 1377 5135 summos
1401 5080 1629 5135 mansuetudinis
1644 5084 1673 5135 et
1687 5079 1774 5136 civili·

89 5173 124 5227 tle
144 5171 304 5240 Samosata,
323 5170 371 5242 qui
385 5168 542 5225 Antiochiae
561 5168 710 5243 episcopus
729 5168 904 5242 dogmatizo·
956 5173 1020 5229 tatis
1032 5172 1083 5242 sir,
1098 5173 1128 5228 in
1143 5173 1285 5228 Britannia
1301 5175 1376 5229 diem
1391 5175 1462 5231 obiit
1479 5175 1608 5230 Eboraci.
1626 5176 1690 5231 {trec
1707 5191 1771 5247 per-

88 5265 138 5321 bat
158 5264 303 5322 Cbrislum
324 5263 485 5319 communis
507 5265 616 5319 uaturae
640 5263 789 5319 hominem
809 5263 905 5334 luisse,
957 5260 1060 5323 secutio
1086 5273 1141 5322 tam
1162 5267 1286 5323 crudelis
1305 5273 1335 5324 et
1356 5268 1455 5325 crebra
1475 5268 1622 5342 llagrabat,
1642 5272 1675 5324 ut
1697 5269 1774 5325 intra

87 5356 296 5431 accipientibus
308 5358 424 5414 notariis
435 5356 597 5429 disputarit,
607 5356 658 5428 qui
671 5356 800 5428 dialogus
815 5374 905 5430 usque
957 5377 1046 5417 unum
1060 5376 1189 5417 mensem
1204 5362 1302 5419 decem
1317 5370 1345 5420 et
1363 5367 1426 5419 octo
1443 5361 1532 5418 millia
1546 5368 1706 5435 martyrum
1720 5379 1773 5436 pro

91 5452 178 5509 hodie
191 5458 290 5508 exstat.
444 5500 448 5507 .
710 5500 714 5507 .
954 5454 1070 5511 Girristo
1088 5456 1164 5528 passi
1177 5455 1365 5514 inveniantur
1378 5475 1385 5513 :
1400 5473 1467 5513 nani
1482 5459 1511 5513 ot
1529 5456 1634 5514 Oceani
1651 5456 1773 5513 limbum

126 5546 296 5603 Aurelianus
311 5545 394 5602 annis
409 5562 435 5614 ι,
449 5544 599 5601 mensibus
614 5561 650 5600 rr.
667 5545 717 5601 Mic
729 5560 795 5603 oum
809 5546 906 5603 adrer-
957 5552 1143 5619 transgressa,
1161 5550 1315 5620 Albanum,
1327 5556 1424 5611 Aaron
1436 5557 1467 5609 et
1481 5550 1590 5607 lulium
1605 5550 1772 5619 Britannia,

88 5658 216 5698 somnos
229 5638 457 5714 persecutionem
471 5638 616 5705 mortum,
632 5636 742 5695 tulmen
756 5645 824 5697 onte
838 5654 906 5697 enm
956 5657 1024 5701 eura
1048 5643 1111 5701 aliis
1124 5644 1264 5718 pluribus
1285 5644 1354 5703 viris
1373 5660 1407 5702 ac
1431 5645 1548 5703 laminis
1571 5644 1646 5703 letici
1670 5646 1774 5703 cruore

90 5750 197 5812 rmgno
214 5750 319 5809 pauore
337 5732 586 5790 circumstantium
601 5733 668 5804 urit,
682 5750 717 5791 ac
738 5732 906 5793 nonnullo
956 5735 1112 5797 damnarit.
1134 5740 1213 5797 tunc
1236 5755 1335 5813 ιιιιιιιι
1355 5744 1399 5797 eat
1424 5739 1590 5814 Pamphilus
1614 5738 1771 5813 presbyter,
