3750 6046
73 110 132 170 sat
490 110 644 170 1116101116
663 108 934 168 ECCLESthTlCA.
953 139 988 152 -
1007 105 1093 168 PARS
1113 98 1208 166 111-
1227 110 1291 165 llll.
1311 102 1380 165 xllt.
1479 161 1482 165 ,
1698 114 1749 167 966
1775 194 1778 199 Ι

73 236 268 309 colloquium,
283 236 380 292 dicens
392 252 468 292 nunc
489 240 612 292 tractare
626 236 661 290 de
677 251 746 307 paee
761 251 822 290 esse
837 234 888 289 ho·
901 234 1016 319 Γ3111111.
1039 237 1155 290 Euentus
1169 235 1242 288 eard
1262 234 1291 286 in
1310 232 1439 295 11666616,
1462 231 1576 301 duplis,
1599 232 1706 303 Apulia
1723 240 1748 289 61

72 329 205 385 „oraque
219 336 248 386 eq
261 330 340 385 valde
356 330 550 386 commodum,
976 314 1151 371 Normannia.
1167 313 1372 381 hndcqaoeusis
1390 328 1473 368 comcs
1487 312 1584 367 661166
1596 318 1706 368 reiterat
1720 317 1749 370 in

111 423 164 478 1116
176 423 326 495 acquievit,
347 424 384 479 ad
409 424 577 479 concionem
594 422 673 491 abiit,
697 422 779 495 eique
793 421 889 492 impe·
974 410 1061 464 11111171
1080 394 1195 462 Anptiae.

72 518 229 573 retorsit:
247 515 889 586 AntiochenacioitasdeimperioGonstantiuo-
975 518 1055 569 Anno
1078 514 1114 569 ab
1136 513 1332 569 incarnatione
1361 513 1479 569 Domini
1505 515 1583 583 1138,
1612 514 1746 571 16616116·
1822 532 1825 537 ’

67 610 200 682 potitano
225 616 274 667 est.
299 611 476 667 buamundus
499 624 559 667 uero
587 611 712 679 princeps
736 610 890 677 bomuqium
939 608 1077 679 661176),
1100 606 1257 662 Ludovicus
1278 606 1392 663 tarenis
1412 622 1462 662 rex
1487 607 1660 662 Francorum
1672 607 1748 680 apud

66 708 174 774 patruo
200 720 257 760 meo
280 705 355 771 tecit,
381 707 406 758 at
430 719 488 758 cum
506 704 616 773 reliquis
635 703 790 772 proceribus
808 702 886 758 0661-
940 700 1090 756 Bituricam
1115 700 1144 755 in
1160 701 1247 755 Natali
1269 699 1381 755 Domini
1394 706 1549 767 euronotus
1568 706 1627 756 est:
1651 700 1749 773 ibique

70 797 165 853 dentis
184 799 305 867 paravit,
319 797 391 866 quod
410 799 434 851 si
459 798 559 859 omnia,
580 811 639 866 qua
662 797 744 850 Turni
763 795 887 850 abstule-
937 796 1039 867 ingens
1057 796 1135 850 curia
1153 795 1294 851 nobilium
1310 800 1338 849 et
1362 794 1548 850 mediocrium
1570 795 1696 852 virorum
1713 794 1749 852 66

69 895 149 957 runt,
164 896 190 946 et
204 894 261 961 ipse
287 905 445 960 recuperare
464 895 562 960 posset,
587 904 664 944 sucro
684 889 888 958 1666166611-
937 889 1015 943 omni
1030 889 1118 944 Gallia
1133 891 1161 944 et
1184 887 1344 961 Aquitania,
1365 887 1483 960 aliisque
1504 887 1671 944 circumsitis
1699 905 1751 944 na·

70 989 171 1039 tuerat.
186 987 240 1040 1166
252 985 465 1053 itaquepactum
478 999 496 1038 a
511 988 544 1045 te,
562 985 610 1053 qui
622 997 693 1037 nunc
705 983 886 1052 principaris,
938 983 1226 1055 tionibusaggregata
1235 985 1289 1038 est.
1301 983 1370 1036 lllue
1381 980 1593 1053 metropolitani
1603 983 1748 1054 praesules,

70 1080 162 1146 66166,
178 1082 204 1131 61
226 1077 320 1133 urbem
347 1078 454 1146 imperii
479 1078 574 1137 nostri,
595 1091 678 1146 quum
700 1089 888 1145 666166666-
938 1092 1093 1148 eorumque
1106 1075 1279 1147 suffraganei
1299 1078 1503 1130 convenerunt.
1520 1076 1586 1130 lllue
1602 1077 1744 1145 eonsules,

66 1186 160 1241 poseo.
187 1169 366 1226 Raimundus
391 1169 551 1240 respondit:
574 1171 612 1223 De
627 1171 709 1224 unitis
723 1168 886 1223 conditioni·
937 1170 1057 1241 aliaque
1072 1169 1223 1241 dignitates
1234 1170 1442 1238 confluxerunt,
1466 1184 1608 1240 suumque
1629 1169 1749 1225 tamula-

69 1264 222 1320 bustarum
241 1264 374 1334 placitare
394 1263 466 1318 nolo.
483 1263 578 1319 Urbem
594 1263 664 1317 6666
679 1278 696 1315 6
709 1277 770 1331 repa
786 1263 886 1317 Hieru-
936 1267 999 1317 tum
1011 1278 1084 1318 novo
1096 1262 1159 1334 regi
1171 1262 1371 1317 exhibuerunt.

67 1358 155 1413 66166
167 1372 227 1412 eum
240 1357 299 1427 tilia
310 1358 440 1427 principis
453 1358 549 1426 recepi,
559 1358 635 1426 cique
646 1359 676 1410 ul
689 1355 797 1410 domino
807 1355 887 1424 11666
971 1358 1068 1411 Petrus
1082 1357 1242 1424 anacletus,
1256 1355 1304 1426 qui
1318 1355 1415 1410 sedem
1431 1356 1614 1426 apostolicam
1630 1356 1691 1412 tere
1710 1372 1746 1412 ru

66 1452 194 1522 promisi.
211 1451 322 1505 Vestras
346 1452 431 1519 ipitur
454 1450 677 1504 ratiocinationes
695 1447 846 1511 ostendam,
861 1454 886 1502 et
936 1450 1016 1505 annis
1031 1455 1226 1521 usurpaverat,
1241 1450 1270 1503 in
1292 1447 1430 1503 cathedra
1450 1449 1625 1517 sedens,rn1
1647 1451 1748 1505 llalen·

65 1544 290 1614 persuasionibus
311 1544 397 1613 ipsius
418 1545 448 1598 in
471 1543 592 1597 omnibus
612 1542 744 1601 obediam.
767 1557 813 1596 nec
835 1543 886 1596 ati·
935 1543 984 1598 das
1008 1543 1515 1612 16666661166611666661666666611,
1531 1543 1745 1615 6166661166·

66 1652 153 1707 quam
165 1637 385 1692 deliberationem
403 1639 432 1690 in
445 1635 491 1691 hoc
510 1638 617 1705 nepotio
633 1638 689 1690 sinc
703 1635 777 1690 itlius
796 1638 882 1691 eonsi-
894 1625 923 1698 B
936 1639 1023 1705 tur,a
1045 1636 1179 1691 tratribus
1201 1637 1269 1705 suis,
1291 1637 1356 1691 hliis
1380 1637 1512 1692 videlicet
1531 1636 1605 1691 Petri
1633 1637 1745 1705 Leonis,

66 1731 105 1785 lio
130 1732 242 1798 tacciam.
275 1729 322 1784 llis
348 1729 389 1785 ita
417 1728 507 1797 dietis,
540 1728 695 1800 imperator
721 1728 885 1800 approbans
934 1746 1056 1801 quorum
1071 1729 1101 1784 16
1117 1730 1186 1785 6666
1200 1730 1289 1785 Roma
1301 1730 1426 1785 maxima
1438 1734 1566 1803 potestas
1580 1735 1634 1799 est,
1648 1730 1689 1784 ita
1702 1746 1748 1785 oc·

66 1823 149 1894 quod
178 1824 264 1878 fidem
289 1823 404 1878 domino
431 1825 566 1890 servaret,
592 1821 718 1877 inducias
747 1820 827 1877 dedit
853 1827 885 1877 ut
934 1829 1067 1898 uallatur,
1083 1827 1746 1900 utubicadaverejussepultumsit,ignoretur.

65 1916 222 1988 praelatum
238 1932 335 1987 regem
349 1920 504 1987 expeteret,
524 1915 632 1987 etquid
649 1915 794 1986 agendum
811 1921 886 1970 esset
935 1921 1071 1993 Sequenti
1107 1936 1221 1993 quoque
1251 1938 1358 1987 mense,
1384 1921 1463 1976 lama
1487 1921 1573 1993 longe
1598 1919 1748 1992 personuit

66 2010 201 2082 legaliter
214 2010 249 2064 ab
265 2010 326 2082 ipso
340 2008 500 2081 indagaret.
518 2010 649 2080 Cumque
661 2009 765 2080 legatio
784 2008 882 2079 hujus·
934 2014 1012 2085 quod
1022 2014 1159 2086 hogerius
1169 2014 1502 2085 spuliaeduxdefuncrus
1512 2014 1651 2085 66661177)
1661 2029 1745 2085 quem

67 2104 147 2159 modi
171 2103 206 2158 ad
238 2119 351 2174 regem,
376 2103 424 2174 qui
448 2106 515 2157 tune
546 2103 717 2174 aegrotabat,
743 2102 884 2158 destinata
933 2107 1068 2179 prelatus
1088 2107 1283 2162 schismaticus
1304 2108 1333 2162 in
1354 2123 1452 2179 regem
1475 2107 1576 2163 Sicilie
1596 2123 1745 2162 eonsecra-

65 2198 179 2265 fuisset,
200 2197 261 2268 ipse
283 2213 369 2252 cansa
392 2197 450 2251 suis
478 2197 643 2252 necessariis
667 2196 765 2252 amicis
790 2195 881 2251 muni·
933 2203 1024 2268 verat,
1043 2203 1162 2273 dataque
1183 2218 1280 2256 sorore
1299 2218 1368 2269 sua,
1394 2201 1448 2256 sibi
1468 2201 1503 2256 ad
1521 2201 1747 2272 perturbandum

66 2291 181 2357 testata,
193 2291 355 2363 respondit:
379 2292 474 2348 Omnes
487 2293 556 2346 66116
571 2292 703 2354 nouimus,
719 2296 750 2345 ut
764 2307 782 2346 a
796 2290 881 2360 maio·
933 2295 1061 2350 Ecclesia
1070 2294 1118 2367 jus
1140 2295 1284 2350 asciverat.
1301 2296 1389 2350 Porro
1413 2294 1560 2350 lotharius
1573 2294 1743 2366 imperator,

66 2386 144 2440 ribus
162 2385 328 2454 jamdudum
342 2385 497 2453 didicimus,
518 2383 692 2439 Antiochiam
717 2385 750 2439 de
771 2386 883 2455 imperio
933 2394 964 2442 ut
978 2388 1095 2460 11636611
1113 2404 1245 2443 occasum
1259 2388 1377 2456 audivit,
1391 2387 1419 2442 in
1438 2388 1571 2459 Apuliam
1589 2388 1745 2459 festinavit,

67 2478 370 2549 Constantinopolitano
391 2493 455 2541 csse,
472 2482 533 2533 cta
556 2480 649 2533 Turris
675 2494 721 2533 xlv
743 2479 882 2533 duntacut
933 2497 1055 2554 eamque
1071 2480 1134 2550 sibi,
1161 2481 1318 2537 secundum
1335 2498 1445 2537 morem
1461 2482 1610 2554 antiquum
1623 2485 1743 2539 statum·

66 2576 151 2628 annis
174 2574 299 2641 Aupusto
312 2573 490 2639 subtractam,
504 2573 608 2642 sibique
629 2573 767 2628 subactam
778 2574 880 2640 fuisse:
933 2591 989 2646 qne
1005 2576 1210 2643 Rornanorum,
1226 2575 1380 2646 subjugare
1395 2575 1509 2647 sategit.

65 2672 92 2722 et
116 2666 232 2736 reliqua,
255 2681 315 2736 qua
335 2668 482 2736 imperator
509 2668 605 2721 asserat
631 2666 663 2720 de
685 2671 882 2720 antecessorum
966 2668 1126 2740 Stephanus
1141 2685 1205 2722 vero
1223 2685 1271 2724 rex
1296 2685 1361 2723 eum
1378 2668 1408 2723 in
1433 2669 1566 2740 hngliam
1580 2669 1703 2727 venisset
1717 2675 1746 2726 et

65 2762 157 2830 paretis
177 2765 337 2822 nostrornm,
354 2775 417 2814 cern
436 2774 500 2815 esse.
523 2763 583 2817 Non
600 2760 723 2815 debemus
741 2761 882 2815 66116166
932 2762 1175 2817 machinationem
1189 2762 1382 2834 quorumdam
1396 2765 1493 2817 eontra
1504 2762 1647 2834 publicam
1662 2765 1744 2836 regni

65 2855 213 2923 abneqare,
234 2859 259 2908 et
280 2853 435 2908 rectitudini
455 2856 586 2908 resistcre.
607 2855 796 2923 Nequaquam,
811 2868 880 2922 pra·
933 2856 1083 2911 utilitatem
1097 2857 1292 2927 comperisset,
1314 2857 1480 2928 indignatus
1496 2862 1592 2911 contra
1615 2857 1743 2926 rebelles,
1850 2928 1853 2933 Ι

63 2949 162 3003 sertim
175 2963 236 3002 cum
248 2962 294 3016 epo
314 2949 394 3017 praui
408 2948 527 3002 detineor
546 2949 712 3016 infirmitate.
734 2946 809 3001 Unde
828 2962 881 3001 non
893 2989 921 3063 C
934 2949 1097 3020 importune
1113 2965 1192 3004 arma
1214 2950 1338 3017 sustulit,
1354 2953 1382 3004 et
1401 2950 1569 3021 prohibente
1591 2951 1678 3005 166166
1692 2967 1743 3006 suo

60 3057 174 3115 possum
200 3043 399 3110 consenquineo
420 3057 476 3096 mco
497 3056 660 3096 succurrere.
687 3044 758 3098 Nam
771 3045 882 3111 propter
933 3043 1054 3098 ilenrico
1076 3043 1279 3098 Guentoniensi
1303 3044 1432 3115 praesule,
1456 3043 1645 3099 bedafordam
1659 3043 1741 3099 obse·

64 3140 197 3200 aestaset
218 3151 308 3198 caras,
332 3141 412 3205 atquc
426 3136 541 3197 labores,
565 3151 629 3204 quos
650 3150 794 3204 perpessus
807 3149 879 3198 666,
932 3136 983 3205 611,
1003 3135 1098 3208 ibique
1123 3136 1219 3192 ltatule
1243 3136 1364 3204 bomini,
1389 3136 1517 3192 hibernis
1543 3136 1743 3208 ingruentibus

64 3235 92 3287 et
107 3232 228 3299 sannaus
245 3244 326 3292 escas,
341 3228 880 3299 661666161611611661661666616116616
930 3229 1040 3301 pluviis,
1054 3230 1194 3285 laboriose
1209 3230 1320 3302 peregit
1330 3234 1360 3285 et
1376 3230 1448 3285 nihil
1461 3230 1592 3301 proiecit.
1607 3232 1677 3286 Nam
1691 3231 1743 3286 11111

64 3324 160 3394 repuli
172 3339 258 3394 nuper
276 3338 341 3378 usus
357 3338 427 3386 sam,
448 3322 603 3390 lethiferam
618 3322 807 3393 upritudiuem
820 3338 881 3377 cum
931 3323 1068 3378 liodberti
1077 3323 1111 3378 de
1127 3324 1306 3395 Belloeampo
1319 3323 1509 3378 munitionem
1522 3324 1743 3379 fortitertenue·

63 3418 204 3475 sodalibus
224 3420 288 3472 meis
301 3419 415 3472 incurri.
430 3417 547 3486 ideoque
563 3432 637 3471 6666
649 3416 800 3486 praepedior
820 3432 881 3471 con·
930 3419 1008 3483 runt,
1022 3432 1115 3488 neque
1128 3417 1198 3487 regi,
1215 3417 1303 3471 donec
1318 3416 1451 3488 prelatus
1466 3417 1569 3488 praesul
1583 3416 1743 3488 traterejus

63 3513 175 3569 sobrino
189 3527 246 3566 meo
266 3512 303 3567 ad
320 3516 453 3566 certamen
472 3510 675 3565 adminiculari.
689 3511 881 3580 1166666161-
931 3509 1051 3577 adesset,
1076 3511 1257 3581 aliquomodo
1273 3509 1414 3565 humiliati
1430 3516 1507 3565 sunt.
1523 3511 1583 3565 lton
1600 3510 1678 3564 euim
1698 3511 1741 3566 de

64 3612 112 3662 tur
134 3607 331 3661 accusationem
344 3607 527 3674 aqnoscentcs,
549 3604 594 3671 ite,
611 3604 772 3673 dominoque
794 3610 880 3659 aestro
929 3602 1301 3672 bitamsubjectionemsive
1315 3601 1585 3657 servitiumdomino
1599 3602 1741 3674 denegare

64 3716 101 3756 ea
125 3715 185 3755 mea
198 3705 279 3770 parte
303 3699 393 3761 dicite,
409 3704 546 3767 utpacem
569 3712 628 3753 cum
652 3700 811 3767 imperatore
832 3698 880 3764 sa·
930 3713 980 3751 suo
1004 3696 1207 3764 decreverunt3
1223 3695 1273 3750 sed
1294 3695 1359 3768 quia
1375 3711 1475 3766 regem
1502 3697 1612 3767 1163661
1637 3713 1741 3768 66366·

63 3796 130 3860 ciat,
147 3808 256 3863 meoque
264 3793 345 3862 jussu
358 3793 393 3848 ab
418 3795 475 3863 ipso
489 3792 566 3861 cnjcts
580 3791 654 3860 juris
673 3797 710 3845 est
725 3791 817 3846 urbem
835 3804 878 3862 re·
929 3792 1026 3846 mento
1048 3790 1169 3861 Pauperi
1183 3789 1269 3845 tiliam
1292 3789 1415 3846 Simonis
1438 3790 1472 3845 de
1494 3789 1670 3861 bellocampo
1692 3791 1740 3846 66·

63 3889 161 3957 cipiet,
175 3892 200 3942 ct
214 3887 339 3955 lepalitcr
354 3890 452 3941 teneat.
468 3885 639 3941 Christianus
660 3887 731 3939 enim
744 3889 783 3939 est
794 3886 880 3955 impe·
930 3884 1002 3939 disse
1018 3885 1187 3957 compatris
1203 3884 1311 3939 honore
1332 3883 1497 3946 audierunt,
1513 3888 1604 3938 totam
1619 3884 1740 3940 haeredi·

62 3986 151 4048 rator,
165 3995 323 4050 mupnaeque
346 3982 482 4050 potentia,
501 3984 525 4034 et
545 3995 562 4034 a
586 3980 696 4034 Francis
720 3979 878 4035 honoratus.
929 3983 1018 4033 tatem
1031 3995 1110 4034 suam
1125 3979 1257 4034 amittere
1277 3981 1417 4047 verentes,
1433 3978 1566 4033 consultu
1580 3977 1741 4035 amicorum

62 4077 95 4134 si
107 4076 178 4138 uult,
194 4074 341 4129 admodum
354 4074 426 4128 66161
444 4074 504 4128 illos
527 4073 668 4143 adjuvare.
684 4073 797 4127 lleversi
813 4090 879 4129 vero
928 4073 1111 4143 pertinaciter
1119 4072 1427 4128 restiterunt.Tandem
1440 4071 1568 4143 pontifici
1582 4078 1644 4144 post
1655 4072 1740 4143 quin·

62 4169 154 4240 legati
167 4184 300 4240 responsa
313 4184 440 4239 congrue
456 4166 653 4235 reddiderunt,
669 4167 783 4238 duoque
799 4167 878 4239 prin·
929 4183 984 4239 que
996 4167 1169 4237 septimanas
1180 4165 1344 4221 advenienti
1359 4165 1574 4237 aeqilieservmt,
1583 4169 1669 4237 etper
1680 4167 1742 4237 ejus

63 4263 144 4336 cipes
158 4278 257 4334 pacem
272 4260 432 4333 peregrinis
445 4264 474 4315 61
489 4260 627 4315 universis
639 4260 669 4314 in
683 4244 794 4316 Christo
818 4276 877 4316 cre·
929 4260 1079 4316 eosrsilinm
1093 4260 1171 4332 quod
1181 4260 1233 4315 sibi
1248 4259 1315 4315 utile
1331 4259 1558 4331 opinabanturet
1570 4276 1742 4332 opem‚eum

63 4356 208 4423 dentibus,
236 4356 284 4428 qui
310 4356 339 4409 in
363 4353 469 4410 Graecia
496 4355 554 4409 sive
577 4355 657 4425 Syria
681 4354 877 4422 morabantur,
888 4358 918 4430 1)
930 4369 997 4424 6636
1012 4353 1150 4423 paciticati
1164 4356 1239 4420 sunl,
1252 4358 1281 4407 et
1296 4352 1435 4425 oppidum
1449 4351 1648 4407 reddiderunt.

62 4451 214 4506 commoda
231 4450 347 4504 interae
361 4449 610 4504 confirmaverunt,
627 4446 804 4503 llaimundus
825 4448 877 4504 116-
965 4448 993 4501 16
1010 4446 1183 4522 1166666616
1208 4445 1650 4516 11616616666666661661-61116,
1665 4444 1739 4501 iltius

62 4561 121 4618 que
136 4545 221 4600 homo
236 4545 324 4599 factrus
341 4544 472 4617 Augusti,
488 4543 667 4599 hartiochiam
682 4544 717 4598 ab
734 4543 781 4598 ille
797 4560 877 4598 acce·
930 4541 1051 4612 (nothus)
1069 4539 1180 4595 llenrici
1196 4540 1280 4610 regis,
1295 4540 1470 4611 provinciam
1484 4538 1662 4596 Constantini
1685 4544 1741 4595 tur·

61 4640 105 4712 pit
117 4657 126 4708 3
137 4642 168 4693 et
187 4639 342 4709 imperator
365 4638 404 4693 illi
418 4637 573 4692 amicitiam
589 4642 617 4692 et
630 4637 766 4693 auxilium
782 4643 879 4692 eontra
929 4639 1023 4706 habet,
1037 4643 1065 4694 et
1078 4638 1168 4693 sorori
1181 4654 1239 4692 sum
1254 4638 1349 4694 favens
1364 4637 1555 4709 andegavinis
1565 4635 1739 4695 adherebat.

60 4735 234 4790 Danrascum
248 4748 405 4804 omnesque
420 4732 539 4804 gentiles
553 4731 693 4802 promisit.
709 4733 772 4786 llaec
783 4730 879 4803 itaque
930 4732 1100 4787 balduinum
1115 4748 1229 4804 qnoque
1247 4731 1283 4786 de
1296 4730 1444 4787 Raduariis
1459 4737 1489 4787 et
1512 4732 1688 4803 Stephanum
1706 4731 1741 4787 de

60 4843 179 4900 guerra,
196 4843 258 4898 quae
272 4843 324 4898 per
342 4843 431 4880 annos
443 4826 534 4880 ferme
548 4842 582 4880 xa
597 4826 733 4880 damnose
746 4826 882 4897 perdura·
929 4826 1121 4897 Magna-villa,
1133 4826 1262 4899 aliosque
1272 4825 1409 4897 Stephani
1424 4826 1742 4897 regisinimieossecum

58 4923 112 4989 vit,
128 4923 157 4976 61
170 4936 222 4992 per
235 4921 418 4975 buamundos
438 4935 595 4990 eorumque
615 4936 789 4975 successores
812 4937 878 4975 con·
930 4920 1062 4977 habebat.
1079 4920 1135 4977 Sed
1151 4920 1292 4992 ltogerius
1315 4919 1472 4975 vicecomes
1494 4919 1597 4974 acriter
1619 4918 1673 4990 ipsi
1690 4918 1741 4974 ob·

59 5020 105 5071 tra
127 5014 256 5070 alexium
277 5022 350 5084 orta,
371 5015 489 5086 6311616,
509 5015 666 5069 innumeris
680 5013 805 5069 millibus
819 5014 881 5069 vin·
929 5014 1030 5083 stabat,
1044 5015 1222 5087 patriamque
1237 5019 1390 5086 protegens
1405 5013 1530 5068 bostium
1544 5012 1683 5084 perversis
1698 5029 1742 5071 co·

58 5109 135 5176 cula,
152 5109 376 5180 perniciemque,
391 5112 421 5163 et
445 5110 536 5164 multa
551 5109 723 5164 detrimenta
737 5109 876 5164 contulit:
930 5107 1043 5163 natibus
1068 5108 1218 5180 insigniter
1248 5107 1405 5163 resistebat.
1432 5106 1563 5162 llostibus
1583 5106 1741 5163 admodum

57 5204 175 5260 favente
191 5204 257 5273 lieo,
273 5220 350 5258 nune
365 5204 416 5258 sub
431 5202 607 5274 principibus
623 5205 731 5258 toanne
750 5207 878 5274 Augusto
929 5202 1061 5258 terribilis
1083 5203 1112 5256 in
1136 5201 1236 5274 primis
1250 5202 1325 5257 visus
1346 5204 1401 5271 est;
1427 5200 1475 5256 sed
1490 5202 1519 5255 in
1546 5200 1629 5273 lmjus
1644 5200 1740 5257 saeculi

59 5304 90 5353 et
115 5296 276 5352 Raimundo
297 5297 460 5365 l’ietavensi,
488 5298 585 5352 nrsrltis
619 5296 879 5369 utriusquepartis
929 5298 987 5352 salo
1002 5297 1080 5351 nulla
1091 5297 1217 5368 potantia
1231 5296 1319 5368 longa
1332 5303 1384 5351 est.
1399 5295 1511 5352 Inimici
1524 5295 1666 5369 siquidem
1679 5296 1741 5368 ejus

59 5390 264 5465 gaudentibus,
279 5391 408 5447 cessavit.
928 5390 1112 5463 prosperitati
1135 5390 1221 5444 nimis
1235 5389 1404 5457 invidentes,
1421 5389 1537 5445 insidias
1563 5389 1604 5444 illi
1628 5405 1741 5462 parave-

91 5508 142 5571 (76)
165 5508 234 5558 Nota
255 5507 419 5560 Orderieum
436 5520 452 5558 a
469 5507 557 5558 Natali
580 5507 690 5558 Domini
710 5520 815 5558 aunum
836 5520 879 5559 or·
959 5509 1008 5571 (77)
1025 5506 1122 5557 Falsus
1136 5519 1243 5565 rumor;
1262 5506 1411 5572 Rogerium
1426 5506 1528 5571 quippe
1541 5518 1614 5557 anno
1634 5509 1743 5557 tantum

58 5580 122 5633 dirl.
927 5578 999 5642 list,
1012 5578 1043 5630 26
1057 5578 1200 5630 Februarii
1215 5576 1317 5630 obiisse
1332 5581 1446 5630 constat.

558 5652 639 5718 [Dom
655 5652 814 5718 Bououar.)
1433 5649 1524 5714 mom
1532 5644 1710 5704 66666666
