3750 6046
90 199 160 261 raet
588 194 757 261 artsrotn
775 192 818 261 aa
836 190 1037 260 rarvrtacu.
1053 231 1089 242 -
1106 192 1162 258 au.
1185 193 1262 258 usr.
1708 194 1776 258 tsoe
1841 192 1844 197 “

88 335 162 386 tates
183 331 307 402 quatuor
320 345 353 385 ex
369 333 447 401 parte
470 335 520 386 tua
540 335 569 386 et
585 335 706 402 quatuor
719 348 752 386 ex
766 335 846 403 parte
859 347 906 386 co·
919 328 1057 417 Acomiti
1071 334 1168 385 tamen
1182 344 1235 401 pro
1248 325 1413 399 peragenda
1419 319 1530 398 justitia
1540 325 1677 382 reddetur
1685 342 1694 396 ;
1710 342 1776 381 con-

89 423 168 479 mitis
183 424 315 479 homines
333 423 400 478 boni
418 423 573 480 testimonii
589 428 619 479 ct
636 423 781 496 indigenae
797 425 832 480 ad
843 424 907 495 jus·
959 425 1111 495 sequenter
1130 426 1160 478 et
1181 423 1216 478 de
1240 420 1432 488 monasteriis,
1454 420 1476 475 si
1494 417 1601 476 'falsam
1621 419 1774 492 aliquando

84 517 245 589 jurandam
258 533 377 589 censura
390 517 578 573 ecclesiastica
595 523 777 589 cogerentur,
792 521 821 572 et
833 517 908 589 quad
958 521 1104 572 monetam
1123 517 1253 584 fecerint,
1275 516 1356 587 jassa
1381 518 1430 570 tuo
1450 531 1546 570 comes
1566 512 1707 585 justitiam
1730 513 1774 569 fa·

88 611 167 682 ipsos
185 614 328 667 constaret
345 610 425 666 tactis
444 612 629 667 sacrosanctis
648 611 774 683 reliquiis
788 612 910 683 dejusta
959 611 1026 666 ciet.

89 704 269 776 possessione
286 704 410 760 eeclesiae
431 704 474 760 vel
496 705 607 760 comitis
621 705 759 778 profiteri,
774 704 809 760 ah
830 711 907 760 atra·
994 704 1137 769 Quoniam
1158 703 1246 775 igitur
1263 719 1359 759 comes
1372 702 1491 758 madum
1510 700 1671 757 excedendo
1685 702 1777 757 multa

88 815 147 870 que
167 803 293 853 vestrum
311 798 432 854 tirmiter
444 798 473 854 in
488 804 635 871 posterum
651 801 810 855 teneretur.
832 801 909 856 luter
959 804 987 853 et
1002 797 1124 852 maxima
1138 797 1245 853 damna
1259 796 1311 852 tibi
1326 796 1460 852 intulerat
1474 801 1502 851 et
1516 795 1660 850 canonicis
1671 795 1775 850 simili·

91 894 195 944 caetera
210 904 288 954 varo,
303 888 352 960 qui
367 889 550 945 continentur
568 890 598 944 in
613 890 817 961 compositione
831 890 907 962 apud
959 895 1003 946 ter
1015 891 1176 963 domosque
1191 891 1343 946 hominum
1354 895 1469 945 tuorum
1480 888 1618 945 diruendo
1631 889 1776 944 destruxe-

91 981 192 1054 Saysel
206 982 289 1050 lacta,
305 981 520 1038 continerentur
541 985 569 1038 ct
587 983 648 1038 haec
662 999 669 1038 ε
684 987 716 1039 ut
737 983 907 1039 recordatio·
959 990 1018 1052 rat,
1040 985 1175 1041 dixerunt
1197 984 1401 1056 compositores
1424 987 1456 1038 ut
1478 982 1670 1055 quadraginta
1690 981 1776 1037 libras

91 1091 145 1129 nes
158 1074 241 1129 lacta
260 1077 322 1145 post
337 1075 541 1146 jusjurandum
560 1092 612 1148 per
632 1076 761 1132 homines
783 1075 907 1148 episcopi
958 1095 1009 1151 pro
1022 1078 1228 1134 restauratione
1240 1078 1338 1134 damni
1351 1093 1446 1133 comes
1458 1076 1646 1148 persolveret;
1662 1074 1775 1130 canoni·

92 1176 122 1223 et
135 1169 245 1224 comitis
259 1168 452 1225 amaldricum
466 1170 597 1225 videlicet
606 1169 823 1226 cabannensem
839 1185 908 1225 can·
958 1172 1076 1227 cis-vero
1090 1172 1230 1227 damnum
1243 1188 1329 1227 suum
1346 1171 1381 1225 ad
1400 1186 1501 1226 eorum
1516 1170 1630 1225 libitum
1647 1170 1676 1223 et
1687 1168 1774 1224 mise·

91 1268 184 1317 torem
207 1265 236 1317 et
254 1263 437 1329 carroaicam,
458 1262 632 1317 Willelmum
656 1264 730 1318 Bora
753 1262 906 1333 decanam,
958 1265 1109 1320 ricordiam
1134 1265 1309 1321 emendaret.
1333 1266 1364 1320 ln
1387 1263 1633 1336 redintegratione
1658 1278 1774 1335 quoque

91 1356 266 1412 Richardum
293 1356 509 1424 vicedomnum,
541 1355 716 1411 willelmum
741 1356 776 1412 de
806 1359 907 1426 Rosea,
958 1359 1108 1414 domorum
1135 1359 1298 1414 hominibus
1322 1374 1445 1430 quorum
1474 1357 1588 1413 fueraut
1614 1357 1650 1411 ad
1672 1370 1773 1411 eorum

92 1450 165 1505 sicat
183 1450 306 1505 recitatae
321 1450 433 1505 luerent
451 1450 598 1505 communi
615 1466 730 1505 assensu
743 1450 784 1506 tui
802 1450 909 1506 scilicet
959 1469 1058 1523 pacem
1082 1452 1309 1508 emendationem
1334 1468 1429 1507 comes
1453 1451 1569 1507 faceret.
1593 1450 1704 1505 Dictum
1732 1453 1776 1506 est

91 1547 122 1598 et
136 1543 248 1599 comitis
257 1544 286 1598 in
297 1543 450 1614 praesentia
462 1543 612 1599 memorati
626 1544 702 1599 Petri
714 1544 909 1599 Tarentasieu·
958 1550 1054 1601 autem
1069 1552 1100 1602 ut
1113 1546 1248 1602 omnibus
1261 1545 1424 1601 bominibus
1443 1544 1499 1599 tuis
1514 1560 1585 1615 quos
1602 1558 1706 1612 comes,
1722 1557 1775 1613 pro

90 1637 129 1691 sis
148 1636 353 1708 archiepiscopi
365 1643 394 1693 et
406 1637 526 1693 amedei
545 1638 750 1695 lausannensis
768 1638 904 1710 episcopi,
958 1639 1150 1695 malivolentia
1166 1639 1241 1695 iuter
1266 1655 1296 1695 se
1319 1641 1349 1694 et
1367 1642 1394 1693 te
1413 1637 1511 1693 habita
1538 1635 1603 1692 odio
1628 1636 1774 1705 habuerat,

91 1736 178 1803 atque
193 1729 331 1786 abbatum
344 1731 431 1786 totius
447 1730 637 1787 Gebennensis
649 1731 836 1804 episcopatus,
851 1733 906 1787 uo·
919 1711 947 1783 Β
958 1749 1059 1805 pacem
1072 1733 1204 1789 redderet
1219 1751 1226 1788 ε
1241 1733 1373 1788 similiter
1387 1737 1416 1786 et
1429 1734 1460 1786 tu
1475 1731 1534 1803 ipse
1548 1729 1714 1785 bominibus
1728 1744 1775 1784 co·

92 1824 193 1896 dalphi
223 1824 259 1878 de
286 1824 349 1878 hita
371 1823 491 1891 Combe,
517 1824 654 1897 Stephani
681 1824 906 1899 Cbisiriasensis,
957 1827 1037 1882 mitis
1048 1843 1146 1900 pacem
1161 1828 1278 1895 laceres,
1292 1826 1415 1898 exceptis
1436 1824 1561 1896 illisqui
1581 1829 1631 1879 tua
1652 1822 1776 1878 abstule-

91 1918 181 1990 ldoysi
195 1917 232 1973 da
244 1918 435 1984 bonomonte,
452 1918 552 1973 Borcb.
566 1918 601 1973 de
615 1918 825 1986 llabundaatia,
839 1920 908 1974 Pon·
957 1925 1031 1989 rant,
1046 1921 1094 1976 illa
1108 1920 1238 1976 videlicet
1251 1936 1316 1993 qaae
1331 1935 1428 1976 comes
1444 1917 1562 1973 minime
1575 1916 1725 1983 habuerat,
1739 1914 1776 1971 de

90 2012 124 2068 tii
143 2011 177 2067 de
192 2013 248 2079 Sir,
265 2028 318 2066 nec
331 2028 390 2066 non
405 2012 546 2083 Rodulphi
560 2011 737 2083 dgaanensis
755 2012 865 2068 abbatis
880 2014 909 2068 et
959 2014 1062 2087 quibus
1074 2014 1182 2069 dictum
1196 2019 1249 2082 est,
1266 2019 1297 2070 ut
1309 2029 1406 2068 comes
1425 2012 1476 2068 tibi
1495 2027 1583 2082 super
1602 2011 1671 2083 ipsis
1688 2007 1775 2081 justi-

94 2106 253 2161 multoram
267 2105 467 2177 religiosorum
483 2108 512 2160 et
526 2105 712 2161 bonestorum
728 2106 854 2161 virorum
868 2123 909 2161 as
957 2108 1039 2176 tiam,
1059 2107 1153 2163 donec
1171 2106 1269 2162 ablata
1285 2107 1366 2178 juxta
1389 2105 1600 2176 beneplacitum
1616 2110 1696 2159 tuum
1714 2101 1777 2159 red·

90 2200 253 2255 sistentium
281 2199 312 2254 in
339 2199 488 2272 episcopati
522 2198 608 2255 domu
637 2199 715 2271 apud
742 2200 907 2268 Gebenaas,
958 2203 1105 2267 darentur,
1122 2201 1306 2270 laceret3sin
1319 2205 1416 2257 autem
1428 2204 1459 2254 tu
1472 2199 1531 2270 ipse
1540 2197 1683 2269 iustitiam
1695 2200 1776 2252 tuam

91 2293 162 2367 quid
176 2294 319 2365 episcopa,
340 2294 408 2364 quid
429 2293 527 2348 comiti
547 2293 576 2348 ia
599 2293 727 2349 dominio
751 2299 779 2349 et
797 2293 908 2364 justitia
958 2296 1078 2368 proinde
1090 2296 1205 2361 iaceres,
1216 2308 1310 2350 comes
1323 2310 1390 2350 vero
1404 2294 1433 2348 in
1445 2293 1522 2348 nullo
1536 2292 1587 2346 tibi
1598 2290 1774 2347 contradice-

91 2387 286 2443 Gebeunensis
310 2387 430 2442 civitatis
454 2388 587 2443 attineret
612 2387 734 2443 firmiter
759 2388 795 2444 ab
823 2387 906 2444 utris·
959 2394 1012 2445 ret.
1027 2391 1064 2444 lte
1077 2389 1232 2462 piscatione
1243 2393 1382 2444 versante
1392 2391 1422 2442 tu
1433 2385 1643 2459 querimoniam
1654 2384 1774 2449 laceras,

90 2498 147 2554 que
160 2486 335 2537 tenerentur.
352 2481 573 2537 Recordabanes
585 2484 652 2536 sunt
666 2481 728 2536 istas
750 2497 757 2537 :
778 2485 908 2538 Bonnam
957 2484 998 2540 ita
1011 2484 1136 2555 positum
1149 2486 1193 2538 est
1207 2485 1237 2538 ut
1252 2483 1343 2538 bonas
1354 2480 1573 2538 consuetudines
1588 2495 1659 2552 quas
1676 2478 1773 2535 homi·

89 2575 177 2631 tatius
192 2575 311 2630 Genevre
328 2574 357 2629 in
378 2574 511 2630 omnibus
531 2580 560 2630 at
575 2574 739 2647 peremnia
757 2577 838 2631 tuum
861 2592 907 2629 so·
957 2593 1008 2633 nes
1022 2577 1063 2632 tui
1076 2576 1241 2648 abantiquo
1255 2577 1412 2648 perlocam
1427 2574 1601 2641 habuerant,
1616 2588 1733 2646 semper
1742 2571 1773 2628 in

89 2668 240 2725 lammodo
253 2685 329 2738 esse3
339 2669 481 2740 justitiam
496 2673 525 2724 et
537 2668 699 2724 dominium
718 2669 856 2742 cujusque
871 2669 908 2724 sit
959 2688 1030 2744 pace
1039 2671 1189 2726 baberent.
1203 2669 1268 2725 Fuit
1277 2672 1307 2724 et
1318 2668 1500 2741 querimonia
1513 2672 1561 2723 tua
1574 2667 1609 2722 de
1622 2667 1668 2722 die
1683 2665 1775 2738 pisca·

91 2762 178 2818 homo
199 2763 233 2817 ad
264 2765 290 2817 te
315 2762 517 2818 tantummodo
546 2762 706 2834 pertinere;
735 2762 908 2818 adventitios
959 2765 1044 2821 tionis
1057 2764 1086 2819 ia
1105 2765 1203 2819 Veuna
1216 2779 1302 2835 quam
1317 2779 1414 2817 comes
1430 2762 1594 2828 abstulerat,
1609 2776 1696 2834 super
1715 2776 1774 2825 urta

91 2872 205 2928 quoque
220 2873 252 2911 ex
266 2872 322 2928 qao
335 2873 505 2929 perannum
515 2856 628 2912 etdiem
640 2857 783 2912 Gebenuis
794 2872 906 2912 moram
956 2875 974 2913 a
991 2857 1229 2930 compositoribus
1249 2856 1357 2912 dietam
1382 2860 1434 2925 eet,
1450 2860 1482 2911 ut
1500 2854 1615 2928 quando
1638 2853 1776 2911 comitem

90 2950 222 3020 fecerint,
240 2956 303 3005 tuos
316 2950 493 3006 solummodo
512 2968 584 3020 esse,
607 2967 703 3007 comes
717 2968 786 3007 vero
801 2951 832 3007 in
848 2954 908 3007 tota
957 2969 1059 3008 vocare
1075 2951 1172 3021 velles,
1187 2951 1217 3007 ia
1232 2950 1342 3006 curiam
1358 2956 1439 3029 tuam
1453 2949 1573 3018 veniret,
1590 2964 1623 3004 ac
1639 2963 1692 3021 per
1705 2963 1774 3021 cog·

91 3045 203 3099 Genera
219 3044 311 3099 nullos
330 3044 460 3101 homines
481 3061 584 3117 capere
605 3044 706 3114 debet;
724 3045 903 3117 hospitalita-
958 3047 1098 3102 ultionem
1118 3045 1205 3101 cariae
1227 3045 1257 3100 in
1277 3060 1346 3117 pace
1369 3045 1542 3099 remaneret.
1565 3040 1603 3097 [te
1621 3039 1774 3113 Rodulpbo

91 3145 161 3208 tem,
177 3138 311 3209 placitum
330 3139 471 3210 generale,
487 3139 646 3195 foraciones
663 3139 733 3210 vini,
751 3138 906 3194 coroddam
956 3140 1073 3213 quidem
1083 3140 1174 3197 Sancti
1188 3138 1319 3208 Gervasii,
1332 3137 1397 3210 quia
1408 3152 1504 3193 comes
1516 3136 1583 3191 inde
1602 3138 1775 3208 conquestus

91 3238 120 3287 et
140 3232 311 3288 mutationes
329 3232 491 3300 domorum,
505 3232 529 3287 si
544 3232 676 3288 dominus
694 3235 825 3288 mortuas
842 3231 907 3289 lua·
956 3236 1058 3303 tuerat,
1079 3235 1118 3289 sic
1137 3233 1264 3305 positum
1283 3237 1327 3287 est
1344 3235 1376 3286 ut
1395 3230 1562 3286 investitura
1583 3229 1708 3284 eeclesia
1727 3244 1776 3284 re·

90 3325 138 3394 rit,
152 3324 239 3381 debes
250 3328 283 3380 at
297 3325 429 3382 dominus
444 3327 601 3399 possidere;
615 3326 711 3381 iorum
729 3325 815 3381 totius
833 3325 908 3382 villae
956 3330 1097 3397 maneret,
1114 3333 1143 3382 et
1165 3326 1187 3381 si
1203 3342 1298 3381 comes
1323 3324 1409 3379 vellet
1434 3339 1519 3395 saper
1541 3324 1593 3378 hoc
1615 3322 1645 3377 in
1664 3321 1775 3377 curiam

91 3421 121 3474 et
150 3417 291 3489 justitiam
323 3418 376 3475 fori
406 3419 442 3475 ad
474 3423 502 3475 te
533 3418 712 3474 solummodo
744 3419 906 3491 pertinere;
958 3425 1039 3478 tuam
1060 3419 1180 3488 veniret,
1200 3425 1228 3474 et
1248 3416 1406 3474 secundum
1428 3416 1503 3488 quod
1528 3415 1634 3470 dictum
1657 3414 1777 3472 eratrel

92 3513 247 3585 pedagium
266 3512 356 3585 ripale
379 3515 407 3569 et
428 3529 531 3586 pascua
554 3512 696 3568 similiter.
712 3514 813 3570 Comes
836 3529 907 3586 quo·
958 3515 1053 3572 adhuc
1065 3513 1220 3583 diceretur,
1231 3513 1279 3584 jus
1292 3527 1374 3567 suum
1392 3513 1511 3581 uterque
1526 3508 1695 3581 possideret.

92 3623 148 3679 que
172 3624 223 3680 per
249 3625 279 3663 se
306 3609 349 3663 vel
373 3624 424 3679 per
448 3606 634 3680 aliquemde
660 3607 719 3663 suis
744 3607 773 3662 in
799 3606 908 3680 pascuis
993 3608 1102 3681 Siquis
1120 3624 1186 3663 vero
1208 3622 1309 3678 pacem
1324 3606 1399 3660 hanc
1420 3603 1464 3658 vel
1479 3600 1662 3659 concordiam
1683 3604 1774 3658 teme·

92 3701 340 3770 Gebennansibus,
362 3702 454 3757 nullas
474 3701 778 3774 equitatur-astrapaea
805 3701 906 3772 debet;
958 3701 1033 3758 rario
1047 3717 1118 3756 ausu
1135 3700 1293 3772 infringere
1311 3697 1472 3764 tentaverit,
1488 3696 1597 3751 dictam
1619 3701 1662 3750 est
1678 3694 1714 3751 ab
1730 3695 1773 3768 ip·

92 3801 239 3852 monetam
253 3797 284 3851 in
299 3812 402 3852 manus
415 3802 478 3852 tuae
495 3795 696 3852 tantummodo
716 3812 786 3852 esse.
800 3794 830 3853 Si
845 3795 909 3868 qais
958 3796 996 3853 sis
1016 3795 1255 3867 compositoribus
1277 3798 1308 3849 at
1327 3796 1357 3847 tu
1377 3791 1444 3846 iada
1461 3789 1603 3862 justitiam
1625 3788 1722 3859 facias,
1746 3792 1775 3846 et

92 3907 160 3946 vero
182 3891 253 3947 latro
272 3897 369 3962 captus
388 3890 486 3962 luerit,
510 3890 652 3963 ipsamet
675 3889 772 3946 omnia
794 3890 856 3963 ejas
878 3893 909 3946 tu
959 3907 1053 3948 comes
1066 3890 1142 3946 infra
1157 3888 1348 3962 quadraginta
1364 3885 1425 3941 dies
1437 3889 1466 3941 et
1480 3888 1530 3940 tua
1545 3900 1597 3957 pro
1610 3879 1776 3955 laetajusti·
1857 3934 1860 3939 Δ

93 3985 198 4040 habere
220 3983 322 4055 dehes;
348 3984 429 4040 statio
452 3984 564 4040 comitis
592 3983 734 4041 Gebenuis
754 3984 785 4040 iu
808 3984 908 4056 cogni·
959 3985 1001 4042 tia
1016 4002 1072 4041 non
1089 3983 1228 4041 offendat.
1750 3974 1753 3979 ’

94 4077 172 4135 tione
191 4082 240 4134 tua
254 4078 299 4148 sit,
315 4079 356 4135 ita
377 4084 476 4135 tamen
501 4082 532 4133 ut
550 4094 646 4135 comes
666 4083 696 4133 et
717 4078 825 4135 ramilis
847 4079 910 4149 ejus
995 4081 1032 4136 Ut
1049 4078 1138 4151 igitur
1156 4077 1325 4150 compositio
1340 4076 1400 4150 ipsa
1417 4072 1520 4130 lutaris
1540 4068 1717 4146 temporibus
1730 4069 1776 4128 in·

93 4174 217 4228 ecclesiae
236 4179 265 4228 et
284 4172 391 4229 civibus
405 4178 434 4229 et
451 4172 646 4229 ecclesiasticis
668 4172 752 4228 rebus
775 4189 834 4228 nun
857 4189 909 4227 no·
960 4172 1131 4230 violabiliter
1142 4172 1319 4242 observetur,
1336 4187 1400 4226 eant
1415 4168 1575 4242 apostolicae
1589 4167 1664 4223 sedis
1677 4171 1776 4223 aueto-

94 4272 170 4337 ceat;
185 4283 281 4323 eomes
293 4267 382 4323 etiam
395 4269 445 4322 aut
457 4266 544 4341 aliqui
558 4266 594 4322 de
608 4266 666 4322 suis
679 4265 845 4322 vadimonia
860 4283 910 4322 sua
960 4267 1044 4323 ritate
1063 4265 1194 4323 duximus
1206 4264 1446 4333 confirmandam,
1462 4269 1490 4320 et
1506 4260 1639 4334 prasenti
1659 4259 1775 4333 privile·

95 4360 217 4431 pervim
230 4361 312 4417 alicui
327 4364 357 4416 et
370 4360 426 4417 nisi
441 4377 522 4433 aeque
537 4361 633 4416 valeat
652 4360 772 4416 minime
791 4363 909 4433 ponant,
961 4362 1008 4433 gio
1022 4361 1221 4416 muniendam.

95 4457 125 4510 et
143 4471 199 4509 non
215 4455 298 4511 aliter
312 4472 398 4528 quam
417 4457 452 4511 ud
467 4473 568 4528 pacem
583 4455 731 4512 creditoris
747 4454 851 4511 eadem
865 4452 950 4524 rii-D
997 4455 1256 4526 Decernimusergo
1266 4458 1297 4508 ut
1308 4450 1379 4521 nulli
1391 4446 1510 4508 omnino
1525 4445 1677 4504 homiuum
1693 4444 1777 4502 liceat

95 4547 225 4618 mittant3
240 4549 377 4605 hactenus
397 4550 629 4622 episcopalia·
648 4550 686 4605 tle
703 4548 749 4604 his
765 4565 910 4621 veroqaoe
961 4551 1035 4605 hanc
1058 4549 1192 4621 paginam
1217 4551 1324 4603 nostrae
1348 4543 1574 4602 confirmationis
1597 4541 1776 4612 infringere,

95 4643 131 4697 ad
146 4643 279 4698 comitem
290 4647 418 4715 spectare
431 4644 565 4700 videntur
576 4647 644 4699 suut
657 4645 716 4699 hae
729 4661 735 4697 :
747 4646 847 4702 Comes
857 4650 910 4706 est.
960 4644 1005 4701 vel
1018 4643 1044 4699 ei
1057 4643 1237 4716 aliquatenus
1250 4641 1401 4697 contraire.
1419 4637 1449 4696 Si
1466 4639 1529 4711 quis
1546 4636 1642 4691 autem
1662 4634 1716 4689 hac
1730 4634 1775 4691 al-

95 4740 123 4792 et
136 4737 227 4792 bonus
241 4737 393 4792 advocatus
407 4737 460 4792 sub
470 4737 603 4810 episcopo
615 4755 675 4793 esse
686 4738 787 4810 debet;
799 4741 911 4794 tantam
962 4742 1072 4794 tentare
1091 4735 1313 4808 presumpserit,
1335 4733 1460 4790 seeundo
1483 4731 1601 4787 tertiove
1622 4726 1779 4785 commoni·

94 4833 216 4904 denique
234 4831 456 4887 familiaritatem
476 4848 508 4886 ex
526 4829 675 4887 dilectione
694 4832 724 4887 in
745 4832 832 4888 domo
849 4833 911 4905 epi·
961 4837 1016 4902 tas,
1044 4832 1097 4887 nisi
1121 4829 1374 4903 presumptionem
1399 4843 1481 4883 suam
1504 4840 1629 4896 congrua
1656 4820 1777 4878 satisfac-

93 4926 198 4997 scopali
217 4926 324 4980 habere
340 4926 435 4989 debet,
450 4925 567 4997 quadiu
582 4925 786 4982 mutationibus
800 4927 910 4982 allicio·
962 4927 1037 4982 tione
1049 4924 1213 4992 eorrexerit,
1228 4923 1373 4996 potestatis
1386 4919 1561 4991 honorisque
1581 4916 1624 4972 sui
1637 4914 1776 4989 dignitate

93 5037 159 5076 rum
174 5020 302 5092 ejusdem
317 5022 428 5087 domus,
444 5021 499 5074 situ
515 5018 583 5074 iude
597 5019 787 5094 questionem
804 5020 911 5076 babue·
961 5027 1067 5090 careat,
1083 5035 1223 5091 reamque
1243 5034 1274 5073 se
1293 5016 1387 5072 divina
1401 5013 1510 5087 judicio
1528 5012 1648 5068 existere
1662 5011 1698 5067 de
1712 5024 1776 5083 per-

93 5115 133 5170 ris
154 5115 299 5171 druuliam
313 5115 369 5187 (sic)
390 5113 428 5169 ibi
450 5113 608 5170 admodum
630 5113 736 5170 habere
758 5113 855 5170 debet.
872 5116 911 5171 Tu
961 5120 1074 5189 patrata
1085 5113 1235 5186 iniquitate
1248 5115 1408 5184 cognoscat,
1424 5116 1510 5181 atque
1524 5107 1554 5163 in
1566 5109 1693 5162 extremo
1705 5120 1775 5161 exe·

78 5281 80 5285 ¹
94 5226 209 5284 quoque
222 5210 246 5265 si
260 5209 396 5265 adversus
410 5208 535 5280 aliquem
549 5208 584 5264 de
597 5207 708 5263 lamitia
720 5224 772 5263 sua
784 5224 913 5264 commo·
962 5210 1041 5266 mine
1054 5208 1188 5263 districtae
1200 5206 1302 5262 ultioni
1316 5205 1470 5276 subjaceat.

93 5310 139 5359 tus
154 5304 197 5359 vel
211 5304 298 5359 iratus
310 5303 408 5371 tueris,
422 5302 601 5359 adcomitem
615 5302 728 5374 regium
741 5302 869 5373 habebit,
883 5306 913 5359 et
997 5303 1111 5359 Cunctis
1138 5318 1205 5358 uero
1230 5315 1296 5356 eam
1320 5296 1499 5355 servantibus
1522 5295 1558 5349 sit
1583 5309 1637 5366 pax
1664 5291 1777 5349 Domini

95 5399 185 5454 donec
201 5398 251 5454 tibi
269 5388 395 5470 congrue
414 5397 579 5466 sahssaciat,
593 5398 690 5453 comiti
710 5396 847 5477 eamdem
869 5401 912 5453 tc-
962 5397 1051 5454 nostri
1064 5399 1129 5453 iesu
1147 5393 1261 5464 Christi,
1278 5395 1420 5465 quatenus
1439 5392 1468 5446 et
1487 5389 1533 5445 hic
1553 5388 1677 5443 fractum
1694 5388 1778 5443 bona

95 5509 163 5548 nere
176 5493 290 5563 licebit;
302 5494 389 5549 simili
403 5494 488 5549 modo
499 5493 535 5548 de
548 5493 657 5548 familia
671 5493 808 5548 comitisa
818 5499 846 5549 te
860 5509 913 5566 per
963 5491 1083 5547 actionis
1108 5488 1286 5564 percipiant,
1314 5490 1343 5543 et
1365 5484 1443 5559 apud
1467 5482 1626 5540 districtum
1650 5481 1779 5553 judicem

95 5587 192 5642 omnia
206 5588 357 5644 tenebitur.
374 5588 508 5654 Quamvis
520 5604 587 5643 vero
601 5587 635 5644 de
654 5588 762 5642 latrone
782 5587 855 5642 sicut
868 5603 914 5642 su·
963 5584 1080 5659 praemia
1089 5587 1204 5639 aeaernae
1215 5581 1292 5655 pacis
1302 5580 1455 5635 inveniant.
1465 5580 1568 5648 Amen,
1577 5589 1780 5643 amen,emeu.

95 5682 191 5753 perias
208 5682 378 5751 continetur,
394 5683 454 5750 stat,
476 5682 499 5737 si
522 5682 558 5737 ad
579 5681 785 5750 damnandum,
799 5681 842 5736 vel
859 5681 913 5737 ali·
999 5682 1058 5751 Ego
1071 5677 1211 5734 adrianus
1225 5674 1371 5732 catholicae
1385 5671 1517 5728 Ecclesiae
1530 5670 1688 5742 episcopus.

95 5792 186 5857 quam
206 5777 275 5833 inde
292 5777 433 5855 justitiam
455 5775 618 5835 laciendum
637 5775 727 5833 luerit
748 5775 912 5851 deputatus,
999 5775 1059 5849 ltgo
1073 5770 1225 5849 Gregorius
1239 5766 1403 5829 sabinensis
1416 5764 1543 5823 ecclesia
1558 5763 1717 5838 episcopus.
