3750 6046
67 217 122 274 477
493 220 648 278 HISTORIA
666 221 929 283 ecelesiastica.
948 247 982 261 -
997 219 1084 277 PARS
1105 220 1137 276 ll.
1154 248 1187 259 -
1203 221 1266 277 ΗΒ.
1288 219 1331 275 VI.
1696 206 1747 269 478

68 360 156 401 sexus
168 343 200 401 in
215 345 342 403 adventu
352 345 431 418 regis
444 347 606 420 tripudians
618 349 802 422 properabat.
819 349 885 404 Sua·
897 360 927 434 Α
937 348 1069 416 venisset,
1085 349 1180 406 omnia
1197 350 1279 422 signa
1296 347 1419 405 coenobii
1439 363 1492 420 par
1509 362 1539 402 se
1562 346 1624 418 ipae
1644 359 1747 401 souare

68 439 358 512 ceptusitaquerax,
376 441 572 511 pertriduum
591 443 699 498 ibidem
722 442 886 499 demoratus
936 445 1091 514 cmperunt.
1106 442 1241 500 Similiter
1252 444 1288 500 de
1302 442 1419 500 ecclesia
1435 444 1528 498 licata
1548 439 1643 496 ilarius
1661 438 1746 511 sigua

69 538 123 587 est.
144 532 241 588 Tertio
261 536 359 590 sutem
377 533 423 590 dia
441 533 494 589 sub
511 534 703 607 chirographo
721 552 781 592 xcix
803 534 886 590 villas
934 540 1102 605 sonuerunt,
1125 543 1153 594 at
1176 537 1213 594 de
1234 537 1349 594 basilica
1370 537 1398 592 S.
1421 533 1541 603 llartini,
1555 534 1604 608 qui
1626 532 1744 606 Elegana

69 626 99 681 B.
115 625 234 685 Ebrarlio
248 626 374 696 tradidit,
390 628 549 686 acsdsuos
561 629 630 687 inde
645 630 728 688 latus
746 630 818 687 lares
838 644 883 687 re·
935 629 1091 699 dicabatur,
1114 629 1161 686 ubi
1183 631 1316 702 parochia
1335 627 1533 697 conveniebat,
1553 628 1583 685 in
1607 628 1667 683 loco
1693 625 1744 699 qui

67 719 188 778 meavit.
934 724 1092 780 bercoteria
1105 725 1189 796 vulgo
1203 729 1396 796 nuncupatur.

104 815 221 888 Regina
234 831 311 887 vero,
322 817 380 873 voti
391 817 434 872 sui
446 833 568 888 memor,
582 819 612 874 in
636 819 717 888 colle,
740 819 789 891 qui
811 819 885 876 inter
969 818 1047 873 Tunc
1063 817 1193 874 diabolus
1206 818 1437 875 animadvertens
1456 822 1585 872 sanctum
1599 814 1744 883 advenire,

67 910 163 966 rivum
187 910 359 967 Carantonae
380 914 409 968 et
427 911 526 967 aivam
546 911 684 982 consistit,
705 912 884 969 intemerata
934 916 1078 982 assumpta
1096 911 1224 967 humana
1242 910 1338 983 siligio
1357 911 1443 982 coepit
1458 910 1568 982 fugere.
1583 908 1664 974 Quod
1682 923 1744 964 cer·

67 1004 115 1060 [tei
128 1003 266 1076 genitrici
276 1004 371 1061 itariae
383 1005 580 1062 honorabilem
594 1005 743 1063 ecclesiam
754 1004 884 1063 construi
933 1019 1006 1059 neus
1019 1004 1061 1059 vir
1078 1005 1190 1074 beatus,
1209 1005 1248 1060 ait
1267 1004 1304 1061 ad
1319 1005 1437 1061 tiliolum
1453 1020 1536 1059 suum
1551 1020 1558 1059 ι
1573 1023 1588 1054 u
1611 1002 1743 1071 Videsne,

66 1099 143 1167 tecit,
159 1101 190 1154 et
205 1098 297 1155 altare
310 1114 516 1168 marmoreum,
531 1104 562 1155 ut
576 1099 780 1172 spoponderat,
795 1116 883 1156 sene·
932 1096 1028 1167 irater,
1042 1098 1194 1154 hominem
1209 1097 1289 1155 illum
1303 1099 1488 1154 currentem?
1497 1118 1511 1148 »
1524 1100 1558 1154 At
1568 1096 1636 1152 ilie:
1650 1115 1666 1146 a
1681 1095 1743 1151 Non

65 1190 151 1247 rabili
165 1191 228 1248 viro
241 1192 409 1262 transmisit,
422 1192 499 1265 quod
511 1193 611 1248 multia
627 1193 712 1249 annis
731 1193 760 1249 io
780 1193 883 1251 eodem
933 1191 1025 1261 video,
1038 1191 1165 1248 domine.
1180 1213 1194 1242 a
1209 1221 1244 1234 -
1257 1213 1272 1242 (ι
1290 1193 1367 1260 Ecce,
1387 1192 1490 1264 inquit,
1504 1190 1632 1246 diabolus
1646 1189 1676 1244 in
1693 1188 1742 1244 ho·

64 1283 129 1341 ioco
151 1285 328 1356 perduravit.
349 1285 466 1355 Deinde,
482 1289 544 1358 post
563 1287 722 1345 multorum
741 1303 884 1345 annorum
932 1283 1019 1340 minis
1033 1284 1126 1341 torma
1143 1285 1361 1359 transfiguratus
1373 1285 1493 1356 aufugit,
1509 1284 1612 1339 timens
1632 1282 1742 1339 ibidem

65 1377 219 1448 curricula,
234 1378 352 1451 qnidam
364 1380 518 1436 homuncio
535 1385 645 1452 partem
662 1380 791 1452 ejusdem
806 1397 882 1438 mar·
932 1378 1216 1449 ampliusremoreri.
1230 1399 1244 1430 a
1266 1380 1330 1434 liaec
1346 1379 1452 1446 dicens,
1468 1377 1669 1450 insequebatur
1690 1376 1740 1432 Be·
1845 1423 1849 1431 .

64 1471 208 1528 morisad
225 1472 315 1528 aliurn
334 1473 428 1529 locum
449 1474 607 1530 bansierre
619 1475 726 1543 soluit3
747 1474 797 1531 sed
817 1490 884 1531 casu
932 1472 979 1528 lial
990 1471 1161 1544 lugientem.
1176 1472 1230 1537 Qui
1242 1488 1309 1528 cum
1328 1471 1359 1527 in
1378 1472 1459 1527 ilium
1479 1472 1584 1539 locum,
1597 1469 1647 1543 qui
1666 1484 1742 1525 nunc

63 1564 137 1621 illud
150 1565 348 1637 permsdium
360 1565 457 1638 tregit.
473 1566 554 1631 Quod
571 1566 690 1635 iactum,
704 1568 738 1623 ut
751 1567 883 1624 omnibus
931 1566 966 1622 ab
990 1566 1087 1623 incolis
1114 1565 1242 1622 Escaliou
1268 1565 1418 1633 vocitatur,
1446 1565 1632 1637 pervenisset,
1656 1563 1741 1619 Satan

63 1658 303 1715 manifestaretur
327 1661 384 1717 lieo
410 1658 596 1731 displicuisse,
619 1676 678 1716 non
705 1660 736 1716 in
761 1660 881 1733 longum
933 1659 1049 1716 ulterius
1060 1658 1190 1732 iuglandi
1207 1659 1353 1715 licentiam
1367 1675 1424 1715 non
1443 1658 1562 1728 hahens,
1576 1657 1664 1714 stetit.
1677 1658 1744 1713 lies·

63 1769 167 1825 passam
178 1756 224 1809 est
233 1752 357 1809 inultum
370 1769 528 1811 remanere.
539 1756 612 1812 Nam
623 1760 780 1826 antequam
791 1728 920 1811 annusB
932 1757 977 1808 tus
991 1768 1056 1809 vero
1069 1752 1202 1809 Ebruiius
1217 1753 1353 1810 audacter
1371 1751 1498 1821 accessit,
1516 1752 1548 1807 in
1565 1752 1683 1807 turnum
1700 1765 1744 1805 ar·

63 1847 270 1916 revolveretur,
283 1846 519 1919 prelatushomo
531 1848 589 1904 sita
601 1847 740 1920 privatur.
931 1846 1060 1916 dentem,
1081 1846 1130 1918 qui
1153 1847 1311 1919 coquendis
1330 1847 1452 1919 panibus
1475 1845 1636 1918 parabatur,
1659 1843 1741 1899 iilum

98 1943 132 1997 ln
144 1939 268 1997 basilica
280 1956 366 2012 quam
382 1941 468 1997 retuli
485 1941 619 2013 reginam
635 1941 804 2009 condidisse,
817 1942 882 1998 dues
932 1940 1060 2012 projecit,
1076 1945 1104 1997 et
1116 1940 1260 1996 osclibani
1269 1940 1403 2012 operculo
1411 1940 1517 2007 terreo,
1529 1937 1608 2013 quod
1618 1936 1659 1994 ibi
1667 1936 1744 1994 forte

63 2051 121 2090 arse
134 2038 206 2090 snat
216 2039 395 2103 consecratae,
411 2050 534 2107 quarum
546 2051 606 2092 una
618 2035 712 2093 dicata
724 2041 767 2093 est
777 2040 882 2093 sanctes
931 2033 1049 2105 reperit,
1063 2033 1193 2106 protinas
1208 2034 1358 2090 obstruxit.
1376 2034 1464 2090 Locus
1485 2032 1564 2088 idern
1582 2031 1686 2088 exinde
1707 2029 1743 2086 ab

64 2130 92 2183 et
111 2126 272 2184 individere
291 2127 429 2196 Trinitati,
443 2127 533 2184 altera
552 2144 618 2185 vero
636 2127 752 2184 intactae
772 2129 883 2202 Virgini
931 2130 1034 2183 eventu
1056 2126 1185 2183 Escaliou
1200 2130 1316 2183 vocatus
1330 2132 1383 2183 eat.
1406 2128 1462 2183 lloc
1481 2125 1577 2198 itaque
1596 2124 1742 2193 mulieres,

63 2221 113 2277 liei
122 2219 268 2292 genitrici.
278 2220 379 2276 Fertur
390 2221 467 2293 quod
480 2221 519 2277 ibi
530 2221 616 2278 inerit
626 2221 788 2279 coenobium
800 2238 883 2279 sanc·
931 2236 996 2292 que
1009 2235 1099 2292 panes
1112 2236 1178 2276 suos
1192 2221 1229 2277 ad
1244 2221 1425 2294 coquendum
1440 2220 1610 2286 detulerant,
1619 2222 1651 2274 ut
1663 2217 1741 2273 ride·

63 2313 271 2382 timooialium,
291 2329 402 2370 necnon
426 2314 622 2371 coemeterium
636 2316 843 2372 monachorum
854 2320 883 2373 et
931 2316 1009 2382 runt,
1023 2313 1225 2386 obstupefacta
1238 2314 1359 2370 cirenei
1373 2314 1506 2370 ffirerunt
1520 2329 1527 2368 ι
1543 2332 1557 2362 a
1571 2311 1643 2377 Orod
1657 2308 1742 2366 iacie-

64 2406 235 2463 subiimium
249 2406 385 2477 virorum,
400 2424 523 2480 quorum
542 2408 609 2464 illuc
620 2409 758 2465 cadavera
769 2409 881 2481 bajula·
931 2423 1005 2476 mus,
1016 2406 1144 2476 domiue,
1160 2408 1196 2464 de
1208 2408 1330 2480 panibus
1344 2408 1466 2463 nostris?
1475 2427 1489 2457 a
1508 2405 1615 2470 Quibus
1627 2404 1675 2460 ille
1690 2403 1740 2459 ait:

64 2500 173 2556 bantur
184 2500 223 2555 ad
237 2500 445 2572 sepeliendum,
460 2501 527 2574 quia
539 2502 569 2557 in
584 2502 654 2558 valle
673 2503 803 2574 palustris
826 2504 880 2558 hu·
932 2501 1060 2557 «Potens
1073 2505 1117 2558 est
1132 2502 1203 2557 Deus
1220 2501 1327 2573 absque
1341 2515 1479 2572 corporeo
1493 2501 1561 2571 igue
1575 2513 1663 2571 panes
1676 2513 1740 2553 res·

64 2610 131 2650 usus
142 2598 218 2661 erat,
235 2599 264 2650 et
276 2593 306 2650 in
320 2593 417 2650 hieme
431 2594 536 2666 passim
548 2596 618 2651 dum
631 2595 789 2664 lederetur,
804 2595 880 2668 lym·
931 2595 989 2648 tros
1012 2608 1146 2666 coquere.
1173 2595 1299 2650 Plateam
1326 2599 1392 2651 ante
1422 2593 1568 2649 clibanum
1592 2592 1742 2663 diligenter

65 2688 123 2759 pha
151 2703 225 2744 mox
257 2688 439 2757 scaturiebat,
470 2704 646 2761 manansque
674 2689 789 2744 foveam
817 2690 883 2747 ione
932 2691 1055 2758 scopato,
1068 2691 1097 2742 et
1110 2687 1238 2743 seriatim
1253 2692 1461 2758 panesvestros
1475 2685 1581 2742 ibidem
1596 2684 1741 2757 exponite,

64 2780 252 2853 adimplebat.
267 2779 349 2837 Unde
365 2781 396 2836 in
416 2781 550 2853 praedicta
570 2782 632 2838 mdo
643 2781 766 2855 Virginis
788 2783 884 2839 llatria
932 2783 970 2849 et,
986 2781 1100 2837 cunrad
1113 2781 1232 2853 plenum
1250 2781 1355 2836 excocti
1368 2779 1486 2850 luerint,
1500 2780 1535 2834 ad
1550 2778 1678 2851 proprias
1692 2776 1743 2832 do·

65 2874 191 2945 plurima
203 2873 325 2946 insignis
337 2873 520 2931 habitationis
538 2875 644 2931 indicia
662 2876 836 2947 panduntur,
853 2881 883 2933 et
932 2889 996 2930 mos
1014 2873 1134 2930 daierte.
1149 2895 1163 2925 a
1181 2874 1261 2939 Quod
1278 2875 1318 2929 its
1333 2874 1440 2930 factum
1459 2876 1511 2942 est,
1524 2871 1632 2928 cunctis
1650 2872 1742 2927 ileum

64 2984 156 3041 usque
170 2967 202 3023 in
216 2966 388 3046 hodiernum
403 2967 479 3023 diem
494 2968 677 3025 honorabiles
694 2968 803 3024 ibidem
823 2985 881 3025 sar-
932 2967 1156 3024 collaudantibus
1182 2967 1285 3040 quibus
1307 2969 1361 3024 hoc
1384 2972 1531 3023 ostensum
1558 2971 1611 3022 eat.
1638 2964 1743 3021 lleinde

63 3061 191 3135 cophagi
214 3065 374 3127 serrantur,
389 3061 440 3132 qui
459 3061 660 3134 spectabilium
678 3061 766 3117 fuisse
784 3078 881 3135 perso·
932 3059 1029 3116 beatus
1059 3061 1191 3117 Ebrulius
1219 3062 1256 3117 ad
1289 3061 1494 3118 monesterium
1525 3077 1609 3116 suum
1640 3058 1741 3127 rediit,

63 3171 170 3211 uuum
184 3152 247 3210 sinc
262 3153 394 3224 scrupulo
413 3153 579 3210 creduntur.
597 3155 646 3210 llis
666 3155 705 3210 ita
724 3172 755 3211 se
770 3155 879 3212 baben·
932 3153 1060 3226 duosque
1082 3153 1184 3211 iratres
1209 3155 1259 3227 qui
1281 3154 1423 3227 perempti
1441 3154 1565 3223 fixerant,
1588 3167 1685 3208 coram
1712 3168 1744 3206 se

63 3249 150 3316 libus,
167 3247 205 3303 ad
220 3264 254 3304 ca
266 3247 410 3304 narranda
425 3264 490 3318 que
504 3252 615 3303 restant
626 3249 783 3305 veniamus.
932 3246 1036 3302 deterri
1050 3248 1196 3319 precepit.
1212 3250 1369 3304 Prostratus
1389 3253 1484 3304 autem
1504 3247 1533 3302 io
1547 3253 1663 3315 terram,
1677 3248 1742 3300 tan·

96 3341 147 3397 t'ir
160 3341 221 3398 lieo
234 3341 346 3413 plenos,
362 3344 394 3395 ut
412 3340 606 3413 frequentiam
622 3342 657 3397 ad
676 3358 706 3397 se
724 3342 878 3398 advantan·
932 3335 982 3390 diu
1000 3337 1129 3408 precibus
1150 3338 1289 3407 incubuit,
1304 3338 1394 3394 donec
1415 3337 1468 3409 ipsi
1489 3352 1624 3392 asomno
1643 3337 1743 3391 mortis

62 3435 136 3491 tium
149 3450 180 3490 se
192 3434 268 3490 terre
282 3449 341 3490 non
355 3449 437 3506 posse
450 3432 531 3502 vidit,
540 3451 623 3490 auum
638 3435 725 3506 digne
739 3439 883 3491 monasta-
932 3430 1134 3487 excitarentur.
1153 3432 1216 3501 Qui,
1237 3432 1301 3488 data
1322 3431 1508 3498 confessione,
1530 3435 1558 3486 ct
1582 3428 1742 3485 commuui-

61 3526 302 3595 riumordinarit,
317 3527 439 3582 latenter
457 3526 526 3583 inde
543 3528 667 3597 secessit,
682 3533 712 3582 at
731 3527 761 3582 in
783 3531 884 3600 crypta
932 3523 986 3579 cati
1007 3524 1154 3580 liomiuico
1176 3540 1304 3596 corpore,
1328 3540 1425 3580 rursus
1447 3524 1578 3596 spiritum
1600 3522 1744 3577 exhalave-

61 3619 193 3693 quadam
204 3620 471 3691 pertreaannosita
483 3619 606 3689 delituit,
617 3623 761 3692 quatenns
773 3637 790 3676 a
803 3621 881 3678 nullo
931 3622 1008 3686 runt,
1029 3616 1198 3673 mirantibus
1215 3619 1323 3674 cunctis
1341 3623 1370 3674 et
1389 3615 1605 3682 exsultantibus,
1620 3614 1668 3687 qui
1687 3613 1743 3670 hoc

61 3712 274 3770 monachorum
300 3712 414 3785 penitus
437 3712 566 3780 sciretur,
595 3717 714 3785 excepto
740 3730 807 3783 uno,
831 3730 882 3771 no·
931 3709 1074 3766 viderunt.
1084 3710 1335 3775 Quosvenarebilis
1345 3708 1592 3766 Paterhoooriiice
1604 3709 1742 3765 tumulari

60 3807 141 3863 mine
154 3804 277 3873 llaiclro,
290 3805 340 3878 qui
359 3804 462 3862 liliolus
475 3805 529 3860 viri
551 3806 602 3862 nei
616 3811 689 3870 erat,
710 3806 881 3880 ceterisque
927 3802 1022 3873 jussit,
1037 3808 1065 3859 et
1083 3804 1118 3859 de
1139 3803 1292 3863 salvatione
1311 3803 1425 3861 illorum
1440 3807 1545 3871 certus,
1564 3803 1620 3858 lieo
1638 3801 1743 3878 gratias

60 3897 236 3957 familiarior
256 3913 360 3955 arcana
379 3899 442 3970 ejus
462 3904 591 3955 noverat.
615 3899 721 3971 Grypta
737 3916 803 3957 vero
823 3900 877 3956 snb
932 3895 1051 3953 devotus
1063 3897 1195 3955 reddidit.

60 3995 162 4049 monte
176 3991 312 4048 hondoso
327 4008 415 4065 prope
427 3991 550 4049 rivulum
561 3998 631 4061 erat,
640 3998 669 4049 et
680 4009 696 4048 a
707 3993 881 4050 monasterio
966 3990 1032 4046 llaec
1048 3995 1076 4046 ct
1095 3993 1187 4048 multa
1204 3991 1249 4048 bis
1265 3992 1369 4051 similia
1384 3995 1508 4052 seniores
1522 3995 1651 4052 seierum
1663 3994 1741 4051 exhi·

58 4086 118 4142 iere
138 4085 260 4141 dimidia
277 4084 363 4157 leuga
385 4085 518 4142 distabat.
533 4084 666 4143 Diabolus
686 4089 795 4156 antem,
817 4103 879 4143 om·
930 4082 990 4139 bita
1002 4100 1056 4155 per
1067 4085 1225 4155 librulium,
1241 4087 1376 4144 addentes
1391 4090 1465 4161 quod
1480 4089 1668 4162 grandevum
1681 4105 1742 4146 mo·

60 4179 142 4235 nium
162 4178 309 4235 bonorum
333 4177 474 4244 inimicus,
497 4178 597 4235 ridens
622 4179 727 4236 iratres
746 4180 777 4236 in
799 4181 882 4237 bonis
930 4177 1055 4232 nochum
1079 4179 1210 4248 viderint,
1234 4182 1350 4238 nomine
1366 4183 1504 4253 Natalem,
1524 4183 1600 4255 apud
1618 4183 1742 4254 Uticam,

60 4287 230 4329 excrescere
242 4271 385 4342 operibus,
400 4271 478 4328 nisus
493 4278 536 4329 est
548 4289 598 4329 eos
610 4289 645 4328 ex
659 4272 725 4329 felle
745 4274 880 4347 maligni·
931 4270 981 4341 qui
993 4271 1100 4341 grande
1114 4273 1248 4330 volumen
1261 4275 1383 4332 habebat
1397 4277 1433 4332 de
1451 4277 1594 4333 miraculis
1609 4282 1638 4334 et
1657 4277 1743 4333 rebus

60 4366 127 4422 tatis
147 4381 208 4421 sues
227 4365 360 4436 nequiter
376 4365 531 4434 inebriare,
546 4371 575 4422 at
594 4365 705 4422 nefaria
723 4366 877 4438 perturba·
930 4363 1017 4433 gestis
1034 4380 1088 4435 per
1108 4367 1274 4437 sepefatum
1295 4367 1503 4441 omnipotentis
1516 4370 1566 4426 liei
1588 4370 1741 4426 famulum.

60 4461 137 4516 tione
150 4473 254 4515 omnes
267 4457 374 4530 pariter
390 4459 569 4516 contristare.
584 4458 761 4515 Seditionem
780 4458 917 4533 itaquel)
928 4455 1080 4520 Quondam
1091 4457 1179 4514 misse
1191 4459 1283 4529 linita,
1295 4461 1398 4518 ardens
1409 4463 1527 4518 candela
1539 4479 1590 4534 per
1599 4461 1741 4518 incuriam

59 4555 133 4610 inter
146 4569 197 4608 eos
214 4552 360 4624 quondam
379 4552 509 4621 immisit,
527 4567 593 4625 quae
605 4552 676 4608 adeo
692 4554 833 4610 convaluit
849 4561 880 4611 ut
929 4564 1016 4620 super
1028 4550 1116 4606 uitare
1137 4551 1255 4609 dimissa
1268 4560 1319 4610 est.
1342 4557 1442 4612 incolis
1457 4572 1525 4612 vero
1547 4557 1603 4612 alia
1620 4555 1742 4612 euanu-

60 4647 118 4702 duo
130 4661 164 4702 ex
179 4644 237 4701 iilis
252 4648 433 4713 necarentur,
448 4650 477 4702 et
488 4645 590 4718 reliqui
606 4661 706 4702 omncs
717 4647 878 4705 inedicibili
927 4641 991 4712 hus,
1007 4643 1123 4701 tlamma
1142 4645 1279 4702 lichinum
1299 4665 1387 4721 usque
1405 4650 1440 4704 ed
1461 4651 1627 4722 mappulam
1646 4650 1753 4704 altaris.

59 4755 188 4797 moerore
200 4738 393 4796 allicerentur.
409 4738 522 4794 liliolus
541 4754 612 4811 ergo
626 4738 699 4796 sarri
713 4740 771 4811 liei,
789 4747 820 4797 ut
833 4743 877 4798 iu·
929 4736 1097 4810 absumpsit,
1118 4745 1148 4796 ct
1173 4740 1247 4813 ignis
1269 4741 1340 4798 edax
1363 4742 1429 4798 inde
1452 4743 1550 4799 almos
1573 4743 1741 4799 linteamine

59 4833 189 4889 sanabile
209 4830 264 4887 sibi
285 4830 365 4887 ulcus
386 4831 416 4887 in
437 4846 555 4903 corpore
574 4832 698 4890 fratrum
721 4835 877 4906 prospexit,
928 4845 995 4885 casu
1016 4832 1163 4905 corripuit,
1178 4838 1208 4890 et
1228 4834 1345 4906 librum,
1362 4836 1442 4908 cujm
1462 4838 1607 4909 exemplar
1625 4837 1741 4893 anobis

59 4927 173 4983 concito
187 4941 271 4981 mareu
280 4924 316 4980 ad
328 4924 505 4981 archiatrum
519 4927 692 4998 properavit.
703 4927 794 4992 Quem
808 4944 876 4985 cum
927 4939 1050 4996 usquam
1062 4928 1183 4998 reperiri
1195 4930 1304 5002 nequit,
1316 4936 1344 4987 et
1355 4947 1475 5004 quaeque
1488 4931 1594 4988 ibidem
1608 4931 1739 4988 comburi

59 5021 101 5076 sir
108 5025 227 5076 sanctam
238 5018 401 5075 venientem
410 5020 726 5091 conspiceretalonge,
736 5020 878 5078 intellexit
926 5018 1060 5089 potuerit,
1079 5022 1232 5093 quocirca
1250 5023 1292 5080 rel
1311 5041 1398 5096 super
1417 5043 1497 5083 aram
1515 5032 1607 5096 erant,
1627 5042 1742 5083 concre-

60 5131 116 5170 non
135 5113 200 5169 sine
216 5127 303 5167 causa
316 5111 399 5167 illum
417 5116 564 5183 tantopere
583 5112 730 5182 festinare,
747 5114 875 5171 seniens-
927 5110 1024 5168 mavit.
1038 5111 1145 5170 Omnes
1157 5114 1246 5187 igitur
1266 5117 1450 5189 irreparabile
1465 5120 1608 5177 damnum
1620 5123 1656 5178 de
1669 5120 1741 5178 noti·

59 5221 114 5278 quc
130 5206 161 5262 in
182 5219 334 5261 occursum
354 5203 441 5273 iliius,
456 5204 614 5260 sciscitatus
632 5211 676 5260 est
694 5221 807 5261 causam
824 5208 876 5264 ad·
927 5203 968 5258 tia
995 5206 1207 5275 preteritorum
1233 5210 1414 5280 planxerunt,
1442 5218 1481 5281 et,
1508 5215 1577 5286 quia
1602 5214 1740 5272 illitterati

57 5304 162 5356 ventus
181 5297 282 5371 ipsius.
296 5298 386 5353 Porro
405 5296 528 5354 lialcbns
541 5297 669 5353 seriatim
688 5299 821 5371 exposuit
834 5301 877 5357 illi
927 5304 1009 5354 erant
1020 5300 1189 5371 eremicolae,
1204 5318 1265 5358 non
1277 5304 1383 5377 scripto
1396 5314 1610 5379 reparaverunt,
1620 5309 1669 5364 sed
1684 5309 1739 5364 elo·

57 5390 203 5465 quomode
226 5389 328 5446 trabes
350 5389 526 5447 immissione
549 5390 688 5448 damonia
711 5392 741 5448 in
763 5393 877 5450 seditio·
927 5391 996 5463 quio
1013 5393 1185 5465 junioribus,
1200 5396 1237 5451 de
1251 5397 1296 5452 his
1309 5414 1375 5470 quaa
1388 5400 1450 5455 risa
1471 5401 1512 5456 vel
1527 5399 1625 5456 auditu
1644 5417 1738 5472 perce·

56 5503 123 5543 nem
143 5484 271 5542 thiasus
282 5483 405 5540 excitati.
423 5483 505 5548 Quod
518 5500 584 5541 cum
598 5484 733 5556 audisset,
745 5488 804 5543 zelo
823 5487 874 5544 liei
926 5491 1038 5556 perant,
1063 5485 1276 5546 intimaverunt.
1305 5492 1376 5563 lpeis
1401 5508 1516 5564 quoque
1542 5492 1738 5550 deficientibus

57 5577 385 5647 succensusiniremuit,
399 5583 505 5635 etcum
523 5578 626 5634 narbo
639 5577 760 5636 lestinus
776 5596 874 5638 accur·
926 5577 1096 5649 ignorantias
1118 5583 1210 5656 caligo
1236 5591 1353 5658 nepotes
1378 5585 1496 5656 obtexit,
1519 5593 1548 5641 et
1573 5587 1738 5658 indaginem

56 5676 105 5734 rit.
121 5674 254 5746 Cumque
266 5670 394 5729 coenohio
404 5671 673 5744 appropinquasset,
684 5675 714 5727 et
725 5672 755 5728 in
768 5674 874 5743 locum,
926 5675 1136 5731 transactorum
1150 5676 1354 5736 irretitabiliter
1366 5679 1484 5749 abdidit,
1498 5679 1551 5734 nisi
1573 5696 1607 5736 ea
1625 5682 1737 5735 tanturn

55 5768 105 5828 ubi
120 5783 203 5829 ncnc
211 5767 333 5831 ecclesie
344 5765 377 5826 in
390 5765 501 5827 honore
517 5764 607 5843 ipsius
621 5767 736 5829 condita
748 5771 813 5842 stat,
822 5769 875 5833 ad·
925 5781 991 5849 quse
1009 5767 1126 5835 solertis
1141 5771 1294 5855 cuiusdam
1305 5772 1446 5860 sophistas
1460 5773 1500 5835 in
1514 5774 1580 5833 riba
1594 5771 1692 5833 much
1699 5771 1760 5825 aa«
