3750 6046
421 177 579 236 HISTORIA
598 177 866 238 Euctusltsvlut.
886 207 920 222 ·-
935 181 1021 239 PARS
1039 181 1072 236 ll.
1093 211 1127 221 -
1141 183 1206 239 tls.
1228 184 1269 238 tv.
1628 184 1681 242 teo

72 297 109 352 ris
131 297 325 369 imperarent,
349 298 378 352 et
397 297 575 352 consulatum
597 297 743 370 suijuris,
768 297 815 353 illo
826 311 983 387 Asurgere
1004 302 1122 357 conatus
1140 306 1190 357 est.
1211 302 1287 357 Tunc
1302 299 1328 356 ei
1346 302 1469 356 loannes
1489 300 1525 356 de
1550 301 1680 359 Flecchia

72 393 119 461 te,
130 390 326 464 possiderent,
337 389 461 446 seditiosi
473 390 549 447 cives
559 395 589 447 et
601 390 738 463 oppidani
751 407 816 447 con·
866 393 1305 467 potentissimusitndegavornm
1316 394 1458 466 precipue
1468 394 1595 450 intensus
1605 399 1677 464 erat,

84 484 279 560 gregariique
293 484 397 541 milites
407 483 437 539 in
450 485 561 539 exteros
575 484 713 540 unanime
726 485 816 540 consi·
865 489 935 562 quia
948 487 1117 544 ltormaunis
1131 487 1304 544 adherebat.
1321 487 1387 558 Qui,
1402 488 1451 542 ubi
1468 488 1621 560 praefatum
1636 504 1680 544 co·

84 579 203 651 ineunt,
218 594 314 636 arcem
333 577 410 634 urbis
432 580 462 635 et
474 577 530 634 alia
550 577 712 637 munimina
726 579 815 637 virili·
865 582 967 640 mitem
986 598 1050 638 cum
1070 581 1184 637 terratis
1207 579 1369 653 agminibus
1389 580 1524 637 festinare
1546 596 1679 652 superse

72 672 159 728 mati
178 672 320 741 ambiunt,
336 677 365 728 et
378 672 537 745 Turgisum.
550 671 586 728 de
600 672 723 741 Traceio,
738 671 815 728 Guil·
865 692 917 746 pro
932 679 1008 731 certo
1024 673 1172 747 comperit,
1188 673 1394 730 confederatus
1407 673 1460 729 sibi
1477 673 1578 729 affines
1592 690 1678 745 expe·

72 781 175 839 imque
189 765 226 822 de
246 766 400 832 Firmitate,
416 765 542 838 aliosque
561 764 637 838 regis
656 765 816 837 municipes
865 769 919 839 tiit,
937 767 1131 841 auxiliumque
1151 767 1292 822 Guillelmi
1314 767 1390 839 regis
1411 766 1558 840 requisivit
1578 770 1607 821 et
1624 767 1679 822 im·

72 861 167 933 gnant
179 862 209 916 et
223 859 352 931 ejiciunt.
367 859 511 926 Quosdam
528 859 643 915 fortiter
661 859 715 913 sibi
730 858 815 913 resis-
866 862 996 934 patravit.
1017 863 1089 917 Nam
1108 877 1157 916 rex
1175 860 1300 933 impiger
1317 860 1501 916 Guiltelmum
1520 859 1556 915 dc
1572 859 1680 916 liuhais

72 970 85 1008 s
105 953 267 1026 perimunt,
287 953 412 1026 aliosque
435 953 554 1009 vinculis
575 952 729 1008 crudeliter
748 952 815 1023 inji-
866 958 894 1011 et
914 954 1087 1011 Rodbertum
1102 955 1136 1011 de
1151 954 1356 1024 Veteri-Ponte,
1371 953 1498 1026 aliosque
1511 953 1679 1010 fortissimos

72 1089 81 1115 ,
97 1051 213 1103 etcum
231 1046 363 1102 libertate
379 1046 468 1102 talem
482 1046 519 1101 de
537 1044 712 1102 Normennis
728 1045 814 1108 ultio·
866 1053 895 1105 et
908 1049 1050 1104 multoties
1067 1047 1201 1120 probatos
1219 1047 1371 1103 bellatores
1390 1046 1491 1102 loanni
1511 1046 1676 1114 destinavit3

86 1139 305 1211 triumphantes
329 1144 487 1195 assumunt.
514 1140 623 1196 Deinde
651 1139 731 1211 regio
756 1142 816 1194 tota
865 1141 994 1215 quosille
1005 1141 1040 1197 ed
1053 1139 1233 1197 defendenda
1245 1156 1311 1195 cum
1323 1139 1557 1196 satellitibnssuis
1571 1138 1677 1211 oppida

72 1232 194 1301 rbatur,
210 1237 239 1289 et
257 1232 363 1289 ibidem
383 1233 574 1289 Normannica
592 1233 633 1287 vis
652 1232 814 1298 offuscatur,
865 1252 915 1291 sua
937 1234 1089 1307 diligenter
1110 1233 1279 1304 composuit.
1303 1234 1360 1287 Hoc
1382 1232 1500 1288 audiens
1522 1232 1606 1287 Fulco
1627 1246 1675 1285 ve-

72 1341 111 1384 ne
125 1325 165 1382 ab
178 1324 311 1383 omnibus
324 1327 403 1399 quasi
418 1326 559 1400 generalis
573 1327 634 1383 lues
647 1326 751 1399 passim
764 1326 815 1382 im·
865 1329 1015 1384 hementer
1037 1326 1139 1395 doluit,
1167 1331 1194 1382 et
1220 1325 1407 1398 undecunque
1432 1323 1583 1381 contractis
1607 1323 1676 1379 viri·

72 1422 155 1477 auur.
170 1419 332 1476 Gcisircdus
351 1421 548 1476 lleduanensis
568 1421 673 1493 aliique
692 1420 814 1492 optima·
864 1422 917 1476 bus
936 1425 1060 1476 castrum
1078 1419 1194 1476 loannis
1214 1418 1336 1474 obsedit.
1356 1418 1468 1475 lloellus
1489 1433 1605 1490 quoque
1627 1433 1675 1473 co·

72 1529 306 1570 ascomannorum
320 1514 380 1586 pari
400 1513 613 1586 conspiratione
628 1516 727 1570 contra
745 1514 814 1569 Nor·
865 1532 925 1570 mes
952 1530 1019 1570 cum
1048 1513 1229 1569 multitudine
1255 1512 1403 1568 Britonum
1428 1511 1543 1568 Falconi
1570 1526 1675 1583 suppe-

72 1623 117 1664 ros
137 1608 312 1680 insurgunt;
332 1607 419 1681 aliqui
438 1611 548 1678 umen,
563 1607 630 1663 licet
648 1607 741 1679 pauci,
762 1623 814 1679 pro
864 1609 920 1664 ties
940 1608 1027 1675 venit,
1048 1613 1077 1663 et
1099 1623 1164 1662 cum
1186 1622 1219 1662 eo
1241 1606 1358 1662 loannis
1382 1605 1439 1661 vim
1463 1610 1492 1661 et
1515 1620 1583 1677 opes
1608 1603 1678 1658 acri·

72 1718 78 1756 r
93 1701 251 1758 eventibus
267 1706 295 1757 et
309 1701 399 1756 causis
416 1700 565 1759 Guiltelme
587 1700 650 1772 regi
669 1701 766 1756 favent
787 1676 853 1756 etss
865 1708 910 1760 ter
922 1707 1051 1757 coactare
1070 1700 1186 1756 studuit.
1201 1699 1367 1756 Guiltelmus
1381 1702 1478 1755 autem
1494 1715 1554 1767 rex,
1571 1703 1602 1754 nt
1617 1699 1678 1753 tan-

72 1794 149 1852 iunt.
865 1801 923 1851 tam
955 1793 1168 1850 multitudinem
1192 1809 1309 1866 gyrasse
1336 1808 1401 1849 suos
1427 1792 1559 1864 agnovit,
1587 1789 1679 1863 regali

72 1888 235 1961 gnanimus
255 1904 305 1944 rex
322 1886 499 1956 Guillelmus,
518 1887 588 1943 diris
605 1887 766 1943 rumoribus
780 1888 815 1942 de
866 1889 959 1945 edicto
972 1889 1147 1944 Normannos
1160 1890 1190 1942 et
1198 1887 1303 1959 anglos
1312 1886 1417 1942 iterum
1426 1885 1538 1955 excivit,
1550 1883 1679 1956 aliasque

72 1982 193 2038 latione
208 1997 325 2037 suorum
338 1981 451 2049 auditis,
467 1981 557 2037 iratus
572 1982 624 2050 est,
640 1996 672 2036 ac
686 1980 722 2036 ad
735 1996 813 2036 com·
865 1982 917 2038 sibi
930 1981 1057 2039 subditas
1070 1983 1171 2053 gentes
1185 1983 1217 2035 ut
1230 1979 1310 2036 tortis
1322 1979 1458 2053 magister
1471 1978 1595 2035 militum
1608 1993 1678 2034 con·

73 2074 172 2131 udam
187 2073 314 2131 hostium
327 2074 511 2144 invasionem,
526 2079 555 2131 et
571 2074 749 2146 proditorum
768 2090 814 2128 re·
866 2074 998 2148 globavit,
1009 2073 1207 2143 ac,'utlerunt,
1220 2072 1366 2145 sexaginta
1376 2071 1466 2128 millia
1475 2071 1605 2144 equitum
1614 2086 1680 2126 con·

72 2184 150 2227 nem
169 2167 259 2224 armis
280 2168 411 2223 meritam
435 2168 574 2224 ultionem
592 2167 686 2224 iacere
700 2167 816 2223 molitus
866 2172 911 2223 tra
921 2168 1038 2224 hostiles
1047 2183 1154 2223 cuneos
1162 2182 1259 2222 secum
1269 2166 1375 2222 eduxit.
1385 2164 1601 2237 ttndegavenses
1610 2179 1678 2219 vero

72 2262 164 2336 legali
175 2261 259 2333 jussu
272 2263 450 2318 Narmannos
464 2262 611 2332 ethnglos
624 2261 757 2317 celeriter
769 2277 814 2316 as·
865 2266 894 2318 et
912 2261 1052 2332 Britones,
1075 2263 1219 2331 comperto
1239 2259 1313 2332 regis
1333 2263 1361 2314 et
1381 2259 1530 2330 agminum
1551 2257 1612 2330 ejus
1633 2255 1680 2312 ad·

78 2360 110 2412 et
128 2357 241 2410 multas
259 2357 435 2409 armatorum
450 2354 579 2426 legiones
593 2354 619 2409 in
636 2370 728 2410 unum
748 2370 815 2409 cou-
865 2360 964 2423 ventu,
985 2370 1044 2410 non
1062 2353 1207 2425 ingerunt,
1229 2352 1280 2407 sed
1302 2351 1395 2423 potius
1414 2350 1537 2423 Ligerim
1559 2348 1678 2406 tluviuur

72 2448 179 2517 aravit,
194 2447 352 2520 prudenter
364 2447 400 2502 ad
413 2447 517 2504 bellum
531 2448 636 2504 milites
649 2447 816 2520 peditesque
866 2448 1005 2505 audacter
1015 2446 1252 2520 pertransierunt,
1262 2448 1292 2500 et
1301 2443 1462 2512 transvecti,
1473 2459 1509 2498 ne
1520 2442 1679 2500 timidiores

73 2541 205 2597 ducffins
225 2541 284 2595 suis
305 2540 453 2612 disposuit,
473 2545 580 2596 etcum
599 2541 640 2596 eis
655 2543 814 2597 Cenomen-
865 2559 914 2616 spe
930 2541 1060 2615 fugiendi
1073 2541 1189 2612 segnius
1202 2538 1411 2612 proeliarentur,
1425 2536 1542 2609 scaphas
1554 2552 1618 2591 suas
1631 2535 1679 2593 de·

72 2651 110 2691 un
132 2650 246 2706 pagum
261 2634 396 2689 terribilis
415 2633 560 2690 adtritio
577 2634 677 2707 primis
697 2633 815 2689 Freder-
866 2638 1040 2691 struxerunt.
1057 2635 1130 2688 llum
1143 2637 1273 2705 utraeque
1290 2631 1365 2686 acies
1378 2630 1414 2686 ad
1432 2629 1601 2703 ambiguum
1620 2644 1680 2682 cer·

72 2743 107 2784 m
122 2733 254 2783 castrum
272 2743 335 2782 cum
356 2727 502 2799 phalange
517 2744 568 2783 sua
583 2727 703 2798 obsedit,
719 2727 814 2799 ibique
866 2734 964 2784 tamen
980 2729 1161 2801 pararentur,
1177 2725 1383 2797 horribilesque
1398 2740 1450 2794 pro
1465 2725 1558 2779 morte
1580 2725 1609 2778 et
1627 2721 1680 2777 mi·

72 2824 139 2878 erto
153 2821 192 2877 de
205 2820 345 2876 Belesmia
358 2820 506 2893 cingulum
525 2820 635 2876 militiae
656 2819 814 2892 precinxit.
865 2820 956 2889 seriis,
968 2835 1032 2894 quae
1046 2821 1168 2875 mortem
1182 2817 1369 2890 reproborum
1380 2819 1549 2888 sequuntur,
1563 2816 1680 2870 timores

72 2920 245 2972 rtrrsautem
257 2913 417 2985 oppidanus
425 2930 524 2986 pacem
535 2930 600 2969 cum
610 2930 679 2985 rege
693 2913 814 2985 pepigit,
866 2912 1009 2970 mentibus
1021 2913 1177 2969 multorum
1190 2911 1400 2983 ingererentur,
1414 2909 1531 2984 quidam
1542 2910 1680 2965 Romame

72 3007 384 3065 rsuaFredernaicum
395 3012 424 3063 et
435 3007 613 3063 belmontem
627 3006 763 3076 reddidit,
774 3006 814 3061 ei·
865 3006 996 3063 Ecclesiae
1018 3004 1169 3060 cardinalis
1189 3003 1338 3077 presbyter
1355 3008 1383 3058 et
1401 3001 1525 3075 religiosi
1545 3000 1681 3057 monachi

72 3102 212 3175 tiquantc
227 3105 357 3171 tempore
371 3100 555 3172 postmodum
569 3100 695 3156 servivit.
707 3099 815 3154 lleindc
866 3100 959 3157 divino
983 3103 1053 3154 nutu
1080 3098 1194 3165 adsunt,
1217 3096 1360 3169 principes
1384 3096 1532 3168 utriusque
1558 3094 1679 3166 legionis

72 3193 197 3250 ¹silleium
218 3192 344 3260 obsedit,
367 3193 417 3248 sed
438 3193 585 3249 castrensis
607 3194 693 3249 herus
715 3208 815 3265 regem
866 3192 1000 3249 divinitus
1015 3191 1134 3247 animati
1149 3190 1265 3259 adeunt,
1280 3189 1430 3245 obsecrant
1446 3195 1476 3245 et
1490 3190 1678 3260 redarguunt.

72 3304 109 3344 ex
124 3285 250 3359 expetiit
262 3291 291 3339 et
307 3287 434 3357 optatam
444 3303 542 3359 pacem
555 3286 729 3358 impetravit.
743 3286 817 3358 liegi
865 3286 976 3341 viritim
993 3301 1025 3341 ex
1042 3290 1123 3357 parte
1139 3283 1189 3339 llei
1201 3282 1310 3339 bellum
1323 3282 1485 3354 prohibent,
1499 3280 1679 3338 admonendo

72 3396 133 3436 mm
145 3396 215 3435 cum
227 3377 318 3434 nimia
331 3378 433 3434 virtute
447 3381 613 3452 properanti
625 3380 720 3435 nullus
732 3379 817 3435 aude·
866 3385 894 3436 et
907 3377 1036 3452 rogando
1050 3393 1150 3450 pacem
1161 3377 1293 3432 suadent.
1307 3375 1458 3432 Gratanter
1468 3375 1512 3430 his
1517 3375 1680 3447 junguntur

72 3473 201 3540 asistere,
217 3471 267 3528 sed
282 3488 382 3527 omnes
396 3472 531 3544 oppidani
544 3489 576 3528 ac
593 3489 733 3545 pagenses
750 3488 816 3527 cum
865 3472 1031 3529 Guilletmns
1054 3469 1230 3526 Ebroicensis
1251 3473 1280 3524 et
1300 3468 1449 3541 Rogerius,
1463 3468 1571 3539 aliique
1590 3467 1679 3522 comi-

72 3568 101 3623 is
111 3572 143 3622 et
158 3565 295 3622 omnibus
303 3564 447 3638 religiosis
458 3565 607 3638 pacificum
619 3566 815 3622 marchionem
867 3572 909 3622 tes
927 3565 1092 3635 strenuique
1105 3563 1271 3635 optimates;
1293 3563 1353 3635 qui,
1370 3562 1441 3617 sicut
1454 3564 1538 3616 erant
1549 3559 1679 3632 prompti

72 3665 184 3718 iverunt
202 3660 329 3731 digniter
347 3659 498 3730 suscipere,
515 3661 633 3732 ejusque
653 3659 757 3716 ditioni
775 3659 815 3714 le·
866 3663 895 3714 et
912 3658 1032 3715 audaces
1053 3656 1090 3712 ad
1108 3655 1252 3728 legitimos
1270 3671 1388 3727 agones,
1404 3655 1444 3710 sic
1461 3653 1596 3709 nimirum
1618 3667 1681 3724 per·

72 3771 102 3809 aa
116 3757 271 3825 gratanter
283 3752 357 3807 colla
370 3752 546 3808 submittere.
558 3752 684 3808 Tandem
700 3769 748 3807 rex
763 3754 814 3809 Cc·
867 3751 1023 3807 horrebant
1036 3765 1088 3822 per
1101 3747 1265 3820 superbiam
1279 3753 1307 3803 et
1322 3746 1490 3818 injustitiam
1505 3747 1601 3803 subire
1615 3762 1680 3802 con·

72 3846 149 3903 annis
170 3844 263 3912 venit,
287 3844 415 3916 pluribus
434 3845 554 3902 catervis
576 3845 673 3901 urbem
693 3845 814 3916 obsedit,
866 3845 958 3901 flictns
972 3841 1163 3901 detestabiles.
1177 3840 1336 3896 veredariis
1357 3841 1455 3914 itaque
1475 3839 1582 3898 Christi
1601 3838 1680 3912 pacis

72 3957 83 3996 s
101 3939 215 4012 regalia
230 3937 289 3992 suis
305 3942 465 4009 opportune
484 3938 636 4007 intimavit,
652 3942 682 3995 et
699 3939 817 3996 urbanis
866 3939 975 3995 semina
984 3937 1153 4007 serentibus,
1164 3934 1383 3990 ambitiosorum
1396 3938 1494 3991 tumor
1503 3933 1681 4005 conquiescit

72 4033 150 4089 riose
165 4031 315 4087 mandavit
334 4037 364 4086 ut
381 4031 539 4102 prudenter
556 4031 610 4088 sibi
624 4034 814 4102 consulerent,
866 4031 972 4088 nimius
992 4037 1021 4087 et
1041 4029 1259 4086 formidantium
1278 4028 1367 4084 timor
1385 4027 1523 4101 paulatim
1544 4027 1681 4083 decrescit

72 4126 139 4183 bem
154 4129 223 4181 ante
236 4127 359 4180 assultus
372 4128 401 4180 et
413 4125 503 4180 credes
516 4129 601 4196 atque
615 4127 817 4182 concrematio·
865 4124 996 4197 pallidus.
1016 4123 1101 4180 ldulta
1122 4124 1239 4179 demum
1257 4122 1374 4179 consilia
1390 4121 1473 4191 finnt,
1490 4120 1592 4178 diversi
1609 4124 1680 4177 trac·

72 4219 119 4275 uhi
132 4235 201 4274 cum
216 4234 287 4289 pace
302 4217 465 4274 redderent.
484 4220 517 4274 lu
531 4219 688 4274 crastinum
708 4221 814 4289 autem,
866 4220 940 4272 tatus
964 4219 1098 4288 aguntur,
1119 4215 1203 4273 verba
1225 4215 1318 4272 verbis
1340 4215 1527 4287 objiciuntur3
1552 4217 1609 4271 ileo
1637 4220 1678 4270 ta-

72 4316 111 4368 ito
125 4310 237 4368 salubri
256 4311 384 4379 consilio,
400 4312 473 4367 cives
490 4313 597 4384 egressi
618 4316 693 4380 sunt,
709 4316 738 4366 et
751 4329 816 4384 sup
866 4327 933 4366 meu
952 4310 1097 4378 vincente,
1120 4309 1208 4382 legati
1228 4308 1304 4381 pacis
1323 4310 1457 4383 utrinque
1475 4307 1677 4381 suscipiuntur.

72 4423 82 4461 r
100 4403 167 4477 regi
186 4404 278 4459 claves
296 4403 416 4460 civitatis
437 4406 611 4474 detulerunt,
632 4422 749 4479 seseque
767 4406 853 4480 del)
866 4403 1006 4460 liudberto
1025 4402 1134 4474 Juveni,
1158 4403 1233 4474 regis
1252 4402 1324 4471 tilio,
1346 4418 1440 4458 comes
1464 4400 1679 4473 audegavensis

72 4514 108 4566 ss,
128 4515 146 4552 a
172 4513 239 4568 rege
263 4497 427 4568 benigniter
447 4499 568 4571 suscepti
596 4503 671 4555 sunt.
700 4498 813 4572 Reliqui
863 4503 1098 4558 cenomannense
1108 4496 1156 4568 jus
1168 4495 1297 4552 concedit
1311 4512 1377 4551 cum
1394 4499 1453 4550 toto
1470 4495 1679 4566 honorequem

73 4592 330 4649 cenomannenses
344 4592 435 4646 territi
454 4596 529 4661 sunt,
549 4598 580 4646 ut
598 4596 706 4649 tantam
726 4594 811 4649 iuun·
863 4592 941 4648 idem
953 4608 970 4648 a
984 4590 1087 4647 comite
1100 4589 1236 4645 Herberto
1255 4606 1321 4644 cunr
1339 4588 1489 4660 biargarita
1508 4603 1612 4659 sponsa
1626 4603 1679 4642 sua

72 4700 140 4743 uem
152 4685 290 4741 immanis
306 4684 445 4740 exercitus
460 4701 511 4756 per
524 4684 595 4740 ilnes
610 4701 674 4740 suos
691 4686 814 4743 diffundi
863 4685 998 4757 suscepit.
1018 4683 1146 4757 Denique
1165 4681 1325 4740 liodbertus
1344 4680 1461 4737 Fulconi
1480 4680 1609 4736 debitum
1625 4679 1677 4735 bo·

72 4782 136 4847 unt,
154 4778 274 4850 jamque
296 4794 363 4833 suos
383 4779 534 4850 complices
553 4784 581 4834 et
598 4779 721 4834 fautores
739 4780 813 4836 dete·
863 4778 1004 4851 magium‚
1017 4781 1048 4832 ut
1060 4776 1156 4833 minor
1168 4775 1272 4848 majori
1284 4775 1414 4848 legaliter
1426 4773 1577 4846 impendit.
1590 4775 1677 4829 loen·

80 4876 150 4928 antc
172 4870 274 4926 taciem
288 4870 485 4942 probatissimi
498 4872 641 4927 bellatoris
660 4878 812 4929 noverunt.
864 4888 914 4928 nes
942 4877 1038 4929 autem
1066 4871 1171 4944 aliique
1200 4869 1436 4943 Andagavenses,
1466 4867 1515 4940 qni
1541 4868 1679 4923 hactenus

72 4980 183 5038 quoque
203 4965 281 5036 pacis
300 4965 407 5036 legatos
427 4965 524 5020 victori
543 4965 766 5034 destinaverunt,
784 4972 814 5023 et
863 4981 915 5038 pro
936 4981 1004 5039 rege
1025 4968 1125 5021 contra
1144 4965 1289 5021 consulem
1311 4962 1530 5030 rebellaverant,
1554 4960 1679 5033 principi

85 5057 122 5113 ab
137 5058 269 5130 utrisque
284 5056 404 5126 dextris,
420 5057 474 5129 ipsi
494 5058 637 5131 regalibus
655 5059 744 5132 signis
763 5077 813 5116 sna
864 5075 916 5115 suo
938 5059 1108 5116 reconciliati
1127 5062 1203 5127 sunt,
1224 5062 1252 5114 et
1265 5058 1517 5114 cenomannenses
1535 5055 1678 5114 nihilomi-

72 5169 91 5206 a
105 5150 263 5224 gaudentes
277 5150 498 5219 associaverunt,
515 5156 544 5206 et
563 5152 665 5208 crinde
683 5153 712 5209 in
728 5154 812 5210 domo
864 5169 928 5221 nus,
950 5154 999 5225 qui
1019 5158 1117 5209 contra
1138 5169 1236 5225 regem
1255 5168 1307 5224 pro
1326 5150 1429 5208 comite
1447 5151 1675 5218 insurrexerant,

72 5244 147 5300 tsnb
162 5244 219 5298 vite
234 5259 287 5299 sua
301 5244 405 5299 morari
419 5248 447 5300 et
460 5243 569 5313 ludere,
584 5246 607 5301 si
623 5246 702 5318 libet,
714 5248 812 5320 quiete
862 5244 1001 5320 pacificati
1026 5250 1102 5302 sunt.
1128 5246 1188 5315 Sic,
1215 5245 1305 5318 gratia
1329 5245 1377 5302 liei
1399 5245 1566 5318 mitigante,
1591 5245 1679 5300 corda

74 5338 124 5394 issi
137 5339 217 5393 sunt.
862 5340 1043 5413 principum,
1064 5345 1160 5397 reatus
1180 5339 1379 5411 poenitentium
1405 5339 1555 5412 utrobique
1576 5339 1679 5395 induiti

72 5431 136 5489 catis
155 5431 255 5504 itaque
271 5428 333 5486 sine
352 5446 457 5503 magno
475 5431 637 5488 discrimine
654 5436 812 5490 Cenoman—
863 5437 940 5503 sunt,
952 5436 982 5490 et
990 5434 1135 5490 benevolae
1145 5433 1251 5507 plebes,
1261 5449 1362 5490 serena
1372 5449 1440 5505 pace
1454 5438 1679 5505 tempestuosam

72 5525 141 5594 dtus,
156 5528 184 5580 et
199 5523 319 5596 peciflce
334 5524 385 5579 sub
398 5525 540 5581 Guiltelmi
555 5527 631 5598 regis
647 5526 753 5583 ditione
766 5529 813 5584 de·
862 5527 1047 5601 nigredinem
1060 5527 1236 5583 tumultuum
1255 5527 1355 5600 procul
1369 5527 1502 5600 pellente,
1516 5526 1612 5599 palam
1628 5526 1678 5583 lae·

73 5619 135 5691 bus,
152 5619 239 5674 Fulco
254 5633 348 5674 comes
366 5618 451 5674 noxio
469 5618 557 5675 livore
575 5621 708 5692 nequiter
723 5622 812 5678 iniec·
862 5626 927 5678 tatae
946 5626 1023 5677 sunt.
1045 5623 1109 5678 llaec
1127 5621 1264 5678 nimirum
1282 5638 1347 5694 pax,
1368 5638 1432 5694 quae
1446 5620 1522 5676 inter
1536 5636 1634 5692 regem
1652 5623 1681 5676 et

72 5717 106 5787 st,
120 5717 150 5774 et
163 5716 263 5772 contra
279 5712 421 5788 quosdam
437 5713 609 5772 Normannis
628 5715 754 5776 faventes
772 5716 813 5778 in·
863 5717 1015 5792 praefatum
1031 5715 1166 5777 comitem
1185 5716 1214 5774 in
1228 5716 1301 5788 loco,
1322 5714 1371 5791 qui
1391 5715 1476 5789 vulgo
1495 5715 1687 5780 blancalanda
