<?xml version="1.0" encoding="UTF-8"?>
<!DOCTYPE html PUBLIC "-//W3C//DTD XHTML 1.0 Transitional//EN"
    "http://www.w3.org/TR/xhtml1/DTD/xhtml1-transitional.dtd">
<html xmlns="http://www.w3.org/1999/xhtml" xml:lang="en" lang="en">
 <head>
  <title>
</title>
<meta http-equiv="Content-Type" content="text/html;charset=utf-8" />
  <meta name='ocr-system' content='tesseract 3.04.00' />
  <meta name='ocr-capabilities' content='ocr_page ocr_carea ocr_par ocr_line ocrx_word'/>
</head>
<body>
  <div class='ocr_page' id='page_1' title='image "./patrologiaecurs67unkngoog_0064.png"; bbox 0 0 3750 6046; ppageno 0'>
   <div class='ocr_carea' id='block_1_1' title="bbox 13 154 1753 305">
    <p class='ocr_par' dir='ltr' id='par_1_1' title="bbox 13 154 1753 305">
     <span class='ocr_line' id='line_1_1' title="bbox 13 154 1753 305; baseline 0.003 -44"><span class='ocrx_word' id='word_1_1' title='bbox 13 154 21 305; x_wconf 62' lang='grc' dir='ltr'>Ι</span> <span class='ocrx_word' id='word_1_2' title='bbox 65 204 103 261; x_wconf 84' lang='lat' dir='ltr'><strong>ut</strong></span> <span class='ocrx_word' id='word_1_3' title='bbox 503 205 660 265; x_wconf 80' lang='lat' dir='ltr'><strong>tttstottta</strong></span> <span class='ocrx_word' id='word_1_4' title='bbox 679 207 944 266; x_wconf 78' lang='lat' dir='ltr'><strong>ECCLESthTlCh.</strong></span> <span class='ocrx_word' id='word_1_5' title='bbox 960 238 997 250; x_wconf 97' lang='lat'>-</span> <span class='ocrx_word' id='word_1_6' title='bbox 1008 208 1095 267; x_wconf 74' lang='lat' dir='ltr'><strong>PARS</strong></span> <span class='ocrx_word' id='word_1_7' title='bbox 1114 210 1134 266; x_wconf 91' lang='lat' dir='ltr'><strong>l.</strong></span> <span class='ocrx_word' id='word_1_8' title='bbox 1149 239 1183 250; x_wconf 95' lang='lat'>-</span> <span class='ocrx_word' id='word_1_9' title='bbox 1198 210 1262 269; x_wconf 81' lang='lat' dir='ltr'><strong>tto.</strong></span> <span class='ocrx_word' id='word_1_10' title='bbox 1284 208 1318 267; x_wconf 86' lang='lat' dir='ltr'><strong>ll.</strong></span> <span class='ocrx_word' id='word_1_11' title='bbox 1703 208 1753 267; x_wconf 72' lang='lat'><strong>{22</strong></span> 
     </span>
    </p>
   </div>
   <div class='ocr_carea' id='block_1_2' title="bbox 13 308 1752 4741">
    <p class='ocr_par' dir='ltr' id='par_1_2' title="bbox 13 308 1752 4741">
     <span class='ocr_line' id='line_1_2' title="bbox 13 308 1752 419; baseline 0.004 -36"><span class='ocrx_word' id='word_1_12' title='bbox 13 308 16 325; x_wconf 71' lang='lat'>&#39;</span> <span class='ocrx_word' id='word_1_13' title='bbox 92 326 207 385; x_wconf 77' lang='lat' dir='ltr'>Deinde</span> <span class='ocrx_word' id='word_1_14' title='bbox 235 330 337 385; x_wconf 83' lang='lat' dir='ltr'><strong>Petnas</strong></span> <span class='ocrx_word' id='word_1_15' title='bbox 360 329 438 386; x_wconf 85' lang='lat' dir='ltr'><strong>veuit</strong></span> <span class='ocrx_word' id='word_1_16' title='bbox 460 331 595 386; x_wconf 65' lang='lat' dir='ltr'><strong>&amp;leucas</strong></span> <span class='ocrx_word' id='word_1_17' title='bbox 621 337 650 387; x_wconf 90' lang='lat' dir='ltr'><strong>et</strong></span> <span class='ocrx_word' id='word_1_18' title='bbox 673 332 742 389; x_wconf 90' lang='lat' dir='ltr'><strong>inda</strong></span> <span class='ocrx_word' id='word_1_19' title='bbox 767 333 884 404; x_wconf 85' lang='lat' dir='ltr'><strong>Paltho,</strong></span> <span class='ocrx_word' id='word_1_20' title='bbox 896 348 992 419; x_wconf 62' lang='lat' dir='ltr'><strong>Aqua</strong></span> <span class='ocrx_word' id='word_1_21' title='bbox 1014 336 1097 390; x_wconf 83' lang='lat' dir='ltr'><strong>Petro</strong></span> <span class='ocrx_word' id='word_1_22' title='bbox 1110 335 1237 407; x_wconf 89' lang='lat' dir='ltr'><strong>apostolo</strong></span> <span class='ocrx_word' id='word_1_23' title='bbox 1255 335 1291 390; x_wconf 87' lang='lat' dir='ltr'><strong>eb</strong></span> <span class='ocrx_word' id='word_1_24' title='bbox 1310 333 1389 390; x_wconf 84' lang='lat' dir='ltr'><strong>onrni</strong></span> <span class='ocrx_word' id='word_1_25' title='bbox 1404 332 1510 406; x_wconf 93' lang='lat' dir='ltr'><strong>populo</strong></span> <span class='ocrx_word' id='word_1_26' title='bbox 1529 333 1669 390; x_wconf 74' lang='lat' dir='ltr'><strong>cathedra</strong></span> <span class='ocrx_word' id='word_1_27' title='bbox 1687 350 1752 390; x_wconf 92' lang='lat' dir='ltr'><strong>cou-</strong></span> 
     </span>
     <span class='ocr_line' id='line_1_3' title="bbox 13 425 1752 500; baseline 0.003 -21"><span class='ocrx_word' id='word_1_28' title='bbox 13 480 19 493; x_wconf 74' lang='grc'><strong>,</strong></span> <span class='ocrx_word' id='word_1_29' title='bbox 64 432 143 494; x_wconf 83' lang='lat' dir='ltr'><strong>atque</strong></span> <span class='ocrx_word' id='word_1_30' title='bbox 158 430 226 495; x_wconf 87' lang='lat' dir='ltr'><strong>post</strong></span> <span class='ocrx_word' id='word_1_31' title='bbox 242 425 422 481; x_wconf 86' lang='lat' dir='ltr'><strong>heecGabale</strong></span> <span class='ocrx_word' id='word_1_32' title='bbox 437 426 520 481; x_wconf 88' lang='lat' dir='ltr'><strong>etsie</strong></span> <span class='ocrx_word' id='word_1_33' title='bbox 536 426 708 495; x_wconf 75' lang='lat' dir='ltr'><strong>Laodiciam,</strong></span> <span class='ocrx_word' id='word_1_34' title='bbox 723 426 819 500; x_wconf 90' lang='lat' dir='ltr'><strong>ibique</strong></span> <span class='ocrx_word' id='word_1_35' title='bbox 835 427 884 484; x_wconf 91' lang='lat' dir='ltr'><strong>de·</strong></span> <span class='ocrx_word' id='word_1_36' title='bbox 936 428 1033 484; x_wconf 88' lang='lat' dir='ltr'><strong>stituta</strong></span> <span class='ocrx_word' id='word_1_37' title='bbox 1051 434 1103 486; x_wconf 87' lang='lat' dir='ltr'><strong>est.</strong></span> <span class='ocrx_word' id='word_1_38' title='bbox 1125 428 1322 485; x_wconf 85' lang='lat' dir='ltr'><strong>Faustinianus</strong></span> <span class='ocrx_word' id='word_1_39' title='bbox 1341 445 1418 500; x_wconf 82' lang='lat' dir='ltr'><strong>vcro,</strong></span> <span class='ocrx_word' id='word_1_40' title='bbox 1439 429 1507 484; x_wconf 85' lang='lat' dir='ltr'><strong>visis</strong></span> <span class='ocrx_word' id='word_1_41' title='bbox 1526 428 1703 484; x_wconf 88' lang='lat' dir='ltr'><strong>mirabilibus</strong></span> <span class='ocrx_word' id='word_1_42' title='bbox 1723 433 1752 484; x_wconf 90' lang='lat' dir='ltr'><strong>et</strong></span> 
     </span>
     <span class='ocr_line' id='line_1_4' title="bbox 64 518 1751 596; baseline 0.003 -23"><span class='ocrx_word' id='word_1_43' title='bbox 64 534 119 573; x_wconf 82' lang='lat' dir='ltr'><strong>crue</strong></span> <span class='ocrx_word' id='word_1_44' title='bbox 141 518 254 574; x_wconf 86' lang='lat' dir='ltr'><strong>diebus</strong></span> <span class='ocrx_word' id='word_1_45' title='bbox 275 525 438 576; x_wconf 75' lang='lat' dir='ltr'><strong>remoratus</strong></span> <span class='ocrx_word' id='word_1_46' title='bbox 458 525 515 587; x_wconf 79' lang='lat' dir='ltr'><strong>est3</strong></span> <span class='ocrx_word' id='word_1_47' title='bbox 541 525 571 576; x_wconf 92' lang='lat' dir='ltr'><strong>et</strong></span> <span class='ocrx_word' id='word_1_48' title='bbox 594 522 752 593; x_wconf 73' lang='lat' dir='ltr'><strong>recognitio</strong></span> <span class='ocrx_word' id='word_1_49' title='bbox 773 523 884 591; x_wconf 90' lang='lat' dir='ltr'><strong>metris,</strong></span> <span class='ocrx_word' id='word_1_50' title='bbox 936 523 1085 579; x_wconf 87' lang='lat' dir='ltr'><strong>intellectis</strong></span> <span class='ocrx_word' id='word_1_51' title='bbox 1102 523 1262 580; x_wconf 79' lang='lat' dir='ltr'><strong>caelestibus</strong></span> <span class='ocrx_word' id='word_1_52' title='bbox 1280 524 1402 593; x_wconf 86' lang='lat' dir='ltr'><strong>arcanis,</strong></span> <span class='ocrx_word' id='word_1_53' title='bbox 1416 523 1450 579; x_wconf 87' lang='lat' dir='ltr'><strong>ad</strong></span> <span class='ocrx_word' id='word_1_54' title='bbox 1466 524 1551 596; x_wconf 89' lang='lat' dir='ltr'><strong>pedes</strong></span> <span class='ocrx_word' id='word_1_55' title='bbox 1563 523 1683 595; x_wconf 90' lang='lat' dir='ltr'><strong>apostoli</strong></span> <span class='ocrx_word' id='word_1_56' title='bbox 1703 540 1751 595; x_wconf 91' lang='lat' dir='ltr'><strong>pa·</strong></span> 
     </span>
     <span class='ocr_line' id='line_1_5' title="bbox 65 614 1748 690; baseline 0.002 -23"><span class='ocrx_word' id='word_1_57' title='bbox 65 614 207 685; x_wconf 83' lang='lat' dir='ltr'><strong>triumque</strong></span> <span class='ocrx_word' id='word_1_58' title='bbox 237 614 364 669; x_wconf 88' lang='lat' dir='ltr'><strong>liliorum</strong></span> <span class='ocrx_word' id='word_1_59' title='bbox 388 614 561 682; x_wconf 89' lang='lat' dir='ltr'><strong>Clementis,</strong></span> <span class='ocrx_word' id='word_1_60' title='bbox 587 616 715 671; x_wconf 81' lang='lat' dir='ltr'><strong>Faustini</strong></span> <span class='ocrx_word' id='word_1_61' title='bbox 739 621 768 671; x_wconf 91' lang='lat' dir='ltr'><strong>et</strong></span> <span class='ocrx_word' id='word_1_62' title='bbox 793 616 885 673; x_wconf 81' lang='lat' dir='ltr'><strong>Fausti</strong></span> <span class='ocrx_word' id='word_1_63' title='bbox 935 617 992 673; x_wconf 90' lang='lat' dir='ltr'><strong>lam</strong></span> <span class='ocrx_word' id='word_1_64' title='bbox 1007 618 1136 690; x_wconf 75' lang='lat' dir='ltr'><strong>procidit,</strong></span> <span class='ocrx_word' id='word_1_65' title='bbox 1151 623 1189 685; x_wconf 91' lang='lat' dir='ltr'><strong>et,</strong></span> <span class='ocrx_word' id='word_1_66' title='bbox 1203 619 1322 674; x_wconf 85' lang='lat' dir='ltr'><strong>vetustis</strong></span> <span class='ocrx_word' id='word_1_67' title='bbox 1334 618 1480 674; x_wconf 88' lang='lat' dir='ltr'><strong>erroribus</strong></span> <span class='ocrx_word' id='word_1_68' title='bbox 1494 618 1640 688; x_wconf 86' lang='lat' dir='ltr'><strong>abdicatis,</strong></span> <span class='ocrx_word' id='word_1_69' title='bbox 1654 616 1748 689; x_wconf 90' lang='lat' dir='ltr'><strong>bapti-</strong></span> 
     </span>
     <span class='ocr_line' id='line_1_6' title="bbox 64 708 1748 785; baseline 0.002 -22"><span class='ocrx_word' id='word_1_70' title='bbox 64 708 129 763; x_wconf 78' lang='lat' dir='ltr'><strong>tacta</strong></span> <span class='ocrx_word' id='word_1_71' title='bbox 142 713 197 763; x_wconf 86' lang='lat' dir='ltr'><strong>cst.</strong></span> <span class='ocrx_word' id='word_1_72' title='bbox 213 709 329 781; x_wconf 76' lang='lat' dir='ltr'><strong>cogniti</strong></span> <span class='ocrx_word' id='word_1_73' title='bbox 341 709 454 781; x_wconf 90' lang='lat' dir='ltr'><strong>gemini</strong></span> <span class='ocrx_word' id='word_1_74' title='bbox 470 709 631 765; x_wconf 90' lang='lat' dir='ltr'><strong>retulerunt</strong></span> <span class='ocrx_word' id='word_1_75' title='bbox 643 711 720 782; x_wconf 93' lang='lat' dir='ltr'><strong>quod</strong></span> <span class='ocrx_word' id='word_1_76' title='bbox 735 715 799 782; x_wconf 86' lang='lat' dir='ltr'><strong>post</strong></span> <span class='ocrx_word' id='word_1_77' title='bbox 813 726 883 766; x_wconf 93' lang='lat' dir='ltr'><strong>nau·</strong></span> <span class='ocrx_word' id='word_1_78' title='bbox 934 713 990 766; x_wconf 86' lang='lat' dir='ltr'><strong>zari</strong></span> <span class='ocrx_word' id='word_1_79' title='bbox 1008 713 1115 784; x_wconf 80' lang='lat' dir='ltr'><strong>petivit.</strong></span> <span class='ocrx_word' id='word_1_80' title='bbox 1131 713 1183 768; x_wconf 93' lang='lat' dir='ltr'><strong>Cui</strong></span> <span class='ocrx_word' id='word_1_81' title='bbox 1202 714 1301 768; x_wconf 85' lang='lat' dir='ltr'><strong>Petrus</strong></span> <span class='ocrx_word' id='word_1_82' title='bbox 1315 712 1458 785; x_wconf 91' lang='lat' dir='ltr'><strong>apostolus</strong></span> <span class='ocrx_word' id='word_1_83' title='bbox 1473 712 1619 785; x_wconf 87' lang='lat' dir='ltr'><strong>jejunium</strong></span> <span class='ocrx_word' id='word_1_84' title='bbox 1636 710 1748 780; x_wconf 82' lang='lat' dir='ltr'><strong>indixit,</strong></span> 
     </span>
     <span class='ocr_line' id='line_1_7' title="bbox 64 801 1749 880; baseline 0.002 -22"><span class='ocrx_word' id='word_1_85' title='bbox 64 801 194 873; x_wconf 86' lang='lat' dir='ltr'><strong>fragium,</strong></span> <span class='ocrx_word' id='word_1_86' title='bbox 207 802 280 858; x_wconf 92' lang='lat' dir='ltr'><strong>dum</strong></span> <span class='ocrx_word' id='word_1_87' title='bbox 294 803 410 858; x_wconf 89' lang='lat' dir='ltr'><strong>cuidam</strong></span> <span class='ocrx_word' id='word_1_88' title='bbox 422 804 586 875; x_wconf 86' lang='lat' dir='ltr'><strong>fragmento</strong></span> <span class='ocrx_word' id='word_1_89' title='bbox 601 804 760 860; x_wconf 89' lang='lat' dir='ltr'><strong>tabularum</strong></span> <span class='ocrx_word' id='word_1_90' title='bbox 775 805 886 861; x_wconf 82' lang='lat' dir='ltr'><strong>haerea-</strong></span> <span class='ocrx_word' id='word_1_91' title='bbox 934 822 1069 880; x_wconf 86' lang='lat' dir='ltr'><strong>eumque,</strong></span> <span class='ocrx_word' id='word_1_92' title='bbox 1091 806 1222 862; x_wconf 87' lang='lat' dir='ltr'><strong>veniente</strong></span> <span class='ocrx_word' id='word_1_93' title='bbox 1242 806 1287 863; x_wconf 93' lang='lat' dir='ltr'><strong>die</strong></span> <span class='ocrx_word' id='word_1_94' title='bbox 1309 806 1468 873; x_wconf 86' lang='lat' dir='ltr'><strong>Dominico,</strong></span> <span class='ocrx_word' id='word_1_95' title='bbox 1489 805 1650 879; x_wconf 86' lang='lat' dir='ltr'><strong>baptizarit,</strong></span> <span class='ocrx_word' id='word_1_96' title='bbox 1673 811 1702 861; x_wconf 91' lang='lat' dir='ltr'><strong>et</strong></span> <span class='ocrx_word' id='word_1_97' title='bbox 1719 806 1749 861; x_wconf 91' lang='lat' dir='ltr'><strong>in</strong></span> 
     </span>
     <span class='ocr_line' id='line_1_8' title="bbox 17 896 1749 972; baseline 0.003 -22"><span class='ocrx_word' id='word_1_98' title='bbox 17 948 20 961; x_wconf 88' lang='grc'>,</span> <span class='ocrx_word' id='word_1_99' title='bbox 65 902 100 951; x_wconf 83' lang='lat' dir='ltr'><strong>tes</strong></span> <span class='ocrx_word' id='word_1_100' title='bbox 112 912 166 967; x_wconf 83' lang='lat' dir='ltr'><strong>per</strong></span> <span class='ocrx_word' id='word_1_101' title='bbox 178 896 301 969; x_wconf 87' lang='lat' dir='ltr'><strong>pelagus</strong></span> <span class='ocrx_word' id='word_1_102' title='bbox 309 897 498 968; x_wconf 88' lang='lat' dir='ltr'><strong>jactarentur,</strong></span> <span class='ocrx_word' id='word_1_103' title='bbox 510 897 610 969; x_wconf 78' lang='lat' dir='ltr'><strong>piratae</strong></span> <span class='ocrx_word' id='word_1_104' title='bbox 623 898 684 953; x_wconf 92' lang='lat' dir='ltr'><strong>illos</strong></span> <span class='ocrx_word' id='word_1_105' title='bbox 697 904 881 972; x_wconf 86' lang='lat' dir='ltr'><strong>repererunt,</strong></span> <span class='ocrx_word' id='word_1_106' title='bbox 935 900 1032 956; x_wconf 89' lang='lat' dir='ltr'><strong>medio</strong></span> <span class='ocrx_word' id='word_1_107' title='bbox 1040 901 1149 972; x_wconf 89' lang='lat' dir='ltr'><strong>populi,</strong></span> <span class='ocrx_word' id='word_1_108' title='bbox 1159 917 1195 957; x_wconf 84' lang='lat' dir='ltr'><strong>ax</strong></span> <span class='ocrx_word' id='word_1_109' title='bbox 1205 901 1267 972; x_wconf 88' lang='lat' dir='ltr'><strong>ejus</strong></span> <span class='ocrx_word' id='word_1_110' title='bbox 1275 901 1459 957; x_wconf 84' lang='lat' dir='ltr'><strong>conversione</strong></span> <span class='ocrx_word' id='word_1_111' title='bbox 1471 900 1621 957; x_wconf 90' lang='lat' dir='ltr'><strong>materiam</strong></span> <span class='ocrx_word' id='word_1_112' title='bbox 1632 916 1749 956; x_wconf 91' lang='lat' dir='ltr'><strong>sumens</strong></span> 
     </span>
     <span class='ocr_line' id='line_1_9' title="bbox 66 990 1748 1067; baseline 0.002 -21"><span class='ocrx_word' id='word_1_113' title='bbox 66 990 271 1065; x_wconf 84' lang='lat' dir='ltr'><strong>impositosque</strong></span> <span class='ocrx_word' id='word_1_114' title='bbox 297 992 436 1048; x_wconf 75' lang='lat' dir='ltr'><strong>naviculae</strong></span> <span class='ocrx_word' id='word_1_115' title='bbox 465 1008 525 1047; x_wconf 84' lang='lat' dir='ltr'><strong>sue</strong></span> <span class='ocrx_word' id='word_1_116' title='bbox 554 995 711 1049; x_wconf 85' lang='lat' dir='ltr'><strong>Caesaream</strong></span> <span class='ocrx_word' id='word_1_117' title='bbox 743 993 885 1049; x_wconf 79' lang='lat' dir='ltr'><strong>Stratonis</strong></span> <span class='ocrx_word' id='word_1_118' title='bbox 934 995 1200 1066; x_wconf 86' lang='lat' dir='ltr'><strong>omnescasusejus</strong></span> <span class='ocrx_word' id='word_1_119' title='bbox 1213 995 1352 1067; x_wconf 83' lang='lat' dir='ltr'><strong>exposuit.</strong></span> <span class='ocrx_word' id='word_1_120' title='bbox 1366 996 1454 1051; x_wconf 86' lang='lat' dir='ltr'><strong>Porro</strong></span> <span class='ocrx_word' id='word_1_121' title='bbox 1472 994 1636 1067; x_wconf 81' lang='lat' dir='ltr'><strong>huJ&#39;usmodi</strong></span> <span class='ocrx_word' id='word_1_122' title='bbox 1652 1010 1748 1050; x_wconf 90' lang='lat' dir='ltr'><strong>narra·</strong></span> 
     </span>
     <span class='ocr_line' id='line_1_10' title="bbox 67 1085 1747 1161; baseline 0.002 -22"><span class='ocrx_word' id='word_1_123' title='bbox 67 1085 262 1157; x_wconf 71' lang='lat' dir='ltr'><strong>perduxerunt</strong></span> <span class='ocrx_word' id='word_1_124' title='bbox 283 1102 390 1159; x_wconf 87' lang='lat' dir='ltr'><strong>eosque</strong></span> <span class='ocrx_word' id='word_1_125' title='bbox 411 1086 479 1157; x_wconf 89' lang='lat' dir='ltr'><strong>illic,</strong></span> <span class='ocrx_word' id='word_1_126' title='bbox 498 1087 615 1142; x_wconf 90' lang='lat' dir='ltr'><strong>mutatis</strong></span> <span class='ocrx_word' id='word_1_127' title='bbox 633 1086 798 1143; x_wconf 91' lang='lat' dir='ltr'><strong>nominibus</strong></span> <span class='ocrx_word' id='word_1_128' title='bbox 820 1088 883 1143; x_wconf 91' lang='lat' dir='ltr'><strong>illo·</strong></span> <span class='ocrx_word' id='word_1_129' title='bbox 935 1090 974 1144; x_wconf 92' lang='lat' dir='ltr'><strong>tio</strong></span> <span class='ocrx_word' id='word_1_130' title='bbox 996 1088 1032 1144; x_wconf 90' lang='lat' dir='ltr'><strong>ad</strong></span> <span class='ocrx_word' id='word_1_131' title='bbox 1055 1088 1273 1145; x_wconf 78' lang='lat' dir='ltr'><strong>delectationem</strong></span> <span class='ocrx_word' id='word_1_132' title='bbox 1294 1092 1323 1145; x_wconf 90' lang='lat' dir='ltr'><strong>et</strong></span> <span class='ocrx_word' id='word_1_133' title='bbox 1342 1090 1492 1146; x_wconf 78' lang='lat' dir='ltr'><strong>utilitatem</strong></span> <span class='ocrx_word' id='word_1_134' title='bbox 1514 1089 1612 1145; x_wconf 93' lang='lat' dir='ltr'><strong>multis</strong></span> <span class='ocrx_word' id='word_1_135' title='bbox 1632 1088 1747 1161; x_wconf 80' lang='lat' dir='ltr'><strong>placuit,</strong></span> 
     </span>
     <span class='ocr_line' id='line_1_11' title="bbox 68 1180 1749 1256; baseline 0.001 -21"><span class='ocrx_word' id='word_1_136' title='bbox 68 1196 135 1249; x_wconf 90' lang='lat' dir='ltr'><strong>rum,</strong></span> <span class='ocrx_word' id='word_1_137' title='bbox 146 1181 237 1251; x_wconf 80' lang='lat' dir='ltr'><strong>justae</strong></span> <span class='ocrx_word' id='word_1_138' title='bbox 250 1180 365 1237; x_wconf 88' lang='lat' dir='ltr'><strong>cuidam</strong></span> <span class='ocrx_word' id='word_1_139' title='bbox 385 1181 502 1236; x_wconf 87' lang='lat' dir='ltr'><strong>feminae</strong></span> <span class='ocrx_word' id='word_1_140' title='bbox 517 1180 725 1250; x_wconf 81' lang='lat' dir='ltr'><strong>vendiderunt3</strong></span> <span class='ocrx_word' id='word_1_141' title='bbox 741 1198 806 1254; x_wconf 79' lang='lat' dir='ltr'><strong>quae</strong></span> <span class='ocrx_word' id='word_1_142' title='bbox 820 1182 883 1237; x_wconf 93' lang='lat' dir='ltr'><strong>loco</strong></span> <span class='ocrx_word' id='word_1_143' title='bbox 934 1184 1145 1256; x_wconf 84' lang='lat' dir='ltr'><strong>praefatumque</strong></span> <span class='ocrx_word' id='word_1_144' title='bbox 1164 1199 1229 1239; x_wconf 91' lang='lat' dir='ltr'><strong>cum</strong></span> <span class='ocrx_word' id='word_1_145' title='bbox 1248 1199 1299 1238; x_wconf 85' lang='lat' dir='ltr'><strong>sua</strong></span> <span class='ocrx_word' id='word_1_146' title='bbox 1316 1183 1425 1239; x_wconf 90' lang='lat' dir='ltr'><strong>familia</strong></span> <span class='ocrx_word' id='word_1_147' title='bbox 1446 1198 1544 1239; x_wconf 89' lang='lat' dir='ltr'><strong>senem</strong></span> <span class='ocrx_word' id='word_1_148' title='bbox 1567 1182 1749 1239; x_wconf 79' lang='lat' dir='ltr'><strong>hirtiocbenee</strong></span> 
     </span>
     <span class='ocr_line' id='line_1_12' title="bbox 18 1275 1748 1350; baseline -0.001 -19"><span class='ocrx_word' id='word_1_149' title='bbox 18 1322 21 1331; x_wconf 94' lang='lat'><strong>.</strong></span> <span class='ocrx_word' id='word_1_150' title='bbox 68 1276 185 1330; x_wconf 88' lang='lat' dir='ltr'><strong>tiliorum</strong></span> <span class='ocrx_word' id='word_1_151' title='bbox 213 1276 331 1331; x_wconf 84' lang='lat' dir='ltr'><strong>eosdem</strong></span> <span class='ocrx_word' id='word_1_152' title='bbox 358 1275 519 1348; x_wconf 68' lang='lat' dir='ltr'><strong>educavit„</strong></span> <span class='ocrx_word' id='word_1_153' title='bbox 532 1275 636 1331; x_wconf 86' lang='lat' dir='ltr'><strong>litteris</strong></span> <span class='ocrx_word' id='word_1_154' title='bbox 660 1275 824 1331; x_wconf 91' lang='lat' dir='ltr'><strong>liberalibus</strong></span> <span class='ocrx_word' id='word_1_155' title='bbox 851 1291 884 1332; x_wconf 90' lang='lat' dir='ltr'><strong>ac</strong></span> <span class='ocrx_word' id='word_1_156' title='bbox 933 1278 1009 1350; x_wconf 87' lang='lat' dir='ltr'><strong>plebi</strong></span> <span class='ocrx_word' id='word_1_157' title='bbox 1023 1278 1181 1334; x_wconf 91' lang='lat' dir='ltr'><strong>admodum</strong></span> <span class='ocrx_word' id='word_1_158' title='bbox 1200 1277 1424 1333; x_wconf 84' lang='lat' dir='ltr'><strong>commendarit.</strong></span> <span class='ocrx_word' id='word_1_159' title='bbox 1440 1279 1510 1333; x_wconf 85' lang='lat' dir='ltr'><strong>Tota</strong></span> <span class='ocrx_word' id='word_1_160' title='bbox 1527 1292 1593 1333; x_wconf 78' lang='lat' dir='ltr'><strong>vero</strong></span> <span class='ocrx_word' id='word_1_161' title='bbox 1609 1276 1706 1332; x_wconf 85' lang='lat' dir='ltr'><strong>civitas</strong></span> <span class='ocrx_word' id='word_1_162' title='bbox 1717 1276 1748 1330; x_wconf 92' lang='lat' dir='ltr'><strong>in</strong></span> 
     </span>
     <span class='ocr_line' id='line_1_13' title="bbox 17 1369 1746 1443; baseline 0.002 -22"><span class='ocrx_word' id='word_1_163' title='bbox 17 1434 20 1443; x_wconf 37' lang='grc' dir='ltr'>Ι</span> <span class='ocrx_word' id='word_1_164' title='bbox 68 1370 164 1425; x_wconf 70' lang='lat' dir='ltr'><strong>linceis</strong></span> <span class='ocrx_word' id='word_1_165' title='bbox 192 1370 302 1425; x_wconf 86' lang='lat' dir='ltr'><strong>erudiri</strong></span> <span class='ocrx_word' id='word_1_166' title='bbox 331 1369 417 1435; x_wconf 89' lang='lat' dir='ltr'><strong>fecit,</strong></span> <span class='ocrx_word' id='word_1_167' title='bbox 445 1369 614 1443; x_wconf 90' lang='lat' dir='ltr'><strong>adultosque</strong></span> <span class='ocrx_word' id='word_1_168' title='bbox 646 1369 883 1442; x_wconf 87' lang='lat' dir='ltr'><strong>pbilosophorum</strong></span> <span class='ocrx_word' id='word_1_169' title='bbox 933 1371 1030 1427; x_wconf 83' lang='lat' dir='ltr'><strong>divino</strong></span> <span class='ocrx_word' id='word_1_170' title='bbox 1042 1373 1117 1427; x_wconf 90' lang='lat' dir='ltr'><strong>cultu</strong></span> <span class='ocrx_word' id='word_1_171' title='bbox 1134 1371 1254 1427; x_wconf 89' lang='lat' dir='ltr'><strong>feliciter</strong></span> <span class='ocrx_word' id='word_1_172' title='bbox 1266 1371 1363 1437; x_wconf 88' lang='lat' dir='ltr'><strong>crevit,</strong></span> <span class='ocrx_word' id='word_1_173' title='bbox 1378 1377 1407 1427; x_wconf 93' lang='lat' dir='ltr'><strong>et</strong></span> <span class='ocrx_word' id='word_1_174' title='bbox 1424 1376 1520 1426; x_wconf 77' lang='lat' dir='ltr'><strong>mnata</strong></span> <span class='ocrx_word' id='word_1_175' title='bbox 1538 1375 1630 1426; x_wconf 89' lang='lat' dir='ltr'><strong>mator</strong></span> <span class='ocrx_word' id='word_1_176' title='bbox 1652 1370 1746 1425; x_wconf 80' lang='lat' dir='ltr'><strong>llccle-</strong></span> 
     </span>
     <span class='ocr_line' id='line_1_14' title="bbox 18 1446 1747 1537; baseline 0.001 -20"><span class='ocrx_word' id='word_1_177' title='bbox 18 1446 23 1527; x_wconf 56' lang='grc' dir='ltr'><strong>ἦ</strong></span> <span class='ocrx_word' id='word_1_178' title='bbox 70 1464 161 1519; x_wconf 72' lang='lat' dir='ltr'><strong>studiis</strong></span> <span class='ocrx_word' id='word_1_179' title='bbox 173 1464 304 1521; x_wconf 78' lang='lat' dir='ltr'><strong>tradidit.</strong></span> <span class='ocrx_word' id='word_1_180' title='bbox 932 1465 983 1532; x_wconf 94' lang='lat' dir='ltr'><strong>sia,</strong></span> <span class='ocrx_word' id='word_1_181' title='bbox 999 1464 1127 1537; x_wconf 91' lang='lat' dir='ltr'><strong>quotidie</strong></span> <span class='ocrx_word' id='word_1_182' title='bbox 1141 1482 1260 1522; x_wconf 89' lang='lat' dir='ltr'><strong>numero</strong></span> <span class='ocrx_word' id='word_1_183' title='bbox 1274 1465 1400 1521; x_wconf 89' lang='lat' dir='ltr'><strong>tidelium</strong></span> <span class='ocrx_word' id='word_1_184' title='bbox 1414 1467 1568 1533; x_wconf 78' lang='lat' dir='ltr'><strong>crescente,</strong></span> <span class='ocrx_word' id='word_1_185' title='bbox 1588 1464 1618 1520; x_wconf 94' lang='lat' dir='ltr'><strong>in</strong></span> <span class='ocrx_word' id='word_1_186' title='bbox 1635 1464 1747 1519; x_wconf 89' lang='lat' dir='ltr'><strong>Christo</strong></span> 
     </span>
     <span class='ocr_line' id='line_1_15' title="bbox 19 1557 1173 1630; baseline 0.005 -21"><span class='ocrx_word' id='word_1_187' title='bbox 19 1592 24 1609; x_wconf 93' lang='lat'><strong>.</strong></span> <span class='ocrx_word' id='word_1_188' title='bbox 99 1562 228 1630; x_wconf 88' lang='lat' dir='ltr'><strong>Cumque</strong></span> <span class='ocrx_word' id='word_1_189' title='bbox 253 1560 357 1614; x_wconf 85' lang='lat' dir='ltr'><strong>Petrus</strong></span> <span class='ocrx_word' id='word_1_190' title='bbox 380 1558 519 1614; x_wconf 77' lang='lat' dir='ltr'><strong>laodicie</strong></span> <span class='ocrx_word' id='word_1_191' title='bbox 544 1561 716 1628; x_wconf 89' lang='lat' dir='ltr'><strong>moraretur,</strong></span> <span class='ocrx_word' id='word_1_192' title='bbox 743 1557 882 1629; x_wconf 85' lang='lat' dir='ltr'><strong>bonisque</strong></span> <span class='ocrx_word' id='word_1_193' title='bbox 931 1560 1173 1615; x_wconf 83' lang='lat' dir='ltr'><strong>lesuexsaltarit.</strong></span> 
     </span>
     <span class='ocr_line' id='line_1_16' title="bbox 71 1650 1749 1727; baseline 0.002 -22"><span class='ocrx_word' id='word_1_194' title='bbox 71 1652 162 1707; x_wconf 73' lang='lat' dir='ltr'><strong>studiis</strong></span> <span class='ocrx_word' id='word_1_195' title='bbox 177 1653 265 1707; x_wconf 88' lang='lat' dir='ltr'><strong>solito</strong></span> <span class='ocrx_word' id='word_1_196' title='bbox 286 1668 367 1709; x_wconf 89' lang='lat' dir='ltr'><strong>more</strong></span> <span class='ocrx_word' id='word_1_197' title='bbox 383 1653 492 1725; x_wconf 91' lang='lat' dir='ltr'><strong>jugiter</strong></span> <span class='ocrx_word' id='word_1_198' title='bbox 508 1656 706 1723; x_wconf 84' lang='lat' dir='ltr'><strong>occuparetur,</strong></span> <span class='ocrx_word' id='word_1_199' title='bbox 722 1650 881 1707; x_wconf 84' lang='lat' dir='ltr'><strong>l&#39;austiuia·</strong></span> <span class='ocrx_word' id='word_1_200' title='bbox 970 1655 1069 1709; x_wconf 85' lang='lat' dir='ltr'><strong>Beatus</strong></span> <span class='ocrx_word' id='word_1_201' title='bbox 1082 1654 1180 1727; x_wconf 90' lang='lat' dir='ltr'><strong>itaque</strong></span> <span class='ocrx_word' id='word_1_202' title='bbox 1198 1656 1295 1709; x_wconf 83' lang='lat' dir='ltr'><strong>Petrus</strong></span> <span class='ocrx_word' id='word_1_203' title='bbox 1313 1654 1458 1726; x_wconf 91' lang='lat' dir='ltr'><strong>apostolus</strong></span> <span class='ocrx_word' id='word_1_204' title='bbox 1473 1652 1598 1726; x_wconf 89' lang='lat' dir='ltr'><strong>primum</strong></span> <span class='ocrx_word' id='word_1_205' title='bbox 1615 1653 1698 1709; x_wconf 92' lang='lat' dir='ltr'><strong>annis</strong></span> <span class='ocrx_word' id='word_1_206' title='bbox 1713 1670 1749 1709; x_wconf 86' lang='grc' dir='ltr'><strong>ιιι</strong></span> 
     </span>
     <span class='ocr_line' id='line_1_17' title="bbox 72 1724 1748 1819; baseline 0.001 -19"><span class='ocrx_word' id='word_1_207' title='bbox 72 1764 120 1801; x_wconf 77' lang='lat' dir='ltr'><strong>niu</strong></span> <span class='ocrx_word' id='word_1_208' title='bbox 135 1762 231 1813; x_wconf 80' lang='lat' dir='ltr'><strong>senex,</strong></span> <span class='ocrx_word' id='word_1_209' title='bbox 249 1746 350 1803; x_wconf 90' lang='lat' dir='ltr'><strong>babitu</strong></span> <span class='ocrx_word' id='word_1_210' title='bbox 370 1763 488 1819; x_wconf 89' lang='lat' dir='ltr'><strong>pauper,</strong></span> <span class='ocrx_word' id='word_1_211' title='bbox 509 1748 545 1803; x_wconf 91' lang='lat' dir='ltr'><strong>ad</strong></span> <span class='ocrx_word' id='word_1_212' title='bbox 566 1762 634 1802; x_wconf 92' lang='lat' dir='ltr'><strong>cum</strong></span> <span class='ocrx_word' id='word_1_213' title='bbox 650 1746 769 1801; x_wconf 89' lang='lat' dir='ltr'><strong>accessit</strong></span> <span class='ocrx_word' id='word_1_214' title='bbox 789 1751 818 1801; x_wconf 90' lang='lat' dir='ltr'><strong>et</strong></span> <span class='ocrx_word' id='word_1_215' title='bbox 836 1746 880 1801; x_wconf 93' lang='lat' dir='ltr'><strong>di·</strong></span> <span class='ocrx_word' id='word_1_216' title='bbox 891 1724 921 1797; x_wconf 84' lang='grc' dir='ltr'>Β</span> <span class='ocrx_word' id='word_1_217' title='bbox 932 1748 961 1802; x_wconf 92' lang='lat' dir='ltr'><strong>iu</strong></span> <span class='ocrx_word' id='word_1_218' title='bbox 976 1747 1127 1803; x_wconf 80' lang='lat' dir='ltr'><strong>hrrhochia</strong></span> <span class='ocrx_word' id='word_1_219' title='bbox 1145 1748 1229 1818; x_wconf 88' lang='lat' dir='ltr'><strong>sedit,</strong></span> <span class='ocrx_word' id='word_1_220' title='bbox 1245 1752 1275 1804; x_wconf 87' lang='lat' dir='ltr'><strong>et</strong></span> <span class='ocrx_word' id='word_1_221' title='bbox 1287 1750 1386 1813; x_wconf 87' lang='lat' dir='ltr'><strong>Ponto,</strong></span> <span class='ocrx_word' id='word_1_222' title='bbox 1405 1747 1532 1815; x_wconf 77' lang='lat' dir='ltr'><strong>Galatiae,</strong></span> <span class='ocrx_word' id='word_1_223' title='bbox 1550 1746 1748 1819; x_wconf 79' lang='lat' dir='ltr'><strong>Cappadociae,</strong></span> 
     </span>
     <span class='ocr_line' id='line_1_18' title="bbox 70 1839 1748 1914; baseline 0.002 -21"><span class='ocrx_word' id='word_1_224' title='bbox 70 1848 190 1912; x_wconf 62' lang='lat' dir='ltr'><strong>erpere</strong></span> <span class='ocrx_word' id='word_1_225' title='bbox 202 1842 290 1913; x_wconf 74' lang='lat' dir='ltr'><strong>caepit</strong></span> <span class='ocrx_word' id='word_1_226' title='bbox 305 1842 382 1914; x_wconf 87' lang='lat' dir='ltr'><strong>quod</strong></span> <span class='ocrx_word' id='word_1_227' title='bbox 397 1856 490 1912; x_wconf 90' lang='lat' dir='ltr'><strong>neque</strong></span> <span class='ocrx_word' id='word_1_228' title='bbox 507 1844 582 1896; x_wconf 81' lang='lat' dir='ltr'><strong>bears</strong></span> <span class='ocrx_word' id='word_1_229' title='bbox 599 1844 653 1911; x_wconf 84' lang='lat' dir='ltr'><strong>eat,</strong></span> <span class='ocrx_word' id='word_1_230' title='bbox 669 1856 764 1912; x_wconf 85' lang='lat' dir='ltr'><strong>neque</strong></span> <span class='ocrx_word' id='word_1_231' title='bbox 779 1839 880 1911; x_wconf 91' lang='lat' dir='ltr'><strong>cultus,</strong></span> <span class='ocrx_word' id='word_1_232' title='bbox 931 1844 1005 1897; x_wconf 79' lang='lat' dir='ltr'><strong>Asiae</strong></span> <span class='ocrx_word' id='word_1_233' title='bbox 1024 1848 1053 1897; x_wconf 89' lang='lat' dir='ltr'><strong>et</strong></span> <span class='ocrx_word' id='word_1_234' title='bbox 1071 1841 1210 1914; x_wconf 82' lang='lat' dir='ltr'><strong>ltitbyuiae</strong></span> <span class='ocrx_word' id='word_1_235' title='bbox 1231 1842 1404 1914; x_wconf 72' lang='lat' dir='ltr'><strong>praedicavit.</strong></span> <span class='ocrx_word' id='word_1_236' title='bbox 1430 1843 1535 1897; x_wconf 87' lang='lat' dir='ltr'><strong>lleinde</strong></span> <span class='ocrx_word' id='word_1_237' title='bbox 1556 1843 1681 1898; x_wconf 82' lang='lat' dir='ltr'><strong>Romam</strong></span> <span class='ocrx_word' id='word_1_238' title='bbox 1703 1840 1748 1897; x_wconf 89' lang='lat' dir='ltr'><strong>Si-</strong></span> 
     </span>
     <span class='ocr_line' id='line_1_19' title="bbox 71 1935 1748 2008; baseline 0.001 -18"><span class='ocrx_word' id='word_1_239' title='bbox 71 1952 153 2008; x_wconf 81' lang='lat' dir='ltr'><strong>ueque</strong></span> <span class='ocrx_word' id='word_1_240' title='bbox 169 1935 350 2007; x_wconf 84' lang='lat' dir='ltr'><strong>pmridcutia</strong></span> <span class='ocrx_word' id='word_1_241' title='bbox 364 1936 393 1990; x_wconf 92' lang='lat' dir='ltr'><strong>iu</strong></span> <span class='ocrx_word' id='word_1_242' title='bbox 410 1935 531 2002; x_wconf 91' lang='lat' dir='ltr'><strong>mundo,</strong></span> <span class='ocrx_word' id='word_1_243' title='bbox 545 1935 594 1991; x_wconf 88' lang='lat' dir='ltr'><strong>sed</strong></span> <span class='ocrx_word' id='word_1_244' title='bbox 608 1936 741 1991; x_wconf 89' lang='lat' dir='ltr'><strong>fortuitus</strong></span> <span class='ocrx_word' id='word_1_245' title='bbox 755 1950 838 1990; x_wconf 89' lang='lat' dir='ltr'><strong>casus</strong></span> <span class='ocrx_word' id='word_1_246' title='bbox 853 1937 882 1989; x_wconf 93' lang='lat' dir='ltr'><strong>et</strong></span> <span class='ocrx_word' id='word_1_247' title='bbox 932 1951 1015 1990; x_wconf 91' lang='lat' dir='ltr'><strong>mone</strong></span> <span class='ocrx_word' id='word_1_248' title='bbox 1027 1937 1106 2007; x_wconf 84' lang='lat' dir='ltr'><strong>llago</strong></span> <span class='ocrx_word' id='word_1_249' title='bbox 1120 1942 1244 2008; x_wconf 86' lang='lat' dir='ltr'><strong>petente,</strong></span> <span class='ocrx_word' id='word_1_250' title='bbox 1260 1939 1358 1991; x_wconf 83' lang='lat' dir='ltr'><strong>Petras</strong></span> <span class='ocrx_word' id='word_1_251' title='bbox 1370 1936 1582 1992; x_wconf 79' lang='lat' dir='ltr'><strong>Antiochenam</strong></span> <span class='ocrx_word' id='word_1_252' title='bbox 1596 1936 1748 1992; x_wconf 86' lang='lat' dir='ltr'><strong>Ecclesiam</strong></span> 
     </span>
     <span class='ocr_line' id='line_1_20' title="bbox 70 2029 1747 2105; baseline 0.002 -22"><span class='ocrx_word' id='word_1_253' title='bbox 70 2030 170 2099; x_wconf 75' lang='lat' dir='ltr'><strong>genesis</strong></span> <span class='ocrx_word' id='word_1_254' title='bbox 192 2033 285 2101; x_wconf 85' lang='lat' dir='ltr'><strong>agunt</strong></span> <span class='ocrx_word' id='word_1_255' title='bbox 298 2030 408 2085; x_wconf 90' lang='lat' dir='ltr'><strong>omnia.</strong></span> <span class='ocrx_word' id='word_1_256' title='bbox 422 2032 527 2087; x_wconf 85' lang='lat' dir='ltr'><strong>Contra</strong></span> <span class='ocrx_word' id='word_1_257' title='bbox 548 2044 634 2101; x_wconf 91' lang='lat' dir='ltr'><strong>quem</strong></span> <span class='ocrx_word' id='word_1_258' title='bbox 656 2034 714 2084; x_wconf 87' lang='lat' dir='ltr'><strong>tres</strong></span> <span class='ocrx_word' id='word_1_259' title='bbox 733 2029 783 2084; x_wconf 88' lang='lat' dir='ltr'><strong>tilii</strong></span> <span class='ocrx_word' id='word_1_260' title='bbox 807 2029 880 2100; x_wconf 87' lang='lat' dir='ltr'><strong>ejus,</strong></span> <span class='ocrx_word' id='word_1_261' title='bbox 930 2029 1074 2086; x_wconf 84' lang='lat' dir='ltr'><strong>ordinavit</strong></span> <span class='ocrx_word' id='word_1_262' title='bbox 1088 2036 1115 2086; x_wconf 90' lang='lat' dir='ltr'><strong>et</strong></span> <span class='ocrx_word' id='word_1_263' title='bbox 1135 2031 1274 2087; x_wconf 81' lang='lat' dir='ltr'><strong>Evodium</strong></span> <span class='ocrx_word' id='word_1_264' title='bbox 1295 2032 1460 2105; x_wconf 86' lang='lat' dir='ltr'><strong>episcopum</strong></span> <span class='ocrx_word' id='word_1_265' title='bbox 1475 2031 1516 2086; x_wconf 91' lang='lat' dir='ltr'><strong>ibi</strong></span> <span class='ocrx_word' id='word_1_266' title='bbox 1529 2046 1580 2102; x_wconf 93' lang='lat' dir='ltr'><strong>pro</strong></span> <span class='ocrx_word' id='word_1_267' title='bbox 1599 2048 1628 2086; x_wconf 89' lang='lat' dir='ltr'><strong>sc</strong></span> <span class='ocrx_word' id='word_1_268' title='bbox 1648 2046 1747 2086; x_wconf 88' lang='lat' dir='ltr'><strong>consc-</strong></span> 
     </span>
     <span class='ocr_line' id='line_1_21' title="bbox 21 2122 1749 2207; baseline 0.001 -30"><span class='ocrx_word' id='word_1_269' title='bbox 21 2140 28 2207; x_wconf 61' lang='grc' dir='ltr'>Ι</span> <span class='ocrx_word' id='word_1_270' title='bbox 70 2122 234 2195; x_wconf 87' lang='lat' dir='ltr'><strong>quosadhuc</strong></span> <span class='ocrx_word' id='word_1_271' title='bbox 247 2138 307 2179; x_wconf 91' lang='lat' dir='ltr'><strong>nou</strong></span> <span class='ocrx_word' id='word_1_272' title='bbox 319 2122 522 2195; x_wconf 87' lang='lat' dir='ltr'><strong>cognoscebat,</strong></span> <span class='ocrx_word' id='word_1_273' title='bbox 532 2122 735 2195; x_wconf 88' lang='lat' dir='ltr'><strong>pertriduum,</strong></span> <span class='ocrx_word' id='word_1_274' title='bbox 746 2122 881 2178; x_wconf 85' lang='lat' dir='ltr'><strong>audiente</strong></span> <span class='ocrx_word' id='word_1_275' title='bbox 930 2125 1026 2179; x_wconf 83' lang='lat' dir='ltr'><strong>crevit.</strong></span> <span class='ocrx_word' id='word_1_276' title='bbox 1042 2124 1169 2197; x_wconf 84' lang='lat' dir='ltr'><strong>Denique</strong></span> <span class='ocrx_word' id='word_1_277' title='bbox 1191 2126 1313 2181; x_wconf 84' lang='lat' dir='ltr'><strong>Romam</strong></span> <span class='ocrx_word' id='word_1_278' title='bbox 1334 2142 1400 2180; x_wconf 89' lang='lat' dir='ltr'><strong>cum</strong></span> <span class='ocrx_word' id='word_1_279' title='bbox 1413 2125 1544 2197; x_wconf 89' lang='lat' dir='ltr'><strong>pluribus</strong></span> <span class='ocrx_word' id='word_1_280' title='bbox 1558 2124 1654 2180; x_wconf 86' lang='lat' dir='ltr'><strong>electis</strong></span> <span class='ocrx_word' id='word_1_281' title='bbox 1667 2124 1749 2179; x_wconf 88' lang='lat' dir='ltr'><strong>disci·</strong></span> 
     </span>
     <span class='ocr_line' id='line_1_22' title="bbox 69 2216 1746 2291; baseline 0.001 -19"><span class='ocrx_word' id='word_1_282' title='bbox 69 2218 175 2288; x_wconf 66' lang='lat' dir='ltr'><strong>papula</strong></span> <span class='ocrx_word' id='word_1_283' title='bbox 195 2218 350 2289; x_wconf 89' lang='lat' dir='ltr'><strong>insigniter</strong></span> <span class='ocrx_word' id='word_1_284' title='bbox 364 2216 547 2283; x_wconf 86' lang='lat' dir='ltr'><strong>obstiterunt,</strong></span> <span class='ocrx_word' id='word_1_285' title='bbox 564 2220 594 2271; x_wconf 88' lang='lat' dir='ltr'><strong>et</strong></span> <span class='ocrx_word' id='word_1_286' title='bbox 614 2217 643 2271; x_wconf 92' lang='lat' dir='ltr'><strong>in</strong></span> <span class='ocrx_word' id='word_1_287' title='bbox 661 2216 720 2271; x_wconf 92' lang='lat' dir='ltr'><strong>suis</strong></span> <span class='ocrx_word' id='word_1_288' title='bbox 736 2217 881 2288; x_wconf 87' lang='lat' dir='ltr'><strong>responsis</strong></span> <span class='ocrx_word' id='word_1_289' title='bbox 931 2220 1004 2291; x_wconf 91' lang='lat' dir='ltr'><strong>pulis</strong></span> <span class='ocrx_word' id='word_1_290' title='bbox 1017 2219 1151 2291; x_wconf 83' lang='lat' dir='ltr'><strong>perrexit,</strong></span> <span class='ocrx_word' id='word_1_291' title='bbox 1164 2222 1193 2275; x_wconf 90' lang='lat' dir='ltr'><strong>et</strong></span> <span class='ocrx_word' id='word_1_292' title='bbox 1208 2219 1352 2290; x_wconf 88' lang='lat' dir='ltr'><strong>ingressus</strong></span> <span class='ocrx_word' id='word_1_293' title='bbox 1368 2220 1468 2275; x_wconf 87' lang='lat' dir='ltr'><strong>arbem</strong></span> <span class='ocrx_word' id='word_1_294' title='bbox 1485 2222 1615 2291; x_wconf 86' lang='lat' dir='ltr'><strong>tempore</strong></span> <span class='ocrx_word' id='word_1_295' title='bbox 1636 2218 1746 2275; x_wconf 87' lang='lat' dir='ltr'><strong>Claudii</strong></span> 
     </span>
     <span class='ocr_line' id='line_1_23' title="bbox 70 2310 1746 2385; baseline 0.002 -21"><span class='ocrx_word' id='word_1_296' title='bbox 70 2312 209 2383; x_wconf 88' lang='lat' dir='ltr'><strong>multiplici</strong></span> <span class='ocrx_word' id='word_1_297' title='bbox 223 2311 361 2383; x_wconf 87' lang='lat' dir='ltr'><strong>dogmata</strong></span> <span class='ocrx_word' id='word_1_298' title='bbox 375 2311 520 2368; x_wconf 86' lang='lat' dir='ltr'><strong>auditores</strong></span> <span class='ocrx_word' id='word_1_299' title='bbox 534 2310 741 2366; x_wconf 84' lang='lat' dir='ltr'><strong>instruxerunt.</strong></span> <span class='ocrx_word' id='word_1_300' title='bbox 930 2314 1060 2381; x_wconf 81' lang='lat' dir='ltr'><strong>Caesaris,</strong></span> <span class='ocrx_word' id='word_1_301' title='bbox 1074 2313 1224 2385; x_wconf 82' lang='lat' dir='ltr'><strong>prefatam</strong></span> <span class='ocrx_word' id='word_1_302' title='bbox 1240 2313 1491 2385; x_wconf 79' lang='lat' dir='ltr'><strong>praestigiatorem,</strong></span> <span class='ocrx_word' id='word_1_303' title='bbox 1508 2312 1636 2384; x_wconf 91' lang='lat' dir='ltr'><strong>pluribus</strong></span> <span class='ocrx_word' id='word_1_304' title='bbox 1652 2312 1746 2384; x_wconf 91' lang='lat' dir='ltr'><strong>phan-</strong></span> 
     </span>
     <span class='ocr_line' id='line_1_24' title="bbox 99 2403 1747 2481; baseline -0.001 -20"><span class='ocrx_word' id='word_1_305' title='bbox 99 2406 189 2461; x_wconf 75' lang='lat' dir='ltr'><strong>aune</strong></span> <span class='ocrx_word' id='word_1_306' title='bbox 204 2405 263 2474; x_wconf 88' lang='lat' dir='ltr'><strong>die,</strong></span> <span class='ocrx_word' id='word_1_307' title='bbox 282 2406 381 2461; x_wconf 85' lang='lat' dir='ltr'><strong>Niceta</strong></span> <span class='ocrx_word' id='word_1_308' title='bbox 398 2406 540 2477; x_wconf 88' lang='lat' dir='ltr'><strong>sapienter</strong></span> <span class='ocrx_word' id='word_1_309' title='bbox 559 2403 695 2477; x_wconf 79' lang='lat' dir='ltr'><strong>allegavit</strong></span> <span class='ocrx_word' id='word_1_310' title='bbox 711 2404 787 2476; x_wconf 93' lang='lat' dir='ltr'><strong>quod</strong></span> <span class='ocrx_word' id='word_1_311' title='bbox 805 2418 881 2459; x_wconf 89' lang='lat' dir='ltr'><strong>unus</strong></span> <span class='ocrx_word' id='word_1_312' title='bbox 931 2407 1007 2463; x_wconf 89' lang='lat' dir='ltr'><strong>tasiis</strong></span> <span class='ocrx_word' id='word_1_313' title='bbox 1021 2423 1074 2481; x_wconf 91' lang='lat' dir='ltr'><strong>per</strong></span> <span class='ocrx_word' id='word_1_314' title='bbox 1087 2406 1296 2463; x_wconf 78' lang='lat' dir='ltr'><strong>daemoniacam</strong></span> <span class='ocrx_word' id='word_1_315' title='bbox 1315 2407 1462 2473; x_wconf 84' lang='lat' dir='ltr'><strong>virtutem,</strong></span> <span class='ocrx_word' id='word_1_316' title='bbox 1483 2422 1568 2477; x_wconf 89' lang='lat' dir='ltr'><strong>quam</strong></span> <span class='ocrx_word' id='word_1_317' title='bbox 1591 2405 1747 2478; x_wconf 84' lang='lat' dir='ltr'><strong>paredrum</strong></span> 
     </span>
     <span class='ocr_line' id='line_1_25' title="bbox 69 2498 1750 2574; baseline -0.001 -19"><span class='ocrx_word' id='word_1_318' title='bbox 69 2506 106 2555; x_wconf 80' lang='lat' dir='ltr'><strong>est</strong></span> <span class='ocrx_word' id='word_1_319' title='bbox 120 2502 192 2557; x_wconf 81' lang='lat' dir='ltr'><strong>bens</strong></span> <span class='ocrx_word' id='word_1_320' title='bbox 212 2500 311 2555; x_wconf 88' lang='lat' dir='ltr'><strong>omnia</strong></span> <span class='ocrx_word' id='word_1_321' title='bbox 329 2504 441 2567; x_wconf 89' lang='lat' dir='ltr'><strong>tenens,</strong></span> <span class='ocrx_word' id='word_1_322' title='bbox 461 2504 491 2554; x_wconf 90' lang='lat' dir='ltr'><strong>ct</strong></span> <span class='ocrx_word' id='word_1_323' title='bbox 511 2498 653 2555; x_wconf 90' lang='lat' dir='ltr'><strong>mundum</strong></span> <span class='ocrx_word' id='word_1_324' title='bbox 675 2498 751 2568; x_wconf 90' lang='lat' dir='ltr'><strong>fecit,</strong></span> <span class='ocrx_word' id='word_1_325' title='bbox 774 2512 880 2570; x_wconf 86' lang='lat' dir='ltr'><strong>suaque</strong></span> <span class='ocrx_word' id='word_1_326' title='bbox 930 2506 1039 2570; x_wconf 83' lang='lat' dir='ltr'><strong>vocant,</strong></span> <span class='ocrx_word' id='word_1_327' title='bbox 1054 2501 1192 2574; x_wconf 86' lang='lat' dir='ltr'><strong>populum</strong></span> <span class='ocrx_word' id='word_1_328' title='bbox 1206 2500 1406 2572; x_wconf 88' lang='lat' dir='ltr'><strong>decipientem,</strong></span> <span class='ocrx_word' id='word_1_329' title='bbox 1420 2500 1529 2556; x_wconf 84' lang='lat' dir='ltr'><strong>invenit</strong></span> <span class='ocrx_word' id='word_1_330' title='bbox 1541 2500 1571 2554; x_wconf 95' lang='lat' dir='ltr'><strong>in</strong></span> <span class='ocrx_word' id='word_1_331' title='bbox 1585 2503 1692 2554; x_wconf 86' lang='lat' dir='ltr'><strong>tautam</strong></span> <span class='ocrx_word' id='word_1_332' title='bbox 1706 2500 1750 2554; x_wconf 91' lang='lat' dir='ltr'><strong>in-</strong></span> 
     </span>
     <span class='ocr_line' id='line_1_26' title="bbox 69 2593 1748 2667; baseline 0 -18"><span class='ocrx_word' id='word_1_333' title='bbox 69 2596 236 2665; x_wconf 84' lang='lat' dir='ltr'><strong>pmridentia</strong></span> <span class='ocrx_word' id='word_1_334' title='bbox 249 2594 403 2667; x_wconf 87' lang='lat' dir='ltr'><strong>gubernat,</strong></span> <span class='ocrx_word' id='word_1_335' title='bbox 412 2594 506 2665; x_wconf 88' lang='lat' dir='ltr'><strong>justus</strong></span> <span class='ocrx_word' id='word_1_336' title='bbox 518 2595 598 2661; x_wconf 83' lang='lat' dir='ltr'><strong>Deus,</strong></span> <span class='ocrx_word' id='word_1_337' title='bbox 614 2593 769 2664; x_wconf 87' lang='lat' dir='ltr'><strong>unicuique</strong></span> <span class='ocrx_word' id='word_1_338' title='bbox 783 2608 880 2648; x_wconf 89' lang='lat' dir='ltr'><strong>secun·</strong></span> <span class='ocrx_word' id='word_1_339' title='bbox 930 2596 1078 2651; x_wconf 89' lang='lat' dir='ltr'><strong>solentiam</strong></span> <span class='ocrx_word' id='word_1_340' title='bbox 1094 2596 1199 2652; x_wconf 90' lang='lat' dir='ltr'><strong>elatum</strong></span> <span class='ocrx_word' id='word_1_341' title='bbox 1214 2598 1247 2649; x_wconf 93' lang='lat' dir='ltr'><strong>ut</strong></span> <span class='ocrx_word' id='word_1_342' title='bbox 1259 2594 1345 2650; x_wconf 85' lang='lat' dir='ltr'><strong>deum</strong></span> <span class='ocrx_word' id='word_1_343' title='bbox 1364 2611 1393 2649; x_wconf 91' lang='lat' dir='ltr'><strong>se</strong></span> <span class='ocrx_word' id='word_1_344' title='bbox 1411 2609 1471 2649; x_wconf 90' lang='lat' dir='ltr'><strong>esse</strong></span> <span class='ocrx_word' id='word_1_345' title='bbox 1490 2594 1664 2663; x_wconf 87' lang='lat' dir='ltr'><strong>gloriaretur</strong></span> <span class='ocrx_word' id='word_1_346' title='bbox 1681 2599 1710 2647; x_wconf 89' lang='lat' dir='ltr'><strong>et</strong></span> <span class='ocrx_word' id='word_1_347' title='bbox 1730 2610 1748 2649; x_wconf 85' lang='lat' dir='ltr'><strong>a</strong></span> 
     </span>
     <span class='ocr_line' id='line_1_27' title="bbox 69 2686 1746 2762; baseline 0 -19"><span class='ocrx_word' id='word_1_348' title='bbox 69 2692 127 2744; x_wconf 92' lang='lat' dir='ltr'><strong>dum</strong></span> <span class='ocrx_word' id='word_1_349' title='bbox 150 2691 234 2762; x_wconf 83' lang='lat' dir='ltr'><strong>gesta</strong></span> <span class='ocrx_word' id='word_1_350' title='bbox 259 2704 310 2744; x_wconf 89' lang='lat' dir='ltr'><strong>sua</strong></span> <span class='ocrx_word' id='word_1_351' title='bbox 335 2687 510 2760; x_wconf 87' lang='lat' dir='ltr'><strong>quaudoque</strong></span> <span class='ocrx_word' id='word_1_352' title='bbox 534 2686 709 2743; x_wconf 88' lang='lat' dir='ltr'><strong>redditurus.</strong></span> <span class='ocrx_word' id='word_1_353' title='bbox 733 2686 878 2751; x_wconf 84' lang='lat' dir='ltr'><strong>Sacrrndo,</strong></span> <span class='ocrx_word' id='word_1_354' title='bbox 930 2690 1065 2746; x_wconf 83' lang='lat' dir='ltr'><strong>ltoanauis</strong></span> <span class='ocrx_word' id='word_1_355' title='bbox 1079 2689 1186 2745; x_wconf 83' lang='lat' dir='ltr'><strong>civibus</strong></span> <span class='ocrx_word' id='word_1_356' title='bbox 1199 2690 1310 2744; x_wconf 85' lang='lat' dir='ltr'><strong>horrore</strong></span> <span class='ocrx_word' id='word_1_357' title='bbox 1326 2688 1470 2743; x_wconf 88' lang='lat' dir='ltr'><strong>simulacri</strong></span> <span class='ocrx_word' id='word_1_358' title='bbox 1486 2687 1514 2742; x_wconf 92' lang='lat' dir='ltr'><strong>in</strong></span> <span class='ocrx_word' id='word_1_359' title='bbox 1532 2686 1652 2742; x_wconf 85' lang='lat' dir='ltr'><strong>flumine</strong></span> <span class='ocrx_word' id='word_1_360' title='bbox 1665 2686 1746 2743; x_wconf 84' lang='lat' dir='ltr'><strong>Tibe·</strong></span> 
     </span>
     <span class='ocr_line' id='line_1_28' title="bbox 66 2780 1747 2855; baseline -0.001 -17"><span class='ocrx_word' id='word_1_361' title='bbox 66 2784 159 2855; x_wconf 72' lang='lat' dir='ltr'><strong>aquila</strong></span> <span class='ocrx_word' id='word_1_362' title='bbox 172 2784 346 2855; x_wconf 80' lang='lat' dir='ltr'><strong>eloquenter</strong></span> <span class='ocrx_word' id='word_1_363' title='bbox 355 2782 489 2838; x_wconf 86' lang='lat' dir='ltr'><strong>disseruit</strong></span> <span class='ocrx_word' id='word_1_364' title='bbox 502 2782 578 2854; x_wconf 91' lang='lat' dir='ltr'><strong>quod</strong></span> <span class='ocrx_word' id='word_1_365' title='bbox 586 2781 682 2852; x_wconf 89' lang='lat' dir='ltr'><strong>justus</strong></span> <span class='ocrx_word' id='word_1_366' title='bbox 695 2781 770 2836; x_wconf 86' lang='lat' dir='ltr'><strong>lleus</strong></span> <span class='ocrx_word' id='word_1_367' title='bbox 783 2780 880 2836; x_wconf 91' lang='lat' dir='ltr'><strong>omnia</strong></span> <span class='ocrx_word' id='word_1_368' title='bbox 930 2784 969 2838; x_wconf 91' lang='lat' dir='ltr'><strong>ris</strong></span> <span class='ocrx_word' id='word_1_369' title='bbox 988 2784 1065 2839; x_wconf 91' lang='lat' dir='ltr'><strong>inter</strong></span> <span class='ocrx_word' id='word_1_370' title='bbox 1078 2783 1151 2839; x_wconf 90' lang='lat' dir='ltr'><strong>duos</strong></span> <span class='ocrx_word' id='word_1_371' title='bbox 1165 2786 1266 2855; x_wconf 91' lang='lat' dir='ltr'><strong>pontes</strong></span> <span class='ocrx_word' id='word_1_372' title='bbox 1282 2783 1411 2838; x_wconf 92' lang='lat' dir='ltr'><strong>collocati</strong></span> <span class='ocrx_word' id='word_1_373' title='bbox 1429 2785 1567 2854; x_wconf 87' lang='lat' dir='ltr'><strong>tauquam</strong></span> <span class='ocrx_word' id='word_1_374' title='bbox 1585 2782 1656 2837; x_wconf 86' lang='lat' dir='ltr'><strong>deus</strong></span> <span class='ocrx_word' id='word_1_375' title='bbox 1674 2780 1747 2852; x_wconf 93' lang='lat' dir='ltr'><strong>poti·</strong></span> 
     </span>
     <span class='ocr_line' id='line_1_29' title="bbox 63 2874 1748 2951; baseline -0.002 -18"><span class='ocrx_word' id='word_1_376' title='bbox 63 2882 128 2949; x_wconf 72' lang='lat' dir='ltr'><strong>jure</strong></span> <span class='ocrx_word' id='word_1_377' title='bbox 147 2878 287 2951; x_wconf 89' lang='lat' dir='ltr'><strong>disponit.</strong></span> <span class='ocrx_word' id='word_1_378' title='bbox 306 2877 413 2944; x_wconf 80' lang='lat' dir='ltr'><strong>Tertio,</strong></span> <span class='ocrx_word' id='word_1_379' title='bbox 427 2877 557 2933; x_wconf 82' lang='lat' dir='ltr'><strong>Clemens</strong></span> <span class='ocrx_word' id='word_1_380' title='bbox 577 2875 614 2930; x_wconf 91' lang='lat' dir='ltr'><strong>de</strong></span> <span class='ocrx_word' id='word_1_381' title='bbox 632 2875 744 2931; x_wconf 88' lang='lat' dir='ltr'><strong>ratione</strong></span> <span class='ocrx_word' id='word_1_382' title='bbox 766 2874 880 2946; x_wconf 80' lang='lat' dir='ltr'><strong>genesis</strong></span> <span class='ocrx_word' id='word_1_383' title='bbox 929 2882 1018 2933; x_wconf 89' lang='lat' dir='ltr'><strong>retur.</strong></span> <span class='ocrx_word' id='word_1_384' title='bbox 1036 2879 1115 2932; x_wconf 91' lang='lat' dir='ltr'><strong>llunc</strong></span> <span class='ocrx_word' id='word_1_385' title='bbox 1135 2878 1273 2933; x_wconf 89' lang='lat' dir='ltr'><strong>nimirum</strong></span> <span class='ocrx_word' id='word_1_386' title='bbox 1292 2877 1413 2932; x_wconf 86' lang='lat' dir='ltr'><strong>Satanas</strong></span> <span class='ocrx_word' id='word_1_387' title='bbox 1433 2880 1491 2931; x_wconf 84' lang='lat' dir='ltr'><strong>tarn</strong></span> <span class='ocrx_word' id='word_1_388' title='bbox 1511 2891 1646 2932; x_wconf 77' lang='lat' dir='ltr'><strong>ramnum</strong></span> <span class='ocrx_word' id='word_1_389' title='bbox 1664 2876 1748 2930; x_wconf 87' lang='lat' dir='ltr'><strong>totius</strong></span> 
     </span>
     <span class='ocr_line' id='line_1_30' title="bbox 65 2969 1746 3045; baseline -0.001 -18"><span class='ocrx_word' id='word_1_390' title='bbox 65 2972 282 3045; x_wconf 82' lang='lat' dir='ltr'><strong>disputationem</strong></span> <span class='ocrx_word' id='word_1_391' title='bbox 297 2972 375 3039; x_wconf 89' lang='lat' dir='ltr'><strong>fecit,</strong></span> <span class='ocrx_word' id='word_1_392' title='bbox 388 2974 485 3027; x_wconf 90' lang='lat' dir='ltr'><strong>utrum</strong></span> <span class='ocrx_word' id='word_1_393' title='bbox 501 2970 600 3027; x_wconf 87' lang='lat' dir='ltr'><strong>omnia</strong></span> <span class='ocrx_word' id='word_1_394' title='bbox 614 2985 650 3025; x_wconf 84' lang='lat' dir='ltr'><strong>ex</strong></span> <span class='ocrx_word' id='word_1_395' title='bbox 668 2985 702 3025; x_wconf 90' lang='lat' dir='ltr'><strong>ea</strong></span> <span class='ocrx_word' id='word_1_396' title='bbox 715 2969 827 3037; x_wconf 85' lang='lat' dir='ltr'><strong>tierent,</strong></span> <span class='ocrx_word' id='word_1_397' title='bbox 842 2984 879 3024; x_wconf 90' lang='lat' dir='ltr'><strong>an</strong></span> <span class='ocrx_word' id='word_1_398' title='bbox 928 2971 1114 3043; x_wconf 79' lang='lat' dir='ltr'><strong>malignitatis</strong></span> <span class='ocrx_word' id='word_1_399' title='bbox 1133 2972 1310 3028; x_wconf 89' lang='lat' dir='ltr'><strong>incentorem</strong></span> <span class='ocrx_word' id='word_1_400' title='bbox 1334 2971 1446 3043; x_wconf 89' lang='lat' dir='ltr'><strong>penitus</strong></span> <span class='ocrx_word' id='word_1_401' title='bbox 1467 2969 1594 3042; x_wconf 89' lang='lat' dir='ltr'><strong>possedit</strong></span> <span class='ocrx_word' id='word_1_402' title='bbox 1610 2972 1697 3041; x_wconf 90' lang='lat' dir='ltr'><strong>atquc</strong></span> <span class='ocrx_word' id='word_1_403' title='bbox 1711 2970 1746 3025; x_wconf 89' lang='lat' dir='ltr'><strong>ud</strong></span> 
     </span>
     <span class='ocr_line' id='line_1_31' title="bbox 65 3062 1746 3139; baseline 0 -20"><span class='ocrx_word' id='word_1_404' title='bbox 65 3070 130 3123; x_wconf 76' lang='lat' dir='ltr'><strong>esset</strong></span> <span class='ocrx_word' id='word_1_405' title='bbox 148 3065 263 3139; x_wconf 88' lang='lat' dir='ltr'><strong>aliquid</strong></span> <span class='ocrx_word' id='word_1_406' title='bbox 282 3066 314 3121; x_wconf 93' lang='lat' dir='ltr'><strong>iu</strong></span> <span class='ocrx_word' id='word_1_407' title='bbox 333 3064 416 3120; x_wconf 88' lang='lat' dir='ltr'><strong>nobis</strong></span> <span class='ocrx_word' id='word_1_408' title='bbox 429 3064 504 3136; x_wconf 89' lang='lat' dir='ltr'><strong>quod</strong></span> <span class='ocrx_word' id='word_1_409' title='bbox 526 3079 585 3120; x_wconf 91' lang='lat' dir='ltr'><strong>non</strong></span> <span class='ocrx_word' id='word_1_410' title='bbox 605 3063 729 3135; x_wconf 87' lang='lat' dir='ltr'><strong>genesis,</strong></span> <span class='ocrx_word' id='word_1_411' title='bbox 752 3062 801 3118; x_wconf 91' lang='lat' dir='ltr'><strong>sed</strong></span> <span class='ocrx_word' id='word_1_412' title='bbox 826 3063 878 3118; x_wconf 81' lang='lat' dir='ltr'><strong>lici</strong></span> <span class='ocrx_word' id='word_1_413' title='bbox 929 3065 1129 3121; x_wconf 91' lang='lat' dir='ltr'><strong>debellandum</strong></span> <span class='ocrx_word' id='word_1_414' title='bbox 1142 3066 1275 3121; x_wconf 78' lang='lat' dir='ltr'><strong>Ecclesiae</strong></span> <span class='ocrx_word' id='word_1_415' title='bbox 1290 3071 1397 3121; x_wconf 91' lang='lat' dir='ltr'><strong>rectam</strong></span> <span class='ocrx_word' id='word_1_416' title='bbox 1416 3064 1504 3119; x_wconf 90' lang='lat' dir='ltr'><strong>tidem</strong></span> <span class='ocrx_word' id='word_1_417' title='bbox 1519 3064 1628 3120; x_wconf 87' lang='lat' dir='ltr'><strong>nefaria</strong></span> <span class='ocrx_word' id='word_1_418' title='bbox 1644 3064 1746 3119; x_wconf 84' lang='lat' dir='ltr'><strong>haeresi</strong></span> 
     </span>
     <span class='ocr_line' id='line_1_32' title="bbox 60 3156 1746 3232; baseline -0.002 -16"><span class='ocrx_word' id='word_1_419' title='bbox 60 3162 196 3231; x_wconf 81' lang='lat' dir='ltr'><strong>judicium</strong></span> <span class='ocrx_word' id='word_1_420' title='bbox 213 3164 340 3232; x_wconf 78' lang='lat' dir='ltr'><strong>gereret.</strong></span> <span class='ocrx_word' id='word_1_421' title='bbox 351 3160 429 3214; x_wconf 88' lang='lat' dir='ltr'><strong>&#39;lunc</strong></span> <span class='ocrx_word' id='word_1_422' title='bbox 438 3157 572 3213; x_wconf 89' lang='lat' dir='ltr'><strong>instinctu</strong></span> <span class='ocrx_word' id='word_1_423' title='bbox 585 3158 647 3224; x_wconf 89' lang='lat' dir='ltr'><strong>Dei,</strong></span> <span class='ocrx_word' id='word_1_424' title='bbox 660 3157 721 3211; x_wconf 89' lang='lat' dir='ltr'><strong>siue</strong></span> <span class='ocrx_word' id='word_1_425' title='bbox 733 3172 791 3228; x_wconf 90' lang='lat' dir='ltr'><strong>quo</strong></span> <span class='ocrx_word' id='word_1_426' title='bbox 806 3156 877 3212; x_wconf 91' lang='lat' dir='ltr'><strong>nihil</strong></span> <span class='ocrx_word' id='word_1_427' title='bbox 928 3160 1056 3231; x_wconf 89' lang='lat' dir='ltr'><strong>primum</strong></span> <span class='ocrx_word' id='word_1_428' title='bbox 1076 3160 1206 3215; x_wconf 83' lang='lat' dir='ltr'><strong>arutarit.</strong></span> <span class='ocrx_word' id='word_1_429' title='bbox 1231 3162 1318 3215; x_wconf 77' lang='lat' dir='ltr'><strong>l’orro</strong></span> <span class='ocrx_word' id='word_1_430' title='bbox 1339 3162 1437 3215; x_wconf 90' lang='lat' dir='ltr'><strong>contre</strong></span> <span class='ocrx_word' id='word_1_431' title='bbox 1460 3158 1541 3213; x_wconf 94' lang='lat' dir='ltr'><strong>illum</strong></span> <span class='ocrx_word' id='word_1_432' title='bbox 1563 3158 1746 3229; x_wconf 81' lang='lat' dir='ltr'><strong>omnipotens</strong></span> 
     </span>
     <span class='ocr_line' id='line_1_33' title="bbox 62 3249 1745 3326; baseline -0.002 -16"><span class='ocrx_word' id='word_1_433' title='bbox 62 3260 107 3321; x_wconf 73' lang='lat' dir='ltr'><strong>eat,</strong></span> <span class='ocrx_word' id='word_1_434' title='bbox 121 3254 262 3310; x_wconf 85' lang='lat' dir='ltr'><strong>obstinati</strong></span> <span class='ocrx_word' id='word_1_435' title='bbox 282 3253 360 3308; x_wconf 87' lang='lat' dir='ltr'><strong>senis</strong></span> <span class='ocrx_word' id='word_1_436' title='bbox 372 3257 401 3307; x_wconf 89' lang='lat' dir='ltr'><strong>et</strong></span> <span class='ocrx_word' id='word_1_437' title='bbox 413 3250 545 3324; x_wconf 81' lang='lat' dir='ltr'><strong>conjugis</strong></span> <span class='ocrx_word' id='word_1_438' title='bbox 557 3266 589 3306; x_wconf 89' lang='lat' dir='ltr'><strong>ac</strong></span> <span class='ocrx_word' id='word_1_439' title='bbox 607 3250 732 3305; x_wconf 85' lang='lat' dir='ltr'><strong>filiorum</strong></span> <span class='ocrx_word' id='word_1_440' title='bbox 752 3249 878 3321; x_wconf 84' lang='lat' dir='ltr'><strong>recogni·</strong></span> <span class='ocrx_word' id='word_1_441' title='bbox 927 3255 1095 3309; x_wconf 86' lang='lat' dir='ltr'><strong>Emmanuel</strong></span> <span class='ocrx_word' id='word_1_442' title='bbox 1112 3253 1253 3326; x_wconf 89' lang='lat' dir='ltr'><strong>insignem</strong></span> <span class='ocrx_word' id='word_1_443' title='bbox 1269 3253 1380 3309; x_wconf 81' lang='lat' dir='ltr'><strong>militie</strong></span> <span class='ocrx_word' id='word_1_444' title='bbox 1394 3268 1454 3308; x_wconf 79' lang='lat' dir='ltr'><strong>suae</strong></span> <span class='ocrx_word' id='word_1_445' title='bbox 1472 3252 1643 3324; x_wconf 89' lang='lat' dir='ltr'><strong>magistrum</strong></span> <span class='ocrx_word' id='word_1_446' title='bbox 1657 3251 1745 3307; x_wconf 92' lang='lat' dir='ltr'><strong>comi·</strong></span> 
     </span>
     <span class='ocr_line' id='line_1_34' title="bbox 62 3345 1745 3421; baseline -0.002 -18"><span class='ocrx_word' id='word_1_447' title='bbox 62 3350 95 3405; x_wconf 91' lang='lat' dir='ltr'><strong>tio</strong></span> <span class='ocrx_word' id='word_1_448' title='bbox 107 3356 173 3421; x_wconf 91' lang='lat' dir='ltr'><strong>post</strong></span> <span class='ocrx_word' id='word_1_449' title='bbox 186 3364 224 3404; x_wconf 74' lang='grc' dir='ltr'><strong>ιι</strong></span> <span class='ocrx_word' id='word_1_450' title='bbox 240 3363 332 3402; x_wconf 88' lang='lat' dir='ltr'><strong>annos</strong></span> <span class='ocrx_word' id='word_1_451' title='bbox 345 3347 420 3401; x_wconf 88' lang='lat' dir='ltr'><strong>facta</strong></span> <span class='ocrx_word' id='word_1_452' title='bbox 432 3349 485 3401; x_wconf 91' lang='lat' dir='ltr'><strong>est.</strong></span> <span class='ocrx_word' id='word_1_453' title='bbox 928 3364 982 3402; x_wconf 92' lang='lat' dir='ltr'><strong>nus</strong></span> <span class='ocrx_word' id='word_1_454' title='bbox 1001 3347 1136 3403; x_wconf 91' lang='lat' dir='ltr'><strong>dimicare</strong></span> <span class='ocrx_word' id='word_1_455' title='bbox 1157 3348 1338 3420; x_wconf 75' lang='lat' dir='ltr'><strong>preparavit,</strong></span> <span class='ocrx_word' id='word_1_456' title='bbox 1362 3347 1511 3404; x_wconf 89' lang='lat' dir='ltr'><strong>Simonem</strong></span> <span class='ocrx_word' id='word_1_457' title='bbox 1532 3348 1650 3402; x_wconf 87' lang='lat' dir='ltr'><strong>Petrum</strong></span> <span class='ocrx_word' id='word_1_458' title='bbox 1672 3345 1745 3412; x_wconf 77' lang='lat' dir='ltr'><strong>dim,</strong></span> 
     </span>
     <span class='ocr_line' id='line_1_35' title="bbox 89 3439 1747 3513; baseline -0.003 -14"><span class='ocrx_word' id='word_1_459' title='bbox 89 3442 250 3499; x_wconf 72' lang='lat' dir='ltr'><strong>eumerius</strong></span> <span class='ocrx_word' id='word_1_460' title='bbox 268 3441 349 3497; x_wconf 89' lang='lat' dir='ltr'><strong>urhis</strong></span> <span class='ocrx_word' id='word_1_461' title='bbox 371 3442 486 3496; x_wconf 83' lang='lat' dir='ltr'><strong>Petrum</strong></span> <span class='ocrx_word' id='word_1_462' title='bbox 505 3455 571 3496; x_wconf 92' lang='lat' dir='ltr'><strong>cum</strong></span> <span class='ocrx_word' id='word_1_463' title='bbox 590 3440 648 3494; x_wconf 89' lang='lat' dir='ltr'><strong>suis</strong></span> <span class='ocrx_word' id='word_1_464' title='bbox 666 3440 789 3511; x_wconf 92' lang='lat' dir='ltr'><strong>hospitio</strong></span> <span class='ocrx_word' id='word_1_465' title='bbox 807 3439 875 3494; x_wconf 89' lang='lat' dir='ltr'><strong>reti·</strong></span> <span class='ocrx_word' id='word_1_466' title='bbox 926 3442 970 3497; x_wconf 90' lang='lat' dir='ltr'><strong>cui</strong></span> <span class='ocrx_word' id='word_1_467' title='bbox 992 3441 1121 3499; x_wconf 90' lang='lat' dir='ltr'><strong>Christus</strong></span> <span class='ocrx_word' id='word_1_468' title='bbox 1143 3444 1234 3498; x_wconf 84' lang='lat' dir='ltr'><strong>clavas</strong></span> <span class='ocrx_word' id='word_1_469' title='bbox 1255 3442 1336 3513; x_wconf 90' lang='lat' dir='ltr'><strong>regni</strong></span> <span class='ocrx_word' id='word_1_470' title='bbox 1354 3441 1474 3497; x_wconf 74' lang='lat' dir='ltr'><strong>coelestis</strong></span> <span class='ocrx_word' id='word_1_471' title='bbox 1490 3440 1617 3507; x_wconf 88' lang='lat' dir='ltr'><strong>tradidit,</strong></span> <span class='ocrx_word' id='word_1_472' title='bbox 1638 3444 1667 3495; x_wconf 90' lang='lat' dir='ltr'><strong>et</strong></span> <span class='ocrx_word' id='word_1_473' title='bbox 1679 3456 1747 3511; x_wconf 89' lang='lat' dir='ltr'><strong>apo-</strong></span> 
     </span>
     <span class='ocr_line' id='line_1_36' title="bbox 62 3533 1745 3608; baseline -0.003 -15"><span class='ocrx_word' id='word_1_474' title='bbox 62 3554 118 3593; x_wconf 85' lang='lat' dir='ltr'><strong>aare</strong></span> <span class='ocrx_word' id='word_1_475' title='bbox 135 3552 258 3593; x_wconf 89' lang='lat' dir='ltr'><strong>summe</strong></span> <span class='ocrx_word' id='word_1_476' title='bbox 276 3535 305 3590; x_wconf 86' lang='lat' dir='ltr'><strong>ri</strong></span> <span class='ocrx_word' id='word_1_477' title='bbox 321 3539 439 3591; x_wconf 89' lang='lat' dir='ltr'><strong>conatus</strong></span> <span class='ocrx_word' id='word_1_478' title='bbox 458 3538 511 3602; x_wconf 86' lang='lat' dir='ltr'><strong>est,</strong></span> <span class='ocrx_word' id='word_1_479' title='bbox 529 3538 559 3589; x_wconf 91' lang='lat' dir='ltr'><strong>et</strong></span> <span class='ocrx_word' id='word_1_480' title='bbox 576 3534 636 3588; x_wconf 85' lang='lat' dir='ltr'><strong>fllia</strong></span> <span class='ocrx_word' id='word_1_481' title='bbox 656 3533 729 3604; x_wconf 89' lang='lat' dir='ltr'><strong>ejus,</strong></span> <span class='ocrx_word' id='word_1_482' title='bbox 752 3550 817 3605; x_wconf 84' lang='lat' dir='ltr'><strong>qum</strong></span> <span class='ocrx_word' id='word_1_483' title='bbox 839 3548 875 3587; x_wconf 84' lang='lat' dir='ltr'><strong>xx</strong></span> <span class='ocrx_word' id='word_1_484' title='bbox 926 3537 1065 3592; x_wconf 91' lang='lat' dir='ltr'><strong>stolorum</strong></span> <span class='ocrx_word' id='word_1_485' title='bbox 1079 3536 1249 3608; x_wconf 89' lang='lat' dir='ltr'><strong>principem,</strong></span> <span class='ocrx_word' id='word_1_486' title='bbox 1264 3536 1453 3608; x_wconf 79' lang='lat' dir='ltr'><strong>Ecclesiaeque</strong></span> <span class='ocrx_word' id='word_1_487' title='bbox 1465 3534 1590 3607; x_wconf 91' lang='lat' dir='ltr'><strong>probum</strong></span> <span class='ocrx_word' id='word_1_488' title='bbox 1603 3537 1745 3589; x_wconf 89' lang='lat' dir='ltr'><strong>rectorem</strong></span> 
     </span>
     <span class='ocr_line' id='line_1_37' title="bbox 61 3627 1745 3701; baseline -0.002 -15"><span class='ocrx_word' id='word_1_489' title='bbox 61 3634 163 3688; x_wconf 88' lang='lat' dir='ltr'><strong>annisa</strong></span> <span class='ocrx_word' id='word_1_490' title='bbox 175 3630 315 3687; x_wconf 75' lang='lat' dir='ltr'><strong>demone</strong></span> <span class='ocrx_word' id='word_1_491' title='bbox 329 3628 486 3684; x_wconf 85' lang='lat' dir='ltr'><strong>crudeliter</strong></span> <span class='ocrx_word' id='word_1_492' title='bbox 498 3628 612 3683; x_wconf 87' lang='lat' dir='ltr'><strong>obsessa</strong></span> <span class='ocrx_word' id='word_1_493' title='bbox 627 3627 732 3694; x_wconf 88' lang='lat' dir='ltr'><strong>fuerat,</strong></span> <span class='ocrx_word' id='word_1_494' title='bbox 753 3627 876 3683; x_wconf 88' lang='lat' dir='ltr'><strong>resoluta</strong></span> <span class='ocrx_word' id='word_1_495' title='bbox 925 3631 1080 3686; x_wconf 89' lang='lat' dir='ltr'><strong>coustituit.</strong></span> <span class='ocrx_word' id='word_1_496' title='bbox 1104 3630 1154 3685; x_wconf 93' lang='lat' dir='ltr'><strong>llic</strong></span> <span class='ocrx_word' id='word_1_497' title='bbox 1175 3631 1273 3701; x_wconf 91' lang='lat' dir='ltr'><strong>itaque</strong></span> <span class='ocrx_word' id='word_1_498' title='bbox 1291 3631 1414 3686; x_wconf 82' lang='lat' dir='ltr'><strong>Romam</strong></span> <span class='ocrx_word' id='word_1_499' title='bbox 1439 3629 1571 3696; x_wconf 88' lang='lat' dir='ltr'><strong>veniens,</strong></span> <span class='ocrx_word' id='word_1_500' title='bbox 1593 3627 1745 3699; x_wconf 84' lang='lat' dir='ltr'><strong>splendore</strong></span> 
     </span>
     <span class='ocr_line' id='line_1_38' title="bbox 61 3721 1743 3794; baseline -0.001 -15"><span class='ocrx_word' id='word_1_501' title='bbox 61 3730 193 3781; x_wconf 85' lang='lat' dir='ltr'><strong>etcarata</strong></span> <span class='ocrx_word' id='word_1_502' title='bbox 208 3728 263 3779; x_wconf 88' lang='lat' dir='ltr'><strong>est.</strong></span> <span class='ocrx_word' id='word_1_503' title='bbox 925 3724 1050 3779; x_wconf 87' lang='lat' dir='ltr'><strong>veritatis</strong></span> <span class='ocrx_word' id='word_1_504' title='bbox 1078 3726 1107 3779; x_wconf 90' lang='lat' dir='ltr'><strong>et</strong></span> <span class='ocrx_word' id='word_1_505' title='bbox 1130 3722 1251 3794; x_wconf 85' lang='lat' dir='ltr'><strong>justitie</strong></span> <span class='ocrx_word' id='word_1_506' title='bbox 1277 3722 1409 3778; x_wconf 88' lang='lat' dir='ltr'><strong>tenebras</strong></span> <span class='ocrx_word' id='word_1_507' title='bbox 1436 3723 1566 3778; x_wconf 81' lang='lat' dir='ltr'><strong>falsitatis</strong></span> <span class='ocrx_word' id='word_1_508' title='bbox 1595 3721 1743 3789; x_wconf 89' lang='lat' dir='ltr'><strong>discussit,</strong></span> 
     </span>
     <span class='ocr_line' id='line_1_39' title="bbox 88 3815 1744 3890; baseline -0.002 -15"><span class='ocrx_word' id='word_1_509' title='bbox 88 3822 130 3875; x_wconf 91' lang='lat' dir='ltr'><strong>llis</strong></span> <span class='ocrx_word' id='word_1_510' title='bbox 142 3818 260 3888; x_wconf 91' lang='lat' dir='ltr'><strong>diebus,</strong></span> <span class='ocrx_word' id='word_1_511' title='bbox 277 3832 345 3873; x_wconf 89' lang='lat' dir='ltr'><strong>cum</strong></span> <span class='ocrx_word' id='word_1_512' title='bbox 359 3816 556 3872; x_wconf 80' lang='lat' dir='ltr'><strong>Faustinianus</strong></span> <span class='ocrx_word' id='word_1_513' title='bbox 576 3815 757 3871; x_wconf 76' lang='lat' dir='ltr'><strong>anubionem</strong></span> <span class='ocrx_word' id='word_1_514' title='bbox 773 3820 801 3871; x_wconf 87' lang='lat' dir='ltr'><strong>et</strong></span> <span class='ocrx_word' id='word_1_515' title='bbox 816 3818 875 3886; x_wconf 78' lang='lat' dir='ltr'><strong>Ap·</strong></span> <span class='ocrx_word' id='word_1_516' title='bbox 925 3819 1023 3890; x_wconf 86' lang='lat' dir='ltr'><strong>ibique</strong></span> <span class='ocrx_word' id='word_1_517' title='bbox 1044 3818 1149 3890; x_wconf 89' lang='lat' dir='ltr'><strong>dignus</strong></span> <span class='ocrx_word' id='word_1_518' title='bbox 1162 3832 1263 3874; x_wconf 89' lang='lat' dir='ltr'><strong>censor</strong></span> <span class='ocrx_word' id='word_1_519' title='bbox 1281 3817 1358 3888; x_wconf 88' lang='lat' dir='ltr'><strong>justa</strong></span> <span class='ocrx_word' id='word_1_520' title='bbox 1377 3816 1512 3889; x_wconf 87' lang='lat' dir='ltr'><strong>judicans</strong></span> <span class='ocrx_word' id='word_1_521' title='bbox 1530 3833 1585 3872; x_wconf 81' lang='lat' dir='ltr'><strong>xxv</strong></span> <span class='ocrx_word' id='word_1_522' title='bbox 1607 3831 1708 3884; x_wconf 87' lang='lat' dir='ltr'><strong>annos,</strong></span> <span class='ocrx_word' id='word_1_523' title='bbox 1724 3832 1744 3871; x_wconf 92' lang='grc' dir='ltr'><strong>ιι</strong></span> 
     </span>
     <span class='ocr_line' id='line_1_40' title="bbox 58 3909 1280 3986; baseline -0.002 -17"><span class='ocrx_word' id='word_1_524' title='bbox 58 3915 162 3986; x_wconf 86' lang='lat' dir='ltr'><strong>pionem</strong></span> <span class='ocrx_word' id='word_1_525' title='bbox 178 3912 291 3969; x_wconf 85' lang='lat' dir='ltr'><strong>amicos</strong></span> <span class='ocrx_word' id='word_1_526' title='bbox 304 3926 381 3978; x_wconf 89' lang='lat' dir='ltr'><strong>suos,</strong></span> <span class='ocrx_word' id='word_1_527' title='bbox 401 3911 449 3983; x_wconf 93' lang='lat' dir='ltr'><strong>qui</strong></span> <span class='ocrx_word' id='word_1_528' title='bbox 469 3926 535 3966; x_wconf 90' lang='lat' dir='ltr'><strong>cum</strong></span> <span class='ocrx_word' id='word_1_529' title='bbox 554 3909 671 3966; x_wconf 90' lang='lat' dir='ltr'><strong>Simone</strong></span> <span class='ocrx_word' id='word_1_530' title='bbox 690 3909 874 3983; x_wconf 90' lang='lat' dir='ltr'><strong>hospitaban·</strong></span> <span class='ocrx_word' id='word_1_531' title='bbox 926 3929 1046 3979; x_wconf 89' lang='lat' dir='ltr'><strong>menses,</strong></span> <span class='ocrx_word' id='word_1_532' title='bbox 1063 3913 1124 3969; x_wconf 91' lang='lat' dir='ltr'><strong>dies</strong></span> <span class='ocrx_word' id='word_1_533' title='bbox 1139 3928 1179 3981; x_wconf 88' lang='grc' dir='ltr'><strong>ιιι,</strong></span> <span class='ocrx_word' id='word_1_534' title='bbox 1197 3912 1280 3969; x_wconf 87' lang='lat' dir='ltr'><strong>sedit.</strong></span> 
     </span>
     <span class='ocr_line' id='line_1_41' title="bbox 58 4004 1744 4080; baseline 0 -19"><span class='ocrx_word' id='word_1_535' title='bbox 58 4020 103 4071; x_wconf 84' lang='lat' dir='ltr'><strong>tur,</strong></span> <span class='ocrx_word' id='word_1_536' title='bbox 124 4008 237 4065; x_wconf 87' lang='lat' dir='ltr'><strong>adisset</strong></span> <span class='ocrx_word' id='word_1_537' title='bbox 261 4012 291 4063; x_wconf 90' lang='lat' dir='ltr'><strong>et</strong></span> <span class='ocrx_word' id='word_1_538' title='bbox 313 4022 380 4061; x_wconf 90' lang='lat' dir='ltr'><strong>cum</strong></span> <span class='ocrx_word' id='word_1_539' title='bbox 402 4006 443 4061; x_wconf 91' lang='lat' dir='ltr'><strong>eis</strong></span> <span class='ocrx_word' id='word_1_540' title='bbox 467 4009 617 4074; x_wconf 76' lang='lat' dir='ltr'><strong>cenasset,</strong></span> <span class='ocrx_word' id='word_1_541' title='bbox 639 4004 734 4059; x_wconf 83' lang='lat' dir='ltr'><strong>vultus</strong></span> <span class='ocrx_word' id='word_1_542' title='bbox 757 4005 819 4076; x_wconf 86' lang='lat' dir='ltr'><strong>ejus</strong></span> <span class='ocrx_word' id='word_1_543' title='bbox 846 4004 875 4059; x_wconf 90' lang='lat' dir='ltr'><strong>in</strong></span> <span class='ocrx_word' id='word_1_544' title='bbox 960 4010 1087 4080; x_wconf 88' lang='lat' dir='ltr'><strong>Cumque</strong></span> <span class='ocrx_word' id='word_1_545' title='bbox 1108 4008 1218 4064; x_wconf 89' lang='lat' dir='ltr'><strong>clarum</strong></span> <span class='ocrx_word' id='word_1_546' title='bbox 1237 4007 1317 4063; x_wconf 80' lang='lat' dir='ltr'><strong>verbi</strong></span> <span class='ocrx_word' id='word_1_547' title='bbox 1337 4006 1385 4063; x_wconf 81' lang='lat' dir='ltr'><strong>llci</strong></span> <span class='ocrx_word' id='word_1_548' title='bbox 1408 4007 1505 4062; x_wconf 92' lang='lat' dir='ltr'><strong>lumen</strong></span> <span class='ocrx_word' id='word_1_549' title='bbox 1524 4006 1661 4062; x_wconf 84' lang='lat' dir='ltr'><strong>ltonranae</strong></span> <span class='ocrx_word' id='word_1_550' title='bbox 1679 4005 1744 4062; x_wconf 91' lang='lat' dir='ltr'><strong>urbi</strong></span> 
     </span>
     <span class='ocr_line' id='line_1_42' title="bbox 57 4099 1743 4175; baseline -0.001 -18"><span class='ocrx_word' id='word_1_551' title='bbox 57 4105 175 4175; x_wconf 81' lang='lat' dir='ltr'><strong>efigiem</strong></span> <span class='ocrx_word' id='word_1_552' title='bbox 187 4100 318 4159; x_wconf 88' lang='lat' dir='ltr'><strong>Simonis</strong></span> <span class='ocrx_word' id='word_1_553' title='bbox 332 4103 394 4155; x_wconf 84' lang='lat' dir='ltr'><strong>arte</strong></span> <span class='ocrx_word' id='word_1_554' title='bbox 411 4100 521 4170; x_wconf 90' lang='lat' dir='ltr'><strong>magica</strong></span> <span class='ocrx_word' id='word_1_555' title='bbox 535 4099 758 4154; x_wconf 82' lang='lat' dir='ltr'><strong>transformatus</strong></span> <span class='ocrx_word' id='word_1_556' title='bbox 770 4102 829 4165; x_wconf 80' lang='lat' dir='ltr'><strong>est3</strong></span> <span class='ocrx_word' id='word_1_557' title='bbox 846 4101 876 4153; x_wconf 89' lang='lat' dir='ltr'><strong>et</strong></span> <span class='ocrx_word' id='word_1_558' title='bbox 925 4101 1057 4171; x_wconf 79' lang='lat' dir='ltr'><strong>fulsisset,</strong></span> <span class='ocrx_word' id='word_1_559' title='bbox 1078 4106 1107 4159; x_wconf 90' lang='lat' dir='ltr'><strong>et</strong></span> <span class='ocrx_word' id='word_1_560' title='bbox 1122 4118 1218 4157; x_wconf 91' lang='lat' dir='ltr'><strong>sermo</strong></span> <span class='ocrx_word' id='word_1_561' title='bbox 1237 4102 1373 4173; x_wconf 86' lang='lat' dir='ltr'><strong>veritatis,</strong></span> <span class='ocrx_word' id='word_1_562' title='bbox 1394 4101 1444 4175; x_wconf 88' lang='lat' dir='ltr'><strong>qui</strong></span> <span class='ocrx_word' id='word_1_563' title='bbox 1464 4116 1515 4172; x_wconf 89' lang='lat' dir='ltr'><strong>per</strong></span> <span class='ocrx_word' id='word_1_564' title='bbox 1532 4102 1648 4157; x_wconf 88' lang='lat' dir='ltr'><strong>Petrum</strong></span> <span class='ocrx_word' id='word_1_565' title='bbox 1668 4116 1743 4174; x_wconf 84' lang='lat' dir='ltr'><strong>prm-</strong></span> 
     </span>
     <span class='ocr_line' id='line_1_43' title="bbox 58 4192 1742 4265; baseline -0.001 -14"><span class='ocrx_word' id='word_1_566' title='bbox 58 4199 113 4253; x_wconf 88' lang='lat' dir='ltr'><strong>iudc</strong></span> <span class='ocrx_word' id='word_1_567' title='bbox 136 4196 280 4253; x_wconf 90' lang='lat' dir='ltr'><strong>omnibus</strong></span> <span class='ocrx_word' id='word_1_568' title='bbox 301 4194 400 4249; x_wconf 87' lang='lat' dir='ltr'><strong>amicis</strong></span> <span class='ocrx_word' id='word_1_569' title='bbox 422 4194 493 4265; x_wconf 86' lang='lat' dir='ltr'><strong>ejus,</strong></span> <span class='ocrx_word' id='word_1_570' title='bbox 518 4208 555 4247; x_wconf 91' lang='lat' dir='ltr'><strong>ne</strong></span> <span class='ocrx_word' id='word_1_571' title='bbox 573 4193 656 4263; x_wconf 88' lang='lat' dir='ltr'><strong>jussu</strong></span> <span class='ocrx_word' id='word_1_572' title='bbox 679 4192 798 4248; x_wconf 77' lang='lat' dir='ltr'><strong>Caesaris</strong></span> <span class='ocrx_word' id='word_1_573' title='bbox 821 4208 874 4265; x_wconf 92' lang='lat' dir='ltr'><strong>pro</strong></span> <span class='ocrx_word' id='word_1_574' title='bbox 925 4195 1081 4263; x_wconf 89' lang='lat' dir='ltr'><strong>dicabatur,</strong></span> <span class='ocrx_word' id='word_1_575' title='bbox 1095 4197 1228 4253; x_wconf 90' lang='lat' dir='ltr'><strong>omnium</strong></span> <span class='ocrx_word' id='word_1_576' title='bbox 1247 4202 1358 4252; x_wconf 80' lang='lat' dir='ltr'><strong>mentes</strong></span> <span class='ocrx_word' id='word_1_577' title='bbox 1378 4197 1542 4252; x_wconf 91' lang='lat' dir='ltr'><strong>auditorum</strong></span> <span class='ocrx_word' id='word_1_578' title='bbox 1562 4195 1742 4264; x_wconf 89' lang='lat' dir='ltr'><strong>illustrasset,</strong></span> 
     </span>
     <span class='ocr_line' id='line_1_44' title="bbox 58 4286 1742 4363; baseline -0.001 -18"><span class='ocrx_word' id='word_1_579' title='bbox 58 4308 131 4363; x_wconf 86' lang='lat' dir='ltr'><strong>mago</strong></span> <span class='ocrx_word' id='word_1_580' title='bbox 145 4288 382 4363; x_wconf 86' lang='lat' dir='ltr'><strong>comprehensus</strong></span> <span class='ocrx_word' id='word_1_581' title='bbox 397 4287 559 4359; x_wconf 88' lang='lat' dir='ltr'><strong>puniretur,</strong></span> <span class='ocrx_word' id='word_1_582' title='bbox 575 4286 662 4341; x_wconf 87' lang='lat' dir='ltr'><strong>timor</strong></span> <span class='ocrx_word' id='word_1_583' title='bbox 676 4286 780 4357; x_wconf 89' lang='lat' dir='ltr'><strong>ingens</strong></span> <span class='ocrx_word' id='word_1_584' title='bbox 794 4291 874 4341; x_wconf 87' lang='lat' dir='ltr'><strong>ortus</strong></span> <span class='ocrx_word' id='word_1_585' title='bbox 925 4291 1021 4362; x_wconf 89' lang='lat' dir='ltr'><strong>eisque</strong></span> <span class='ocrx_word' id='word_1_586' title='bbox 1040 4290 1069 4344; x_wconf 94' lang='lat' dir='ltr'><strong>in</strong></span> <span class='ocrx_word' id='word_1_587' title='bbox 1091 4296 1203 4345; x_wconf 77' lang='lat' dir='ltr'><strong>tantam</strong></span> <span class='ocrx_word' id='word_1_588' title='bbox 1225 4290 1377 4363; x_wconf 91' lang='lat' dir='ltr'><strong>placuisset</strong></span> <span class='ocrx_word' id='word_1_589' title='bbox 1397 4293 1430 4345; x_wconf 89' lang='lat' dir='ltr'><strong>ut</strong></span> <span class='ocrx_word' id='word_1_590' title='bbox 1450 4288 1577 4362; x_wconf 89' lang='lat' dir='ltr'><strong>quotidie</strong></span> <span class='ocrx_word' id='word_1_591' title='bbox 1599 4288 1742 4345; x_wconf 89' lang='lat' dir='ltr'><strong>audienti·</strong></span> 
     </span>
     <span class='ocr_line' id='line_1_45' title="bbox 58 4380 1743 4456; baseline -0.003 -14"><span class='ocrx_word' id='word_1_592' title='bbox 58 4394 97 4441; x_wconf 74' lang='lat' dir='ltr'><strong>cst.</strong></span> <span class='ocrx_word' id='word_1_593' title='bbox 111 4384 229 4442; x_wconf 80' lang='lat' dir='ltr'><strong>Deinde</strong></span> <span class='ocrx_word' id='word_1_594' title='bbox 243 4385 344 4439; x_wconf 87' lang='lat' dir='ltr'><strong>Petrus</strong></span> <span class='ocrx_word' id='word_1_595' title='bbox 358 4381 535 4438; x_wconf 73' lang='lat' dir='ltr'><strong>Antiochiam</strong></span> <span class='ocrx_word' id='word_1_596' title='bbox 550 4380 638 4445; x_wconf 83' lang='lat' dir='ltr'><strong>venit,</strong></span> <span class='ocrx_word' id='word_1_597' title='bbox 651 4380 787 4452; x_wconf 89' lang='lat' dir='ltr'><strong>apopulo</strong></span> <span class='ocrx_word' id='word_1_598' title='bbox 807 4396 874 4436; x_wconf 91' lang='lat' dir='ltr'><strong>cum</strong></span> <span class='ocrx_word' id='word_1_599' title='bbox 924 4384 977 4439; x_wconf 93' lang='lat' dir='ltr'><strong>bus</strong></span> <span class='ocrx_word' id='word_1_600' title='bbox 1005 4383 1115 4439; x_wconf 88' lang='lat' dir='ltr'><strong>auditio</strong></span> <span class='ocrx_word' id='word_1_601' title='bbox 1141 4385 1200 4439; x_wconf 90' lang='lat' dir='ltr'><strong>sola</strong></span> <span class='ocrx_word' id='word_1_602' title='bbox 1225 4400 1283 4439; x_wconf 88' lang='lat' dir='ltr'><strong>uon</strong></span> <span class='ocrx_word' id='word_1_603' title='bbox 1310 4384 1461 4440; x_wconf 88' lang='lat' dir='ltr'><strong>sufficeret.</strong></span> <span class='ocrx_word' id='word_1_604' title='bbox 1489 4385 1597 4439; x_wconf 87' lang='lat' dir='ltr'><strong>llarcus</strong></span> <span class='ocrx_word' id='word_1_605' title='bbox 1622 4382 1743 4456; x_wconf 89' lang='lat' dir='ltr'><strong>apostoli</strong></span> 
     </span>
     <span class='ocr_line' id='line_1_46' title="bbox 58 4474 1742 4551; baseline -0.004 -15"><span class='ocrx_word' id='word_1_606' title='bbox 58 4481 156 4551; x_wconf 78' lang='lat' dir='ltr'><strong>ingemi</strong></span> <span class='ocrx_word' id='word_1_607' title='bbox 181 4478 294 4549; x_wconf 86' lang='lat' dir='ltr'><strong>gaudio</strong></span> <span class='ocrx_word' id='word_1_608' title='bbox 316 4478 465 4548; x_wconf 84' lang='lat' dir='ltr'><strong>srrsceptus</strong></span> <span class='ocrx_word' id='word_1_609' title='bbox 483 4474 602 4532; x_wconf 85' lang='lat' dir='ltr'><strong>verbum</strong></span> <span class='ocrx_word' id='word_1_610' title='bbox 625 4474 675 4529; x_wconf 86' lang='lat' dir='ltr'><strong>llei</strong></span> <span class='ocrx_word' id='word_1_611' title='bbox 699 4474 1092 4550; x_wconf 81' lang='lat' dir='ltr'><strong>praedicavit,1)discipulus,</strong></span> <span class='ocrx_word' id='word_1_612' title='bbox 1109 4478 1270 4533; x_wconf 89' lang='lat' dir='ltr'><strong>innumeris</strong></span> <span class='ocrx_word' id='word_1_613' title='bbox 1282 4484 1310 4534; x_wconf 91' lang='lat' dir='ltr'><strong>et</strong></span> <span class='ocrx_word' id='word_1_614' title='bbox 1321 4477 1496 4551; x_wconf 90' lang='lat' dir='ltr'><strong>quotidianis</strong></span> <span class='ocrx_word' id='word_1_615' title='bbox 1515 4476 1648 4550; x_wconf 90' lang='lat' dir='ltr'><strong>precibus</strong></span> <span class='ocrx_word' id='word_1_616' title='bbox 1660 4492 1742 4531; x_wconf 91' lang='lat' dir='ltr'><strong>coac·</strong></span> 
     </span>
     <span class='ocr_line' id='line_1_47' title="bbox 57 4568 1743 4646; baseline -0.002 -20"><span class='ocrx_word' id='word_1_617' title='bbox 57 4575 156 4631; x_wconf 81' lang='lat' dir='ltr'><strong>oblatos</strong></span> <span class='ocrx_word' id='word_1_618' title='bbox 175 4572 233 4629; x_wconf 88' lang='lat' dir='ltr'><strong>sibi</strong></span> <span class='ocrx_word' id='word_1_619' title='bbox 255 4569 408 4643; x_wconf 88' lang='lat' dir='ltr'><strong>languidos</strong></span> <span class='ocrx_word' id='word_1_620' title='bbox 429 4570 551 4638; x_wconf 85' lang='lat' dir='ltr'><strong>curavit,</strong></span> <span class='ocrx_word' id='word_1_621' title='bbox 573 4568 745 4641; x_wconf 89' lang='lat' dir='ltr'><strong>paralyticos</strong></span> <span class='ocrx_word' id='word_1_622' title='bbox 765 4568 872 4624; x_wconf 85' lang='lat' dir='ltr'><strong>daemo·</strong></span> <span class='ocrx_word' id='word_1_623' title='bbox 925 4578 980 4639; x_wconf 93' lang='lat' dir='ltr'><strong>tus,</strong></span> <span class='ocrx_word' id='word_1_624' title='bbox 997 4572 1182 4644; x_wconf 83' lang='lat' dir='ltr'><strong>Evangelium</strong></span> <span class='ocrx_word' id='word_1_625' title='bbox 1202 4572 1325 4646; x_wconf 87' lang='lat' dir='ltr'><strong>scripsit,</strong></span> <span class='ocrx_word' id='word_1_626' title='bbox 1340 4578 1369 4629; x_wconf 92' lang='lat' dir='ltr'><strong>et</strong></span> <span class='ocrx_word' id='word_1_627' title='bbox 1384 4588 1448 4645; x_wconf 76' lang='lat' dir='ltr'><strong>quae</strong></span> <span class='ocrx_word' id='word_1_628' title='bbox 1470 4571 1518 4626; x_wconf 89' lang='lat' dir='ltr'><strong>ille</strong></span> <span class='ocrx_word' id='word_1_629' title='bbox 1538 4569 1624 4625; x_wconf 83' lang='lat' dir='ltr'><strong>verbo</strong></span> <span class='ocrx_word' id='word_1_630' title='bbox 1638 4569 1743 4642; x_wconf 79' lang='lat' dir='ltr'><strong>praedi-</strong></span> 
     </span>
     <span class='ocr_line' id='line_1_48' title="bbox 57 4662 1742 4741; baseline -0.004 -18"><span class='ocrx_word' id='word_1_631' title='bbox 57 4670 159 4741; x_wconf 84' lang='lat' dir='ltr'><strong>uiisque</strong></span> <span class='ocrx_word' id='word_1_632' title='bbox 183 4666 322 4737; x_wconf 87' lang='lat' dir='ltr'><strong>fatigatos</strong></span> <span class='ocrx_word' id='word_1_633' title='bbox 340 4669 369 4721; x_wconf 91' lang='lat' dir='ltr'><strong>et</strong></span> <span class='ocrx_word' id='word_1_634' title='bbox 385 4665 497 4721; x_wconf 81' lang='lat' dir='ltr'><strong>diversa</strong></span> <span class='ocrx_word' id='word_1_635' title='bbox 516 4663 645 4736; x_wconf 88' lang='lat' dir='ltr'><strong>pericula</strong></span> <span class='ocrx_word' id='word_1_636' title='bbox 666 4662 809 4735; x_wconf 89' lang='lat' dir='ltr'><strong>patientes</strong></span> <span class='ocrx_word' id='word_1_637' title='bbox 827 4678 873 4717; x_wconf 90' lang='lat' dir='ltr'><strong>sa·</strong></span> <span class='ocrx_word' id='word_1_638' title='bbox 924 4667 1008 4722; x_wconf 82' lang='lat' dir='ltr'><strong>cebet</strong></span> <span class='ocrx_word' id='word_1_639' title='bbox 1022 4666 1187 4739; x_wconf 89' lang='lat' dir='ltr'><strong>bicscripto</strong></span> <span class='ocrx_word' id='word_1_640' title='bbox 1200 4667 1356 4738; x_wconf 89' lang='lat' dir='ltr'><strong>congessit,</strong></span> <span class='ocrx_word' id='word_1_641' title='bbox 1371 4666 1449 4722; x_wconf 88' lang='lat' dir='ltr'><strong>acad</strong></span> <span class='ocrx_word' id='word_1_642' title='bbox 1465 4668 1634 4737; x_wconf 89' lang='lat' dir='ltr'><strong>perpetuam</strong></span> <span class='ocrx_word' id='word_1_643' title='bbox 1648 4663 1742 4735; x_wconf 86' lang='lat' dir='ltr'><strong>legen·</strong></span> 
     </span>
    </p>
   </div>
   <div class='ocr_carea' id='block_1_3' title="bbox 56 4756 874 5211">
    <p class='ocr_par' dir='ltr' id='par_1_3' title="bbox 56 4756 874 5211">
     <span class='ocr_line' id='line_1_49' title="bbox 57 4756 872 4833; baseline -0.006 -17"><span class='ocrx_word' id='word_1_644' title='bbox 57 4765 132 4819; x_wconf 81' lang='lat' dir='ltr'><strong>uerit.</strong></span> <span class='ocrx_word' id='word_1_645' title='bbox 150 4761 271 4818; x_wconf 87' lang='lat' dir='ltr'><strong>lnllnita</strong></span> <span class='ocrx_word' id='word_1_646' title='bbox 285 4759 392 4833; x_wconf 92' lang='lat' dir='ltr'><strong>quippe</strong></span> <span class='ocrx_word' id='word_1_647' title='bbox 405 4757 560 4814; x_wconf 91' lang='lat' dir='ltr'><strong>multitudo</strong></span> <span class='ocrx_word' id='word_1_648' title='bbox 578 4756 779 4828; x_wconf 86' lang='lat' dir='ltr'><strong>languentium</strong></span> <span class='ocrx_word' id='word_1_649' title='bbox 800 4763 872 4812; x_wconf 89' lang='lat' dir='ltr'><strong>orat.</strong></span> 
     </span>
     <span class='ocr_line' id='line_1_50' title="bbox 56 4851 873 4929; baseline -0.007 -18"><span class='ocrx_word' id='word_1_650' title='bbox 56 4857 135 4929; x_wconf 81' lang='lat' dir='ltr'><strong>Super</strong></span> <span class='ocrx_word' id='word_1_651' title='bbox 147 4871 257 4912; x_wconf 91' lang='lat' dir='ltr'><strong>omnes</strong></span> <span class='ocrx_word' id='word_1_652' title='bbox 277 4855 305 4909; x_wconf 91' lang='lat' dir='ltr'><strong>iu</strong></span> <span class='ocrx_word' id='word_1_653' title='bbox 324 4858 480 4925; x_wconf 90' lang='lat' dir='ltr'><strong>conspectu</strong></span> <span class='ocrx_word' id='word_1_654' title='bbox 492 4852 591 4925; x_wconf 91' lang='lat' dir='ltr'><strong>populi</strong></span> <span class='ocrx_word' id='word_1_655' title='bbox 607 4853 708 4907; x_wconf 87' lang='lat' dir='ltr'><strong>Petrus</strong></span> <span class='ocrx_word' id='word_1_656' title='bbox 720 4851 756 4906; x_wconf 94' lang='lat' dir='ltr'><strong>ad</strong></span> <span class='ocrx_word' id='word_1_657' title='bbox 777 4852 873 4905; x_wconf 84' lang='lat' dir='ltr'><strong>llomi·</strong></span> 
     </span>
     <span class='ocr_line' id='line_1_51' title="bbox 57 4945 873 5007; baseline -0.005 -2"><span class='ocrx_word' id='word_1_658' title='bbox 57 4966 111 5007; x_wconf 89' lang='lat' dir='ltr'><strong>aum</strong></span> <span class='ocrx_word' id='word_1_659' title='bbox 136 4949 308 5007; x_wconf 86' lang='lat' dir='ltr'><strong>orationem</strong></span> <span class='ocrx_word' id='word_1_660' title='bbox 329 4947 403 5003; x_wconf 89' lang='lat' dir='ltr'><strong>fudit</strong></span> <span class='ocrx_word' id='word_1_661' title='bbox 422 4951 452 5003; x_wconf 91' lang='lat' dir='ltr'><strong>et</strong></span> <span class='ocrx_word' id='word_1_662' title='bbox 470 4946 564 5002; x_wconf 89' lang='lat' dir='ltr'><strong>subito</strong></span> <span class='ocrx_word' id='word_1_663' title='bbox 582 4946 757 5002; x_wconf 90' lang='lat' dir='ltr'><strong>immensum</strong></span> <span class='ocrx_word' id='word_1_664' title='bbox 775 4945 873 5001; x_wconf 81' lang='lat' dir='ltr'><strong>lanian</strong></span> 
     </span>
     <span class='ocr_line' id='line_1_52' title="bbox 57 5039 873 5115; baseline -0.007 -14"><span class='ocrx_word' id='word_1_665' title='bbox 57 5048 133 5115; x_wconf 71' lang='lat' dir='ltr'><strong>antia</strong></span> <span class='ocrx_word' id='word_1_666' title='bbox 154 5044 207 5099; x_wconf 82' lang='lat' dir='ltr'><strong>llei</strong></span> <span class='ocrx_word' id='word_1_667' title='bbox 226 5040 321 5115; x_wconf 90' lang='lat' dir='ltr'><strong>plebis</strong></span> <span class='ocrx_word' id='word_1_668' title='bbox 339 5041 369 5097; x_wconf 92' lang='lat' dir='ltr'><strong>in</strong></span> <span class='ocrx_word' id='word_1_669' title='bbox 390 5042 484 5097; x_wconf 90' lang='lat' dir='ltr'><strong>medio</strong></span> <span class='ocrx_word' id='word_1_670' title='bbox 507 5041 649 5113; x_wconf 87' lang='lat' dir='ltr'><strong>apparuit,</strong></span> <span class='ocrx_word' id='word_1_671' title='bbox 673 5045 703 5096; x_wconf 89' lang='lat' dir='ltr'><strong>et</strong></span> <span class='ocrx_word' id='word_1_672' title='bbox 725 5039 873 5095; x_wconf 83' lang='lat' dir='ltr'><strong>confestim</strong></span> 
     </span>
     <span class='ocr_line' id='line_1_53' title="bbox 57 5134 874 5211; baseline -0.007 -17"><span class='ocrx_word' id='word_1_673' title='bbox 57 5154 144 5196; x_wconf 76' lang='lat' dir='ltr'><strong>annes</strong></span> <span class='ocrx_word' id='word_1_674' title='bbox 158 5139 290 5211; x_wconf 81' lang='lat' dir='ltr'><strong>aegrotos</strong></span> <span class='ocrx_word' id='word_1_675' title='bbox 308 5134 422 5191; x_wconf 73' lang='lat' dir='ltr'><strong>multati</strong></span> <span class='ocrx_word' id='word_1_676' title='bbox 441 5134 575 5191; x_wconf 89' lang='lat' dir='ltr'><strong>restituit.</strong></span> <span class='ocrx_word' id='word_1_677' title='bbox 590 5134 697 5190; x_wconf 86' lang='lat' dir='ltr'><strong>Omnes</strong></span> <span class='ocrx_word' id='word_1_678' title='bbox 711 5134 801 5205; x_wconf 90' lang='lat' dir='ltr'><strong>igitur</strong></span> <span class='ocrx_word' id='word_1_679' title='bbox 818 5136 874 5188; x_wconf 85' lang='lat' dir='ltr'><strong>ltn-</strong></span> 
     </span>
    </p>
   </div>
   <div class='ocr_carea' id='block_1_4' title="bbox 56 5228 874 5775">
    <p class='ocr_par' dir='ltr' id='par_1_4' title="bbox 56 5228 873 5493">
     <span class='ocr_line' id='line_1_54' title="bbox 57 5228 873 5295; baseline -0.001 -10"><span class='ocrx_word' id='word_1_680' title='bbox 57 5234 174 5291; x_wconf 85' lang='lat' dir='ltr'><strong>tioebcni</strong></span> <span class='ocrx_word' id='word_1_681' title='bbox 191 5248 255 5288; x_wconf 86' lang='lat' dir='ltr'><strong>una</strong></span> <span class='ocrx_word' id='word_1_682' title='bbox 267 5246 335 5287; x_wconf 83' lang='lat' dir='ltr'><strong>voce</strong></span> <span class='ocrx_word' id='word_1_683' title='bbox 350 5230 505 5286; x_wconf 84' lang='lat' dir='ltr'><strong>Dominum</strong></span> <span class='ocrx_word' id='word_1_684' title='bbox 525 5229 645 5285; x_wconf 86' lang='lat' dir='ltr'><strong>confessi</strong></span> <span class='ocrx_word' id='word_1_685' title='bbox 660 5231 738 5295; x_wconf 91' lang='lat' dir='ltr'><strong>sunt,</strong></span> <span class='ocrx_word' id='word_1_686' title='bbox 752 5230 782 5283; x_wconf 89' lang='lat' dir='ltr'><strong>et</strong></span> <span class='ocrx_word' id='word_1_687' title='bbox 798 5228 873 5284; x_wconf 87' lang='lat' dir='ltr'><strong>iutra</strong></span> 
     </span>
     <span class='ocr_line' id='line_1_55' title="bbox 56 5321 872 5400; baseline -0.007 -17"><span class='ocrx_word' id='word_1_688' title='bbox 56 5342 80 5383; x_wconf 82' lang='lat' dir='ltr'><strong>ur</strong></span> <span class='ocrx_word' id='word_1_689' title='bbox 93 5329 158 5384; x_wconf 89' lang='lat' dir='ltr'><strong>dies</strong></span> <span class='ocrx_word' id='word_1_690' title='bbox 172 5327 242 5400; x_wconf 91' lang='lat' dir='ltr'><strong>plus</strong></span> <span class='ocrx_word' id='word_1_691' title='bbox 254 5339 344 5398; x_wconf 87' lang='lat' dir='ltr'><strong>quam</strong></span> <span class='ocrx_word' id='word_1_692' title='bbox 359 5324 460 5380; x_wconf 90' lang='lat' dir='ltr'><strong>docem</strong></span> <span class='ocrx_word' id='word_1_693' title='bbox 477 5323 564 5379; x_wconf 90' lang='lat' dir='ltr'><strong>millia</strong></span> <span class='ocrx_word' id='word_1_694' title='bbox 580 5322 731 5378; x_wconf 92' lang='lat' dir='ltr'><strong>hominum</strong></span> <span class='ocrx_word' id='word_1_695' title='bbox 750 5321 872 5377; x_wconf 88' lang='lat' dir='ltr'><strong>creden·</strong></span> 
     </span>
     <span class='ocr_line' id='line_1_56' title="bbox 56 5418 407 5493; baseline -0.017 -15"><span class='ocrx_word' id='word_1_696' title='bbox 56 5424 86 5477; x_wconf 82' lang='lat' dir='ltr'><strong>hs</strong></span> <span class='ocrx_word' id='word_1_697' title='bbox 98 5424 156 5478; x_wconf 73' lang='lat' dir='ltr'><strong>lieo</strong></span> <span class='ocrx_word' id='word_1_698' title='bbox 171 5418 314 5493; x_wconf 82' lang='lat' dir='ltr'><strong>baptizati</strong></span> <span class='ocrx_word' id='word_1_699' title='bbox 327 5423 407 5473; x_wconf 88' lang='lat' dir='ltr'><strong>suut.</strong></span> 
     </span>
    </p>

    <p class='ocr_par' dir='ltr' id='par_1_5' title="bbox 57 5509 874 5775">
     <span class='ocr_line' id='line_1_57' title="bbox 78 5509 874 5589; baseline -0.011 -15"><span class='ocrx_word' id='word_1_700' title='bbox 78 5515 256 5589; x_wconf 76' lang='lat' dir='ltr'><strong>Theophilus</strong></span> <span class='ocrx_word' id='word_1_701' title='bbox 275 5516 384 5579; x_wconf 87' lang='lat' dir='ltr'><strong>autem,</strong></span> <span class='ocrx_word' id='word_1_702' title='bbox 404 5511 453 5584; x_wconf 89' lang='lat' dir='ltr'><strong>qui</strong></span> <span class='ocrx_word' id='word_1_703' title='bbox 476 5510 584 5567; x_wconf 88' lang='lat' dir='ltr'><strong>cunctis</strong></span> <span class='ocrx_word' id='word_1_704' title='bbox 604 5510 769 5583; x_wconf 89' lang='lat' dir='ltr'><strong>potantibus</strong></span> <span class='ocrx_word' id='word_1_705' title='bbox 786 5510 816 5566; x_wconf 92' lang='lat' dir='ltr'><strong>in</strong></span> <span class='ocrx_word' id='word_1_706' title='bbox 836 5509 874 5565; x_wconf 92' lang='lat' dir='ltr'><strong>ci·</strong></span> 
     </span>
     <span class='ocr_line' id='line_1_58' title="bbox 57 5604 874 5675; baseline -0.002 -14"><span class='ocrx_word' id='word_1_707' title='bbox 57 5610 128 5667; x_wconf 81' lang='lat' dir='ltr'><strong>ritate</strong></span> <span class='ocrx_word' id='word_1_708' title='bbox 142 5608 304 5666; x_wconf 83' lang='lat' dir='ltr'><strong>sublimior</strong></span> <span class='ocrx_word' id='word_1_709' title='bbox 315 5609 387 5675; x_wconf 89' lang='lat' dir='ltr'><strong>erat,</strong></span> <span class='ocrx_word' id='word_1_710' title='bbox 404 5606 432 5661; x_wconf 92' lang='lat' dir='ltr'><strong>in</strong></span> <span class='ocrx_word' id='word_1_711' title='bbox 448 5622 548 5661; x_wconf 88' lang='lat' dir='ltr'><strong>amore</strong></span> <span class='ocrx_word' id='word_1_712' title='bbox 561 5604 610 5660; x_wconf 85' lang='lat' dir='ltr'><strong>llei</strong></span> <span class='ocrx_word' id='word_1_713' title='bbox 623 5605 781 5660; x_wconf 91' lang='lat' dir='ltr'><strong>admodum</strong></span> <span class='ocrx_word' id='word_1_714' title='bbox 795 5620 874 5660; x_wconf 83' lang='lat' dir='ltr'><strong>exar-</strong></span> 
     </span>
     <span class='ocr_line' id='line_1_59' title="bbox 58 5699 872 5775; baseline -0.005 -18"><span class='ocrx_word' id='word_1_715' title='bbox 58 5714 90 5771; x_wconf 83' lang='lat' dir='ltr'><strong>ut,</strong></span> <span class='ocrx_word' id='word_1_716' title='bbox 103 5706 271 5775; x_wconf 84' lang='lat' dir='ltr'><strong>domusque</strong></span> <span class='ocrx_word' id='word_1_717' title='bbox 284 5718 344 5755; x_wconf 86' lang='lat' dir='ltr'><strong>strar</strong></span> <span class='ocrx_word' id='word_1_718' title='bbox 358 5701 508 5771; x_wconf 80' lang='lat' dir='ltr'><strong>iugautean</strong></span> <span class='ocrx_word' id='word_1_719' title='bbox 523 5699 668 5755; x_wconf 85' lang='lat' dir='ltr'><strong>basilicam</strong></span> <span class='ocrx_word' id='word_1_720' title='bbox 683 5702 739 5755; x_wconf 83' lang='lat' dir='ltr'><strong>llco</strong></span> <span class='ocrx_word' id='word_1_721' title='bbox 753 5701 872 5771; x_wconf 86' lang='lat' dir='ltr'><strong>gratan-</strong></span> 
     </span>
    </p>
   </div>
   <div class='ocr_carea' id='block_1_5' title="bbox 58 5793 871 5873">
    <p class='ocr_par' dir='ltr' id='par_1_6' title="bbox 58 5793 871 5873">
     <span class='ocr_line' id='line_1_60' title="bbox 58 5793 871 5873; baseline -0.004 -17"><span class='ocrx_word' id='word_1_722' title='bbox 58 5798 301 5873; x_wconf 67' lang='lat' dir='ltr'><strong>nutantiaque</strong></span> <span class='ocrx_word' id='word_1_723' title='bbox 313 5793 441 5855; x_wconf 73' lang='lat' dir='ltr'><strong>acclama</strong></span> <span class='ocrx_word' id='word_1_724' title='bbox 453 5794 571 5853; x_wconf 86' lang='lat' dir='ltr'><strong>nomine</strong></span> <span class='ocrx_word' id='word_1_725' title='bbox 582 5797 750 5855; x_wconf 69' lang='lat' dir='ltr'><strong>maweu</strong></span> <span class='ocrx_word' id='word_1_726' title='bbox 763 5796 826 5866; x_wconf 87' lang='lat' dir='ltr'><strong>est;</strong></span> <span class='ocrx_word' id='word_1_727' title='bbox 841 5794 871 5853; x_wconf 89' lang='lat' dir='ltr'><strong>iu</strong></span> 
     </span>
    </p>
   </div>
   <div class='ocr_carea' id='block_1_6' title="bbox 922 4759 1744 5767">
    <p class='ocr_par' dir='ltr' id='par_1_7' title="bbox 922 4759 1744 5767">
     <span class='ocr_line' id='line_1_61' title="bbox 923 4759 1744 4833; baseline -0.005 -17"><span class='ocrx_word' id='word_1_728' title='bbox 923 4762 996 4816; x_wconf 93' lang='lat' dir='ltr'><strong>tium</strong></span> <span class='ocrx_word' id='word_1_729' title='bbox 1012 4759 1264 4816; x_wconf 90' lang='lat' dir='ltr'><strong>commonitionem</strong></span> <span class='ocrx_word' id='word_1_730' title='bbox 1285 4759 1445 4833; x_wconf 80' lang='lat' dir='ltr'><strong>posteritati</strong></span> <span class='ocrx_word' id='word_1_731' title='bbox 1459 4759 1628 4814; x_wconf 90' lang='lat' dir='ltr'><strong>transmisit.</strong></span> <span class='ocrx_word' id='word_1_732' title='bbox 1643 4759 1744 4813; x_wconf 88' lang='lat' dir='ltr'><strong>Petrus</strong></span> 
     </span>
     <span class='ocr_line' id='line_1_62' title="bbox 923 4849 1741 4924; baseline -0.004 -17"><span class='ocrx_word' id='word_1_733' title='bbox 923 4868 1001 4921; x_wconf 85' lang='lat' dir='ltr'><strong>vero,</strong></span> <span class='ocrx_word' id='word_1_734' title='bbox 1015 4858 1047 4908; x_wconf 92' lang='lat' dir='ltr'><strong>ut</strong></span> <span class='ocrx_word' id='word_1_735' title='bbox 1061 4868 1113 4924; x_wconf 91' lang='lat' dir='ltr'><strong>per</strong></span> <span class='ocrx_word' id='word_1_736' title='bbox 1131 4852 1268 4924; x_wconf 88' lang='lat' dir='ltr'><strong>Spiritum</strong></span> <span class='ocrx_word' id='word_1_737' title='bbox 1286 4855 1416 4905; x_wconf 89' lang='lat' dir='ltr'><strong>sanctum</strong></span> <span class='ocrx_word' id='word_1_738' title='bbox 1434 4849 1568 4921; x_wconf 90' lang='lat' dir='ltr'><strong>religioso</strong></span> <span class='ocrx_word' id='word_1_739' title='bbox 1588 4866 1618 4905; x_wconf 89' lang='lat' dir='ltr'><strong>sa</strong></span> <span class='ocrx_word' id='word_1_740' title='bbox 1636 4849 1741 4921; x_wconf 88' lang='lat' dir='ltr'><strong>spolia·</strong></span> 
     </span>
     <span class='ocr_line' id='line_1_63' title="bbox 924 4942 1744 5018; baseline -0.001 -18"><span class='ocrx_word' id='word_1_741' title='bbox 924 4952 986 5002; x_wconf 91' lang='lat' dir='ltr'><strong>tum</strong></span> <span class='ocrx_word' id='word_1_742' title='bbox 1005 4947 1082 5003; x_wconf 88' lang='lat' dir='ltr'><strong>furto</strong></span> <span class='ocrx_word' id='word_1_743' title='bbox 1102 4946 1252 5018; x_wconf 90' lang='lat' dir='ltr'><strong>comperit,</strong></span> <span class='ocrx_word' id='word_1_744' title='bbox 1278 4944 1435 5001; x_wconf 89' lang='lat' dir='ltr'><strong>delectatus</strong></span> <span class='ocrx_word' id='word_1_745' title='bbox 1455 4946 1507 5012; x_wconf 90' lang='lat' dir='ltr'><strong>est,</strong></span> <span class='ocrx_word' id='word_1_746' title='bbox 1530 4942 1617 4999; x_wconf 82' lang='lat' dir='ltr'><strong>fldem</strong></span> <span class='ocrx_word' id='word_1_747' title='bbox 1641 4960 1744 4999; x_wconf 90' lang='lat' dir='ltr'><strong>eonrm</strong></span> 
     </span>
     <span class='ocr_line' id='line_1_64' title="bbox 925 5038 1744 5114; baseline -0.002 -18"><span class='ocrx_word' id='word_1_748' title='bbox 925 5056 977 5114; x_wconf 89' lang='lat' dir='ltr'><strong>per</strong></span> <span class='ocrx_word' id='word_1_749' title='bbox 994 5041 1065 5109; x_wconf 82' lang='lat' dir='ltr'><strong>hec,</strong></span> <span class='ocrx_word' id='word_1_750' title='bbox 1082 5041 1320 5112; x_wconf 86' lang='lat' dir='ltr'><strong>devotionemque</strong></span> <span class='ocrx_word' id='word_1_751' title='bbox 1339 5038 1534 5105; x_wconf 90' lang='lat' dir='ltr'><strong>considerans,</strong></span> <span class='ocrx_word' id='word_1_752' title='bbox 1550 5039 1658 5094; x_wconf 86' lang='lat' dir='ltr'><strong>factum</strong></span> <span class='ocrx_word' id='word_1_753' title='bbox 1678 5054 1744 5094; x_wconf 93' lang='lat' dir='ltr'><strong>con·</strong></span> 
     </span>
     <span class='ocr_line' id='line_1_65' title="bbox 922 5131 1744 5208; baseline -0.004 -18"><span class='ocrx_word' id='word_1_754' title='bbox 922 5136 1048 5191; x_wconf 83' lang='lat' dir='ltr'><strong>firmavit</strong></span> <span class='ocrx_word' id='word_1_755' title='bbox 1060 5141 1088 5189; x_wconf 94' lang='lat' dir='ltr'><strong>et</strong></span> <span class='ocrx_word' id='word_1_756' title='bbox 1104 5135 1132 5191; x_wconf 92' lang='lat' dir='ltr'><strong>in</strong></span> <span class='ocrx_word' id='word_1_757' title='bbox 1151 5140 1319 5208; x_wconf 89' lang='lat' dir='ltr'><strong>perpetuum</strong></span> <span class='ocrx_word' id='word_1_758' title='bbox 1336 5133 1489 5205; x_wconf 88' lang='lat' dir='ltr'><strong>legendam</strong></span> <span class='ocrx_word' id='word_1_759' title='bbox 1505 5133 1638 5190; x_wconf 79' lang='lat' dir='ltr'><strong>Ecclesiis</strong></span> <span class='ocrx_word' id='word_1_760' title='bbox 1657 5131 1744 5203; x_wconf 87' lang='lat' dir='ltr'><strong>scrip·</strong></span> 
     </span>
     <span class='ocr_line' id='line_1_66' title="bbox 923 5227 1744 5301; baseline -0.006 -16"><span class='ocrx_word' id='word_1_761' title='bbox 923 5235 1016 5285; x_wconf 92' lang='lat' dir='ltr'><strong>turam</strong></span> <span class='ocrx_word' id='word_1_762' title='bbox 1035 5228 1160 5297; x_wconf 91' lang='lat' dir='ltr'><strong>tradidit,</strong></span> <span class='ocrx_word' id='word_1_763' title='bbox 1182 5228 1317 5299; x_wconf 86' lang='lat' dir='ltr'><strong>epistolas</strong></span> <span class='ocrx_word' id='word_1_764' title='bbox 1337 5244 1454 5301; x_wconf 88' lang='lat' dir='ltr'><strong>quoque</strong></span> <span class='ocrx_word' id='word_1_765' title='bbox 1474 5227 1545 5283; x_wconf 90' lang='lat' dir='ltr'><strong>duas</strong></span> <span class='ocrx_word' id='word_1_766' title='bbox 1568 5243 1633 5299; x_wconf 78' lang='lat' dir='ltr'><strong>quie</strong></span> <span class='ocrx_word' id='word_1_767' title='bbox 1654 5229 1744 5283; x_wconf 91' lang='lat' dir='ltr'><strong>Cano·</strong></span> 
     </span>
     <span class='ocr_line' id='line_1_67' title="bbox 924 5318 1741 5394; baseline -0.006 -16"><span class='ocrx_word' id='word_1_768' title='bbox 924 5324 995 5378; x_wconf 81' lang='lat' dir='ltr'><strong>niem</strong></span> <span class='ocrx_word' id='word_1_769' title='bbox 1014 5324 1208 5394; x_wconf 89' lang='lat' dir='ltr'><strong>appellantur.</strong></span> <span class='ocrx_word' id='word_1_770' title='bbox 1223 5322 1274 5377; x_wconf 92' lang='lat' dir='ltr'><strong>llic</strong></span> <span class='ocrx_word' id='word_1_771' title='bbox 1291 5322 1472 5394; x_wconf 85' lang='lat' dir='ltr'><strong>temporibus</strong></span> <span class='ocrx_word' id='word_1_772' title='bbox 1493 5320 1595 5377; x_wconf 84' lang='lat' dir='ltr'><strong>Tiberii</strong></span> <span class='ocrx_word' id='word_1_773' title='bbox 1615 5318 1741 5387; x_wconf 78' lang='lat' dir='ltr'><strong>Caesaris,</strong></span> 
     </span>
     <span class='ocr_line' id='line_1_68' title="bbox 923 5412 1742 5487; baseline -0.006 -15"><span class='ocrx_word' id='word_1_774' title='bbox 923 5416 981 5472; x_wconf 89' lang='lat' dir='ltr'><strong>Caii</strong></span> <span class='ocrx_word' id='word_1_775' title='bbox 1001 5416 1147 5487; x_wconf 78' lang='lat' dir='ltr'><strong>Caligula,</strong></span> <span class='ocrx_word' id='word_1_776' title='bbox 1160 5415 1268 5473; x_wconf 88' lang='lat' dir='ltr'><strong>Claudii</strong></span> <span class='ocrx_word' id='word_1_777' title='bbox 1284 5422 1313 5470; x_wconf 89' lang='lat' dir='ltr'><strong>at</strong></span> <span class='ocrx_word' id='word_1_778' title='bbox 1333 5417 1463 5481; x_wconf 87' lang='lat' dir='ltr'><strong>Neronis,</strong></span> <span class='ocrx_word' id='word_1_779' title='bbox 1485 5415 1514 5469; x_wconf 92' lang='lat' dir='ltr'><strong>in</strong></span> <span class='ocrx_word' id='word_1_780' title='bbox 1535 5414 1621 5468; x_wconf 83' lang='lat' dir='ltr'><strong>riusa</strong></span> <span class='ocrx_word' id='word_1_781' title='bbox 1638 5412 1742 5469; x_wconf 85' lang='lat' dir='ltr'><strong>Christi</strong></span> 
     </span>
     <span class='ocr_line' id='line_1_69' title="bbox 922 5506 1740 5582; baseline -0.004 -18"><span class='ocrx_word' id='word_1_782' title='bbox 922 5510 1041 5565; x_wconf 84' lang='lat' dir='ltr'><strong>viriliter</strong></span> <span class='ocrx_word' id='word_1_783' title='bbox 1055 5510 1205 5571; x_wconf 81' lang='lat' dir='ltr'><strong>labomrit.</strong></span> <span class='ocrx_word' id='word_1_784' title='bbox 1221 5510 1412 5582; x_wconf 83' lang='lat' dir='ltr'><strong>egregiosque</strong></span> <span class='ocrx_word' id='word_1_785' title='bbox 1428 5508 1581 5580; x_wconf 89' lang='lat' dir='ltr'><strong>discipulos</strong></span> <span class='ocrx_word' id='word_1_786' title='bbox 1601 5506 1740 5573; x_wconf 84' lang='lat' dir='ltr'><strong>educarit,</strong></span> 
     </span>
     <span class='ocr_line' id='line_1_70' title="bbox 923 5601 1743 5675; baseline -0.002 -18"><span class='ocrx_word' id='word_1_787' title='bbox 923 5604 1075 5659; x_wconf 88' lang='lat' dir='ltr'><strong>virtutibus</strong></span> <span class='ocrx_word' id='word_1_788' title='bbox 1094 5609 1122 5659; x_wconf 90' lang='lat' dir='ltr'><strong>ct</strong></span> <span class='ocrx_word' id='word_1_789' title='bbox 1144 5603 1306 5659; x_wconf 85' lang='lat' dir='ltr'><strong>eruditione</strong></span> <span class='ocrx_word' id='word_1_790' title='bbox 1329 5603 1456 5659; x_wconf 90' lang='lat' dir='ltr'><strong>imbutos</strong></span> <span class='ocrx_word' id='word_1_791' title='bbox 1479 5618 1531 5675; x_wconf 91' lang='lat' dir='ltr'><strong>per</strong></span> <span class='ocrx_word' id='word_1_792' title='bbox 1551 5601 1660 5657; x_wconf 77' lang='lat' dir='ltr'><strong>diverse</strong></span> <span class='ocrx_word' id='word_1_793' title='bbox 1682 5601 1743 5656; x_wconf 93' lang='lat' dir='ltr'><strong>loca</strong></span> 
     </span>
     <span class='ocr_line' id='line_1_71' title="bbox 923 5696 1741 5767; baseline -0.009 -13"><span class='ocrx_word' id='word_1_794' title='bbox 923 5697 1085 5763; x_wconf 78' lang='lat' dir='ltr'><strong>destinavit,</strong></span> <span class='ocrx_word' id='word_1_795' title='bbox 1099 5699 1222 5753; x_wconf 83' lang='lat' dir='ltr'><strong>llarcunr</strong></span> <span class='ocrx_word' id='word_1_796' title='bbox 1235 5697 1366 5753; x_wconf 81' lang='lat' dir='ltr'><strong>videlicet</strong></span> <span class='ocrx_word' id='word_1_797' title='bbox 1376 5698 1495 5752; x_wconf 85' lang='lat' dir='ltr'><strong>filiolum</strong></span> <span class='ocrx_word' id='word_1_798' title='bbox 1512 5696 1741 5767; x_wconf 89' lang='lat' dir='ltr'><strong>discipulumque</strong></span> 
     </span>
    </p>
   </div>
   <div class='ocr_carea' id='block_1_7' title="bbox 922 5787 1761 5870">
    <p class='ocr_par' dir='ltr' id='par_1_8' title="bbox 922 5787 1761 5870">
     <span class='ocr_line' id='line_1_72' title="bbox 922 5787 1761 5870; baseline -0.01 -19"><span class='ocrx_word' id='word_1_799' title='bbox 922 5808 1007 5851; x_wconf 87' lang='lat' dir='ltr'><strong>suum</strong></span> <span class='ocrx_word' id='word_1_800' title='bbox 1019 5793 1168 5869; x_wconf 81' lang='lat' dir='ltr'><strong>aquileiae,</strong></span> <span class='ocrx_word' id='word_1_801' title='bbox 1180 5792 1369 5870; x_wconf 85' lang='lat' dir='ltr'><strong>postmodum</strong></span> <span class='ocrx_word' id='word_1_802' title='bbox 1382 5787 1761 5861; x_wconf 72' lang='lat' dir='ltr'><strong>alexandrie,ttarhatem</strong></span> 
     </span>
    </p>
   </div>
   <div class='ocr_carea' id='block_1_8' title="bbox 0 0 1880 6046">
    <p class='ocr_par' dir='ltr' id='par_1_9' title="bbox 0 0 1880 6046">
     <span class='ocr_line' id='line_1_73' title="bbox 0 0 1880 6046; baseline 0 1"><span class='ocrx_word' id='word_1_803' title='bbox 0 0 1880 6046; x_wconf 95' lang='lat' dir='ltr'><strong> </strong></span> 
     </span>
    </p>
   </div>
  </div>
 </body>
</html>
