3750 6046
140 170 192 230 teo
819 185 977 245 ornamur
998 187 1127 243 armus
1558 174 1560 179 '
1724 199 1727 203 ·
1770 186 1822 246 too

138 296 362 368 patriarcharum
390 302 567 375 nominibus,
590 323 675 362 orans
699 307 855 364 benedixit.
879 310 950 366 Cum
960 309 1033 397 ADe
1051 307 1216 364 labricando
1235 308 1338 380 palatio
1358 325 1424 364 cum
1444 325 1478 363 eo
1496 307 1633 377 tractavit,
1651 312 1680 365 et
1701 308 1819 366 aedilicii

138 397 234 447 autem
249 395 560 466 apostolusethalamo
575 417 703 472 egressus
715 402 816 473 abiret,
829 410 856 459 et
870 420 950 474 spon-
1000 403 1096 458 locum
1128 401 1168 456 illi
1203 402 1334 457 ostendit.
1361 403 1485 458 Thomas
1513 408 1610 458 autern
1643 403 1818 459 arundinem

137 502 184 542 sus
206 504 270 543 eum
292 489 454 559 deduceret,
475 510 572 549 ramus
592 495 694 566 palmae
713 497 814 568 plenus
833 498 951 570 dactylis
1002 496 1205 567 apprehendit,
1223 500 1251 551 et
1267 495 1410 551 metiendo
1426 496 1520 551 dixit:
1540 517 1554 544 «
1570 496 1642 551 Ecce
1653 495 1759 568 januas
1773 497 1822 552 hic

138 580 292 650 grandibus
314 584 343 639 in
366 601 454 641 manu
476 588 536 658 ejus
556 590 698 662 apparuit.
720 591 800 645 Unde
822 591 951 662 gaudens
1001 588 1162 660 disponam,
1186 594 1215 643 et
1238 589 1273 643 ad
1298 594 1393 644 ortum
1418 589 1483 644 solis
1505 589 1670 661 ingressum
1695 606 1702 644 ι
1726 590 1823 661 primo

135 671 250 741 juvenis
262 676 297 730 ad
310 694 442 748 sponsam
455 697 535 735 suam
550 681 684 749 cucurrit,
697 683 779 754 eique
792 684 827 738 ad
840 689 952 754 gestan·
1001 682 1160 754 proaulam,
1175 682 1298 737 secundo
1315 683 1524 750 salutatorium,
1538 683 1568 737 in
1584 683 1669 738 tertio
1681 683 1820 738 consisto·

140 765 207 821 dum
228 768 262 823 de
279 769 372 825 lructu
385 773 445 843 ejus
459 773 545 828 dedit.
560 777 688 846 Cumque
704 775 789 831 ambo
809 776 952 832 defructu
1001 775 1087 844 rium,
1104 775 1134 829 in
1153 781 1256 847 quarto
1276 775 1432 844 tricorium,
1449 776 1478 831 in
1499 776 1599 848 quinto
1617 780 1695 832 zetas
1710 776 1821 833 hiema-

139 867 301 917 mcmorato
322 871 490 934 gustassent,
507 867 599 923 subito
620 870 745 940 soporati
767 886 855 923 unum
877 887 951 925 som-
1002 869 1052 936 les,
1068 869 1097 922 in
1117 872 1195 923 sexto
1214 872 1289 924 zetas
1308 869 1456 936 estivales,
1472 868 1502 923 in
1518 870 1641 940 septimo
1661 871 1822 943 episeauto·

139 954 220 1008 nium
242 957 382 1012 viderunt.
405 959 474 1013 Nam
496 961 575 1032 quasi
599 978 647 1017 rex
670 966 772 1034 potens
793 969 953 1034 gemmatus
1002 962 1077 1017 rium
1095 964 1124 1017 et
1142 962 1267 1016 triclinia
1284 962 1462 1030 accubitalia,
1476 962 1505 1017 in
1525 968 1623 1019 octavo
1641 964 1780 1031 thermas,
1795 965 1824 1019 in

137 1047 296 1115 ridebatur,
313 1053 342 1104 et
359 1051 387 1105 in
407 1052 504 1108 medlo
521 1070 620 1109 eorum
637 1060 714 1111 stans
730 1062 867 1129 utrosque
888 1073 952 1111 am·
1002 1071 1078 1110 nono
1094 1056 1254 1126 gymnasia,
1270 1056 1298 1109 in
1312 1055 1423 1111 decimo
1438 1055 1602 1127 coquinam,
1617 1058 1648 1112 in
1663 1056 1821 1113 undecimo

138 1140 323 1209 plectebatur,
347 1143 443 1200 dicens
465 1162 471 1200 :
495 1168 509 1196 u
528 1149 679 1218 Apostolus
702 1165 782 1204 meus
807 1150 954 1205 benedixit
1002 1149 1148 1220 colymbos
1168 1155 1196 1204 et
1214 1165 1352 1221 aquarum
1374 1149 1450 1204 lacus
1472 1149 1635 1217 inlinentes,
1657 1151 1689 1205 in
1711 1150 1823 1206 duode-

138 1247 189 1286 vos
209 1234 273 1304 (rt),
294 1240 326 1290 ut
346 1241 460 1294 aeternas
481 1239 543 1295 vitae
566 1240 717 1313 participes
742 1243 915 1298 efficiamini.
939 1265 952 1292 »
1002 1242 1078 1297 cimo
1093 1240 1317 1314 hippodromum
1331 1246 1358 1296 et
1372 1258 1539 1314 pergyrum
1553 1259 1637 1298 arcus
1652 1243 1823 1299 deambula·

139 1327 312 1398 Evigilautes
325 1337 433 1398 autem,
447 1348 512 1388 cum
533 1339 633 1389 mutuo
648 1334 701 1391 sibi
721 1340 871 1391 narrarent
889 1353 953 1408 quac
1002 1335 1091 1390 turios
1111 1336 1177 1407 (25).
1195 1358 1209 1385 ι)
1228 1337 1287 1391 ltex
1307 1339 1404 1390 autem
1423 1335 1618 1406 considerans,
1637 1336 1676 1391 ait
1696 1354 1703 1391 ι
1721 1358 1736 1385 o
1752 1338 1824 1393 Vere

138 1419 283 1493 vidissent,
298 1439 363 1478 ecee
377 1425 499 1481 Thomas
518 1428 650 1499 apperuit
662 1430 712 1497 eis,
730 1429 825 1485 dicens
840 1447 847 1484 :
864 1452 877 1479 ιι
894 1432 953 1485 Rex
1003 1429 1104 1483 artilex
1119 1445 1159 1499 es,
1175 1432 1204 1483 et
1220 1428 1303 1484 decet
1321 1432 1348 1482 te
1364 1428 1480 1500 regibus
1493 1429 1667 1485 ministrare.
1683 1451 1698 1480 »
1715 1430 1822 1486 Deinde

140 1529 230 1581 meus,
247 1516 296 1586 qui
315 1517 401 1573 modo
420 1520 499 1574 vobis
520 1521 630 1576 loeutus
650 1528 691 1576 est
712 1523 742 1577 in
762 1523 877 1591 visione,
894 1524 954 1595 ipse
1001 1521 1127 1577 infinitas
1141 1522 1182 1577 illi
1196 1522 1330 1593 pecunias
1343 1522 1519 1593 relinquens,
1533 1521 1612 1577 abiit.

142 1623 187 1661 me
197 1608 293 1678 januis
307 1611 408 1666 clausis
423 1613 589 1680 introduxit,
605 1620 638 1671 ut
649 1615 810 1671 benedictio
826 1633 891 1672 mea
906 1635 952 1672 su·
1039 1615 1188 1687 Apostolus
1208 1615 1347 1687 siquidem
1365 1615 1451 1687 coepit
1467 1615 1626 1687 provincias
1648 1620 1676 1671 et
1697 1616 1821 1672 civitates

139 1715 192 1771 per
206 1717 255 1755 vos
271 1702 432 1760 fructificet.
450 1707 565 1762 liabetis
579 1709 657 1764 enim
672 1711 875 1781 integritatem,
890 1685 992 1783 quaeB
1005 1709 1165 1776 circumire,
1192 1709 1309 1764 verbum
1336 1709 1452 1764 Domini
1477 1709 1644 1780 praedicare,
1670 1710 1822 1764 credentes

141 1797 183 1847 est
196 1795 325 1852 omnium
342 1799 442 1870 regina
457 1801 594 1856 virtutem
611 1807 640 1857 et
654 1803 763 1859 fruetus
778 1805 874 1859 salutis
888 1822 953 1876 per·
1003 1802 1144 1873 baptizare
1158 1805 1186 1856 et
1201 1802 1299 1873 egenis
1316 1801 1499 1857 abundanter
1513 1802 1632 1858 donare.
1649 1805 1820 1858 Innumera-

141 1891 244 1957 petnae.
261 1889 414 1961 Virginitas
432 1910 512 1949 soror
527 1900 570 1949 est
589 1882 760 1968 angelornm
781 1904 808 1952 et
825 1899 953 1953 omnium
1004 1895 1093 1951 bilem
1112 1895 1209 1970 itaque
1228 1897 1366 1968 populum
1385 1896 1507 1951 Domino
1527 1895 1685 1968 acquisivit,
1706 1897 1821 1953 clericos

140 1983 279 2050 possessio
301 1984 452 2041 bonorum.
476 1989 628 2060 Virginitas
651 1990 769 2046 victoria
791 1992 953 2060 libidinum,
1005 1990 1156 2058 ordinavit,
1177 1989 1309 2044 eeclesias
1329 1988 1487 2057 fabricavit,
1507 1992 1536 2045 et
1555 2005 1606 2061 per
1624 1994 1720 2046 totum
1740 1990 1819 2046 bien·

141 2073 207 2129 fidei
232 2080 380 2149 tropaenm,
404 2080 565 2153 triumphus
587 2083 622 2138 de
646 2084 769 2139 inimicis
791 2091 820 2141 et
840 2088 955 2141 aarum
1004 2083 1097 2151 nium,
1122 2100 1179 2155 quo
1202 2099 1254 2137 rex
1276 2082 1456 2138 Gondalorus
1479 2082 1579 2138 absens
1601 2083 1667 2152 luit,
1688 2084 1820 2139 eeclesias

142 2171 276 2225 securitas
289 2173 401 2245 qnietis.
419 2175 488 2229 Nam
503 2175 538 2230 de
556 2178 736 2249 corruptione
755 2180 879 2234 nescitur
892 2178 953 2250 pol·
1004 2176 1136 2232 firmavit.
1163 2177 1291 2248 Cumque
1321 2193 1369 2231 rex
1399 2176 1519 2231 venisset
1544 2180 1573 2231 et
1600 2176 1721 2248 apostoli
1748 2178 1821 2233 lacta

140 2261 223 2332 lulio,
238 2265 272 2319 de
290 2267 448 2337 pollutione
462 2275 567 2338 reatus,
584 2271 618 2326 de
634 2274 713 2326 reatu
730 2273 869 2328 conlusio.
887 2295 900 2322 »
1005 2270 1250 2343 deprehendisset,
1263 2271 1356 2341 ipsum
1371 2287 1437 2325 cum
1449 2269 1567 2326 hbbane
1580 2270 1657 2324 ferro
1670 2271 1779 2326 vinctos
1791 2272 1820 2325 in

177 2359 304 2430 Cumque
319 2360 441 2416 Thomas
456 2363 516 2417 haee
535 2367 563 2419 et
577 2365 667 2419 multa
683 2365 739 2421 alia
757 2366 791 2421 de
807 2366 953 2438 virginita-
1004 2364 1061 2419 ima
1075 2364 1196 2419 carceris
1211 2363 1288 2418 trudi
1302 2364 1450 2435 pracepit.
1466 2365 1499 2418 Et
1512 2363 1649 2435 quoniam
1664 2363 1723 2420 Gad
1738 2365 1821 2419 frater

142 2450 179 2504 tis
200 2450 283 2506 laude
305 2460 333 2509 et
351 2453 477 2511 libidinis
500 2456 626 2513 foeditate
646 2458 830 2529 disseruisset,
849 2461 954 2516 multa·
1004 2459 1081 2530 regis
1100 2459 1128 2512 in
1141 2458 1321 2514 extremitate
1335 2456 1400 2512 vitae
1412 2457 1574 2529 languebat,
1590 2457 1819 2513 interfectionem

141 2560 197 2616 quc
211 2545 378 2618 incongrua,
393 2565 457 2620 quaa
471 2550 505 2605 de
523 2552 630 2606 carnali
647 2553 841 2609 commistione
856 2554 954 2625 pleris·
1005 2568 1106 2608 eorum
1120 2551 1238 2606 distulit.
1254 2551 1382 2622 Cumque
1398 2551 1540 2621 cogitaret
1556 2555 1585 2605 ut
1600 2549 1728 2606 viventes
1741 2568 1820 2606 exco-

143 2654 199 2710 que
215 2639 354 2711 oriuntur,
375 2644 528 2712 retulisset,
545 2645 694 2716 Dionysius
713 2651 742 2701 et
760 2646 873 2718 Pelagia
893 2664 956 2718 gra·
1005 2646 1093 2701 riaret
1107 2648 1136 2699 et
1151 2645 1191 2698 ita
1207 2644 1331 2698 llammis
1346 2643 1481 2710 traderet,
1496 2643 1619 2698 moritur
1631 2644 1691 2699 Gad
1707 2661 1818 2716 germa-

143 2733 339 2788 tanteromnia
351 2736 641 2806 quadoeebanturab
655 2739 779 2809 apostolo
792 2740 953 2809 audierunt,
1005 2755 1059 2794 nus
1079 2739 1151 2809 ejus.
1172 2739 1206 2791 Et
1226 2738 1292 2809 quia
1311 2738 1433 2791 multum
1455 2737 1612 2805 amabatur,
1634 2737 1667 2792 lit
1684 2737 1818 2792 intolera-

142 2824 237 2897 eisqne
256 2825 360 2882 ibidem
379 2829 435 2883 duo
457 2830 552 2901 angeli
569 2838 784 2902 apparuerunt:
802 2854 816 2883 ι(
832 2834 896 2901 Nos,
912 2834 955 2888 in·
1004 2832 1069 2888 bilis
1081 2833 1184 2887 laetus.
1201 2830 1316 2885 Barbari
1330 2834 1474 2885 mortuum
1492 2846 1544 2900 pro
1564 2831 1620 2884 ritu
1639 2831 1733 2902 gentis
1751 2848 1819 2903 pur-

143 2919 257 2988 qniunt,
267 2922 362 2992 angeli
372 2940 481 2991 sumus,
492 2925 539 2995 qui
551 2925 651 2980 vobisa
662 2927 718 2982 Deo
729 2927 786 2982 dati
796 2944 894 2982 sumus
905 2944 956 2999 pro
1005 2943 1077 2998 pura
1090 2931 1119 2981 et
1130 2925 1212 2997 bysso
1223 2924 1412 2992 circumdant,
1424 2929 1574 2995 totumque
1585 2940 1688 2995 eorpus
1698 2926 1821 2994 gemmis

143 3012 344 3069 benedictione
368 3015 490 3088 apostoli
511 3019 582 3088 ejus,
604 3024 647 3087 nt,
671 3020 741 3076 dum
765 3020 956 3077 custodieritis
967 3052 993 3124 C
1006 3023 1171 3091 perornant.
1187 3019 1244 3074 Rex
1261 3034 1377 3090 quoque
1393 3034 1425 3072 ex
1440 3017 1590 3089 purpureis
1604 3017 1747 3089 lapidibus
1760 3035 1820 3073 me-

143 3106 252 3162 monita
264 3109 334 3180 ejus,
350 3126 449 3166 onrrres
463 3113 581 3167 Domino
596 3113 748 3185 petitiones
764 3122 872 3170 vestras
886 3115 954 3170 olfe-
1005 3112 1129 3168 moriam
1150 3111 1212 3184 ejus
1231 3110 1347 3177 exstrui,
1364 3116 1392 3165 et
1409 3111 1502 3181 ipsum
1523 3111 1553 3164 in
1573 3110 1654 3165 labro
1676 3128 1822 3183 purpureo

143 3217 250 3255 ramus.
265 3223 279 3251 >r
1005 3207 1074 3279 poni
1094 3205 1204 3277 [ynbet].
1224 3207 1343 3270 interea,
1363 3204 1431 3258 dum
1451 3203 1487 3257 ab
1508 3203 1664 3259 artificibus
1683 3222 1823 3277 pomposa

180 3294 225 3350 llis
234 3295 353 3369 aliisque
364 3298 417 3370 piis
428 3299 541 3355 rnonitis
550 3317 669 3372 sponsus
680 3305 708 3357 et
717 3318 818 3373 sponsa
828 3303 957 3358 instructi
1006 3301 1214 3372 peragerentur
1231 3313 1325 3368 opera,
1344 3296 1467 3368 ideoque
1486 3297 1566 3352 tieret
1585 3296 1647 3368 ejus
1666 3300 1822 3369 sepulturae

143 3393 218 3458 sunt,
230 3395 257 3444 et
268 3392 400 3461 prostrati
414 3392 450 3446 ad
461 3394 547 3465 pedes
557 3395 684 3466 apiostoli
697 3395 831 3451 dixerunt
843 3413 849 3451 ι
863 3418 877 3446 «
888 3399 957 3453 Con·
1006 3409 1095 3459 mora,
1122 3391 1183 3446 Gad
1209 3391 1279 3462 ipse,
1305 3389 1354 3461 qni
1382 3392 1510 3444 urortuus
1537 3390 1640 3457 luerat,
1667 3393 1823 3447 resurrexit

143 3483 228 3538 firma
244 3499 295 3538 nos
308 3483 337 3539 in
354 3486 432 3541 omni
446 3487 576 3557 veritate,
591 3492 624 3543 ut
636 3488 708 3544 nihil
722 3489 804 3545 nobis
818 3489 853 3546 de
865 3490 955 3545 scien·
1006 3490 1106 3559 quarta
1128 3486 1185 3553 die,
1206 3485 1276 3539 hora
1298 3483 1355 3538 diei
1377 3483 1481 3554 prima.
1501 3484 1536 3538 at
1556 3482 1648 3538 lactus
1670 3490 1715 3540 est
1736 3502 1824 3556 paror

143 3575 182 3631 tia
193 3577 240 3631 Dei
252 3577 334 3633 desit.
346 3601 360 3629 ιι
373 3579 479 3644 Quibus
493 3581 533 3636 ait
546 3599 552 3636 ι
566 3603 579 3630 «
591 3582 708 3637 Veniam
721 3583 756 3638 ad
767 3600 814 3638 vos
827 3584 957 3656 sequenti
1007 3587 1035 3637 et
1053 3587 1150 3652 stupor
1169 3582 1198 3635 et
1218 3577 1365 3633 silentium
1389 3576 1533 3644 omnibus,
1555 3577 1604 3648 qui
1625 3593 1707 3632 neore
1729 3579 1823 3635 ledico

142 3675 235 3741 noete,
252 3674 281 3726 ct
293 3671 406 3743 plenius
420 3691 469 3730 vos
481 3675 637 3744 instruens,
652 3675 823 3748 proficiscar.
839 3699 852 3727 a
867 3678 958 3749 Igitur
1008 3673 1178 3730 exhibebant
1197 3672 1275 3743 regio
1292 3669 1384 3725 funeri
1402 3672 1544 3741 planctus.
1564 3671 1651 3725 Porro
1668 3671 1728 3726 Gad
1746 3673 1823 3728 Gun-

137 3762 222 3835 jnxta
239 3767 412 3836 promissum
428 3784 512 3824 suum
530 3769 616 3836 venit,
635 3771 670 3825 de
691 3770 825 3826 omnibus
842 3777 958 3826 aeternre
1007 3768 1137 3824 deserum
1161 3781 1260 3837 regem
1284 3765 1430 3835 redarguit
1452 3764 1528 3835 quod
1549 3764 1673 3818 amicum
1695 3765 1757 3832 Dei,
1780 3767 1825 3821 cui

141 3857 205 3912 vitre
219 3861 361 3930 mysteriis
374 3861 473 3916 ambos
488 3861 642 3935 diligenter
655 3863 797 3933 instruxit,
813 3867 842 3919 et
853 3864 958 3937 baptis·
1007 3862 1182 3917 larrrulantur
1199 3859 1303 3931 angeli,
1320 3856 1504 3929 disposuisset
1516 3856 1658 3911 excoriare
1677 3862 1707 3911 et
1724 3858 1824 3914 ineen-

141 3951 287 4008 matiscus
302 3954 583 4011 undasanctificavit.
599 3956 958 4028 tlisitaqueperactis,na-
1008 3955 1087 4009 dere.
1107 3952 1246 4009 Palatium
1265 3951 1352 4007 etiam
1376 3952 1407 4006 in
1426 3951 1496 4006 coelo
1518 3949 1709 4005 inenarrabile
1730 3968 1761 4006 se
1784 3952 1825 4006 vi-

141 4046 258 4116 rigavit,
274 4051 302 4102 et
320 4053 384 4119 post
399 4048 513 4120 aliquod
528 4054 643 4120 tempus
660 4065 751 4105 unum
767 4066 800 4104 ex
813 4049 958 4121 discipulis
1008 4048 1082 4103 disse
1096 4045 1203 4111 retulit,
1218 4061 1251 4100 eo
1266 4045 1375 4100 facturn
1392 4044 1504 4111 ordine,
1521 4060 1578 4115 quo
1592 4044 1718 4099 Thomas
1732 4045 1827 4117 dispo·

142 4139 200 4193 suis
218 4140 305 4210 misit,
323 4156 408 4211 quem
424 4141 621 4213 presbyterum
640 4142 774 4198 ordinans
793 4143 833 4198 ita
851 4144 956 4198 eonsti-
1007 4141 1079 4209 suit;
1107 4143 1135 4194 et
1164 4138 1200 4193 de
1226 4138 1334 4193 meritis
1362 4138 1437 4210 ejus,
1465 4137 1636 4210 secretisque
1664 4137 1826 4195 celestibus

142 4232 205 4299 tuit,
222 4239 254 4289 ut
273 4234 302 4288 in
325 4235 426 4289 eadem
444 4235 554 4290 civitate
573 4236 743 4290 consisteret
762 4242 790 4292 et
808 4236 958 4292 ecclesiam
1008 4234 1088 4306 plura
1109 4232 1253 4288 reserarit.
1274 4230 1382 4287 Deinde
1402 4230 1438 4285 ad
1457 4245 1602 4286 carcerem
1621 4228 1741 4286 lestines
1759 4249 1824 4304 per-

142 4325 296 4398 ordinaret,
313 4328 343 4382 in
363 4345 420 4400 qua
437 4330 543 4383 multus
563 4330 620 4384 Deo
639 4330 759 4401 populns
780 4335 822 4385 est
839 4330 958 4401 requisi·
1009 4327 1092 4394 rexit,
1120 4325 1281 4398 apostolum
1308 4341 1324 4379 a
1351 4323 1469 4379 vinculis
1495 4322 1628 4391 absolvit,
1654 4340 1764 4395 pronus
1791 4326 1824 4381 ad

142 4423 196 4475 tus.
209 4420 250 4476 lbi
263 4421 344 4476 sedes
357 4427 398 4477 est
407 4423 523 4477 Thomre
537 4423 666 4494 apostoli,
679 4423 806 4495 fidesque
820 4415 1095 4493 catholicaDpedes
1119 4420 1180 4491 ejus
1207 4418 1341 4491 ploravit,
1369 4422 1397 4473 et
1424 4417 1636 4489 indulgentiam
1665 4418 1748 4474 tratri
1773 4436 1824 4475 suo

141 4516 275 4586 usquein
290 4493 460 4571 hodiernum
475 4516 560 4571 diem.
577 4517 726 4588 Dionysius
741 4521 838 4571 autem
853 4517 958 4588 episeo·
1008 4514 1168 4587 postulavit.

142 4625 194 4680 pus
213 4610 303 4665 laetus
325 4616 378 4678 est,
399 4627 588 4682 sponsamque
612 4627 694 4666 suam
716 4627 795 4665 sacro
819 4610 958 4666 velamine
1044 4606 1212 4679 Egredienti
1236 4603 1372 4677 apostolo,
1399 4619 1450 4658 rex
1477 4603 1536 4675 ipse
1559 4604 1621 4674 jam
1647 4605 1826 4662 moderatior

142 4704 328 4771 consecravit,
348 4721 412 4776 quae
430 4710 495 4777 post
515 4704 625 4760 obitum
645 4704 705 4776 ejus
726 4704 829 4774 duplex
851 4707 957 4775 marty·
1009 4702 1131 4758 occurrit
1150 4707 1188 4769 et,
1208 4698 1329 4771 pedibus
1349 4698 1411 4768 ejus
1428 4697 1587 4765 advolutus,
1602 4698 1715 4753 veniam
1731 4700 1824 4770 petiit.

142 4798 218 4852 rium
238 4800 364 4869 pertulit,
383 4801 448 4872 quia
467 4799 560 4856 virum
582 4800 688 4855 habere
708 4798 886 4870 contempsit,
906 4816 959 4854 nec
1008 4798 1086 4852 Tune
1103 4793 1254 4866 apostolus,
1269 4795 1385 4864 accepta
1400 4791 1550 4846 occasione
1567 4807 1706 4863 congrua,
1720 4792 1824 4848 barba·

144 4891 227 4946 idolis
242 4891 400 4948 sacrificare
415 4894 512 4950 voluit.
529 4897 562 4949 ln
579 4893 681 4950 Christi
695 4909 763 4964 ergo
779 4893 959 4948 confessione
1009 4906 1057 4946 ros
1074 4889 1194 4944 edocere
1212 4885 1307 4957 erepit,
1328 4888 1356 4940 et
1376 4884 1527 4940 veritatem
1548 4885 1734 4954 annuntians,
1750 4887 1827 4942 inter

144 4984 278 5039 decollata
288 4992 341 5052 est,
353 4989 380 5040 et
390 5003 476 5057 super
486 4988 628 5043 tumulum
643 4987 704 5058 ejus
716 4985 815 5041 Grecis
825 4987 959 5042 sermoni·
1009 4986 1112 5039 cratera
1127 4980 1219 5036 dixit:
1239 4999 1253 5028 ι(
1270 4978 1409 5034 Dominus
1423 4993 1505 5033 meus
1517 4978 1597 5034 tesns
1610 4977 1739 5034 Christus
1752 4980 1827 5035 mul·

143 5078 196 5133 bus
210 5085 238 5134 et
251 5079 352 5135 litteris
367 5078 406 5133 ita
419 5081 556 5151 seriptum
569 5085 611 5136 est
623 5097 630 5135 :
642 5084 675 5138 ln
689 5082 737 5136 hoc
751 5081 806 5135 loco
819 5082 960 5150 requiescit
1009 5083 1070 5134 tum
1091 5074 1167 5130 vobis
1187 5072 1328 5145 prestitit,
1344 5071 1392 5144 qui
1409 5076 1515 5127 secreta
1530 5088 1581 5126 sna
1597 5068 1826 5128 vobis'ostendit.

143 5189 242 5245 sponse
256 5176 381 5243 Dionysii
394 5177 511 5245 episcopi
524 5182 548 5230 et
564 5176 623 5245 fitia
640 5177 745 5230 Tlromae
759 5175 886 5244 apostoli.
1010 5173 1080 5226 Eece
1099 5167 1253 5241 provincie
1268 5168 1369 5222 vestrm
1387 5165 1511 5222 ecclesiis
1528 5166 1620 5238 plenae
1638 5169 1715 5221 sunt.
1732 5167 1828 5222 Parati

179 5267 404 5323 Cnmsenissent
418 5266 588 5340 hierapolim
605 5268 727 5323 inludia
741 5267 897 5336 civitatem,
913 5267 958 5322 in·
1010 5281 1079 5336 ergo
1102 5267 1192 5319 estote
1218 5267 1249 5318 ut
1272 5259 1499 5316 sanctificemini.
1525 5281 1539 5309 »
1565 5261 1628 5314 llaec
1652 5265 1681 5315 et
1706 5260 1760 5315 alia
1786 5261 1828 5315 his

143 5378 256 5433 gressus
274 5361 405 5419 abbanes
421 5361 457 5415 ad
477 5361 670 5417 Gondalorum
692 5377 803 5433 regem,
819 5359 960 5416 nuntiavit
1010 5357 1114 5413 similia
1139 5355 1315 5428 principibus
1342 5353 1495 5422 intimavit,
1520 5369 1628 5426 eosque
1654 5353 1690 5410 de
1715 5352 1772 5410 ilde
1801 5357 1830 5408 et

46 5496 52 5509 ,
144 5456 281 5512 Thomam
295 5457 393 5513 adesse
409 5454 615 5528 peritissimum
629 5455 778 5511 artificem.
793 5456 850 5511 ltex
864 5461 960 5511 autem
1010 5468 1090 5508 saera
1103 5449 1241 5522 religione
1257 5448 1400 5505 instruxit.

176 5677 226 5737 (tt)
239 5677 301 5743 Leg.
317 5693 323 5726 :
337 5677 418 5728 coca.
432 5676 470 5728 Le
482 5675 606 5727 Prevost.
1010 5671 1113 5725 snecta
1131 5670 1200 5730 aa,
1220 5682 1260 5731 nr,
1284 5669 1322 5731 tt,
1345 5670 1373 5721 et
1395 5666 1433 5719 Le
1450 5666 1573 5727 Prerost,
1589 5679 1619 5728 ιι,
1640 5667 1680 5731 ll,
1694 5667 1830 5734 palatium

178 5749 225 5814 (aa)
244 5747 287 5802 Ct.
300 5747 374 5818 apud
389 5745 663 5807 Mabtll.1ter.1totte.
678 5759 707 5809 u,
719 5760 746 5812 p.
762 5747 805 5808 tt;
819 5744 961 5810 iterator..
1011 5743 1119 5811 Spoleti
1132 5740 1246 5806 ducum,
1258 5739 1311 5793 sub
1325 5739 1465 5803 annosis,
1477 5737 1656 5804 descriptum.
