3750 6046
88 219 136 277 d'lf
776 219 937 278 oaoaalcl
954 219 1084 279 vituts
1712 222 1761 278 d'lh

87 342 168 398 stella
184 342 406 416 quamplurima.
421 346 509 401 Porro
523 343 675 417 optimates
689 341 737 398 alii
748 343 897 400 Armenio·
910 347 1046 429 Arentes
1062 341 1211 417 applicata
1226 345 1306 400 sunt.
1320 343 1487 412 cursitores,
1505 343 1575 400 dom
1592 342 1630 399 sd
1645 343 1763 399 Pontem

87 452 154 493 rum
174 439 281 493 miram
299 453 364 494 eum
384 437 554 495 exercitibus
571 437 629 493 suis
644 437 831 493 intraverant.
846 439 898 494 Ve-
951 436 1087 492 Ferreum
1109 438 1345 511 propinquarent,
1360 439 1465 494 'lurcos
1484 436 1658 494 invenerunt
1676 437 1763 494 innu-

87 529 232 587 nientibus
250 531 315 602 illis,
332 531 403 587 Allia
423 532 520 588 civitas
540 531 653 587 reddita
672 536 725 599 est,
743 531 900 603 indigena·
951 545 1057 601 meros,
1073 529 1217 587 monitum
1227 531 1406 589 Antiochiam
1418 530 1593 588 festinantes.
1606 531 1708 604 ltaque
1720 547 1763 586 ra·

89 640 145 697 que
162 623 237 680 illius
256 628 351 694 terra,
366 624 481 681 militari
495 625 565 694 rire,
581 625 697 682 nomine
712 625 850 693 Simeoni,
863 624 902 680 ad
950 622 1068 696 pontino
1080 624 1110 679 in
1122 640 1169 680 eos
1181 624 1290 698 impetu
1301 625 1384 695 laeto,
1396 640 1510 698 semper
1522 625 1599 681 enim
1610 622 1764 681 masuam

89 718 295 776 defensandam
308 722 413 776 terram
427 719 579 775 commissa
591 723 643 775 est
658 719 747 790 ltajor
762 719 903 775 exercitus
950 717 1202 789 proficiscebantur
1213 718 1327 787 mmati,
1340 718 1433 774 subito
1446 717 1569 775 conflicti
1581 733 1630 774 eos
1642 722 1766 774 conster-

89 811 251 869 Caesaream
268 812 454 884 Cappadocia
472 811 558 882 venit,
573 812 686 885 quaed
703 813 794 868 solum
812 829 901 885 usque
951 816 1100 867 naverunt.
1120 812 1213 869 llultis
1236 811 1349 881 deletis,
1371 812 1406 868 ad
1430 813 1548 885 proprie
1571 817 1677 880 castra,
1701 827 1766 883 qcssr

90 905 183 962 diruta
204 909 273 961 erat.
295 905 395 964 licina
417 910 524 974 mmen,
545 911 687 979 uteunque
706 906 901 976 subsistentes,
951 920 1038 976 super
1059 904 1187 961 fluminis
1213 905 1290 979 ripas
1316 905 1414 962 metati
1438 905 1565 975 fuerant,
1588 904 1767 961 mduxeruot

90 999 190 1073 quanti
203 998 291 1055 fuerit
304 999 489 1056 testabantur.
951 1013 1052 1053 eorum
1067 997 1222 1069 burdones,
1243 1014 1314 1071 quos
1330 998 1507 1055 multimodis
1524 1000 1641 1054 onustos
1656 997 1767 1053 victua·

124 1092 293 1162 Plasteneia,
305 1092 401 1148 civitas
410 1093 540 1165 pulchra,
551 1097 581 1150 et
590 1093 686 1149 uberis
696 1094 787 1166 gleba
796 1093 901 1167 opima,
951 1090 1025 1146 libus
1037 1096 1067 1146 et
1080 1091 1197 1148 dirersis
1212 1092 1298 1164 garis,
1310 1092 1347 1148 ad
1361 1091 1508 1164 propriam
1520 1090 1667 1147 civitatem
1679 1089 1769 1146 dedu·

90 1201 177 1258 quam
191 1186 283 1254 Terei,
302 1186 387 1258 paulo
407 1193 483 1256 ante,
501 1187 591 1243 tribus
605 1187 772 1244 obsederant
792 1188 901 1245 hebdo-
951 1184 1063 1240 cebant.
1074 1184 1191 1241 Factum
1203 1189 1246 1242 est
1256 1184 1347 1257 igitur
1357 1185 1533 1241 immensum
1544 1184 1576 1240 in
1588 1183 1689 1241 castos
1698 1199 1769 1256 gau·

88 1279 232 1348 madibus,
245 1281 295 1336 sed
314 1280 543 1353 inexpugnabilis
565 1281 728 1337 nullatenus
746 1282 903 1354 expugnari
952 1277 1043 1346 diana
1061 1281 1123 1334 tum
1142 1294 1195 1350 pro
1213 1279 1343 1349 victoria,
1359 1282 1422 1335 urm
1439 1281 1559 1351 propter
1578 1277 1688 1350 opima,
1701 1293 1767 1350 quse

88 1374 192 1446 potuit,
206 1374 373 1430 Christianis
385 1375 461 1431 illico
474 1378 620 1448 gratanter
633 1377 735 1448 patuit.
751 1378 828 1432 lianc
842 1376 903 1449 qui-
951 1370 988 1426 cd
1008 1385 1056 1426 θῦε
1076 1375 1257 1443 reportarant
1276 1372 1435 1443 cursitores,
1455 1371 1555 1444 ⁸polit·
1577 1370 1768 1436 0¹1⁰fidi⁸⁰⁸⁸

15 1512 18 1517 .
91 1467 157 1523 dem
172 1469 272 1523 Petrus
292 1468 327 1523 de
341 1469 413 1524 Allla
431 1468 539 1541 petivit,
556 1475 585 1525 et
602 1470 638 1526 ab
653 1470 837 1541 optimatibus
855 1470 901 1525 in·
952 1478 1023 1535 crgo
1036 1466 1225 1521 eteontinuas
1237 1466 1295 1522 lieo
1312 1464 1475 1523 referebant
1490 1464 1634 1521 laudeset
1647 1464 1767 1536 gratias,

91 1560 244 1617 difficulter
263 1561 396 1630 obtinuit,
418 1562 456 1618 ad
476 1563 612 1618 tuendam
633 1566 662 1619 et
681 1564 903 1637 expugnandam
953 1557 1012 1629 qui,
1027 1574 1080 1631 pro
1098 1574 1149 1614 suo
1167 1574 1265 1614 amore
1280 1559 1399 1615 anatoli
1413 1559 1475 1615 solo
1492 1558 1590 1630 procul
1605 1556 1768 1613 eumentes

89 1657 196 1710 terram
215 1653 395 1712 infidelitate
413 1657 508 1713 Sancti
522 1656 648 1728 Sepuleri
664 1660 693 1713 et
706 1657 902 1715 Christianita-
951 1653 1012 1706 ium
1022 1651 1195 1708 excellenter
1203 1652 1370 1725 protegebat
1378 1652 1454 1708 iuter
1462 1651 1619 1724 phalanges
1628 1650 1769 1708 ethnicas.

89 1746 137 1803 tis.
155 1748 348 1817 Buamnndus,
363 1749 531 1805 militarium
550 1750 730 1822 negotiorum
747 1751 791 1808 rir
805 1720 942 1807 indus·B
1199 1756 1243 1812 lll.
1257 1755 1407 1812 Antiochia
1426 1755 1537 1811 obsidio.

91 1841 171 1910 trius,
190 1841 286 1898 accitis
301 1841 437 1899 militibus
457 1843 492 1899 de
511 1842 568 1899 suis
589 1859 658 1916 quos
677 1844 776 1914 voluit,
790 1845 903 1913 Turoos,
990 1848 1183 1917 buamundus,
1203 1848 1325 1921 pigritia
1341 1849 1386 1904 rel
1405 1847 1600 1905 somnolentias
1619 1862 1771 1919 nunqnam

91 1934 141 2007 qui
164 1935 355 1993 plastenciam
382 1937 566 2006 obsederant,
593 1940 621 1994 et
648 1937 805 1995 exercitum
827 1938 906 1996 haud
953 1943 1149 2016 acquiescens,
1174 1943 1345 2015 irrequietus
1370 1942 1447 1999 enim
1473 1942 1564 1998 homo
1594 1947 1674 2011 erat,
1702 1956 1771 1997 eum

91 2028 179 2100 longe
197 2028 337 2101 preibant
354 2032 386 2085 ut
402 2033 548 2100 nocerent,
563 2031 672 2088 curiose
690 2032 835 2089 insecutus
851 2037 903 2103 est,
954 2042 1077 2109 quatuor
1090 2035 1217 2092 millibus
1228 2036 1354 2092 militnm
1366 2051 1456 2109 prope
1474 2034 1634 2092 Antiochia
1652 2037 1771 2108 portam

92 2123 143 2179 sed
157 2124 271 2192 imistra,
285 2124 421 2195 quoniam
434 2139 482 2181 eos
493 2123 619 2181 invenire
632 2141 690 2180 non
703 2126 805 2198 potuit.
955 2132 1036 2186 caute
1049 2129 1240 2186 clandestinus
1254 2129 1341 2197 venit,
1352 2128 1375 2184 si
1388 2129 1438 2201 qui
1451 2129 1525 2184 forte
1539 2128 1665 2185 beuter
1677 2128 1773 2200 ingre·

126 2218 250 2274 Ventum
264 2220 307 2273 est
320 2218 356 2273 ad
370 2218 476 2289 Ceron,
492 2218 618 2276 nobilem
632 2224 661 2275 et
677 2219 821 2291 copiosam
838 2218 904 2276 eiri-
955 2222 1102 2290 donentur,
1116 2223 1160 2279 rel
1173 2222 1387 2296 egrederentur,
1402 2227 1579 2294 exspectans.

90 2312 191 2381 tutem
201 2326 289 2383 quam
299 2311 409 2367 alumni
419 2310 495 2369 illius
503 2311 680 2382 Christianis,
690 2312 825 2370 iratribus
834 2313 905 2383 suis,
990 2311 1109 2369 Summo
1122 2310 1246 2368 diluenlo
1261 2311 1401 2368 exereitus
1415 2311 1450 2367 de
1464 2311 1536 2379 loeo,
1549 2311 1581 2366 in
1598 2326 1657 2383 quo
1677 2314 1771 2379 arant,

91 2402 213 2460 libenter
222 2403 478 2462 reddiderunt.Ubi
487 2405 576 2462 tribus
585 2406 684 2463 diebus
692 2406 829 2478 fatigatus
837 2423 907 2480 pau·
955 2405 1077 2463 tentoria
1094 2405 1220 2477 collegit,
1233 2404 1413 2461 Antiochiam
1428 2403 1553 2473 sesessit,
1566 2409 1669 2477 quarta
1686 2405 1772 2475 feria,

91 2497 165 2552 savit
182 2497 330 2554 exereitus.
348 2498 481 2555 Relatum
502 2502 545 2554 est
563 2499 660 2555 comiti
673 2500 811 2556 Tolosano
830 2500 907 2572 quod
956 2516 995 2556 ιιι
1013 2499 1151 2555 Kalendas
1168 2498 1345 2567 Novembris,
1361 2498 1486 2554 tenmria
1504 2514 1556 2554 sua
1575 2496 1730 2570 cooptavit,
1744 2500 1775 2553 et

92 2590 185 2658 Turei,
200 2590 250 2662 qui
261 2591 374 2648 fuerant
387 2591 418 2647 in
432 2591 588 2648 Antiochia
604 2592 742 2661 custodia,
757 2593 905 2650 diseeden·
956 2609 973 2649 a
987 2591 1078 2648 tribus
1091 2592 1179 2664 portis
1196 2591 1338 2648 civitatem
1351 2608 1441 2664 usque
1456 2608 1484 2647 ro
1499 2592 1593 2647 Nonas
1610 2590 1688 2647 lunii
1701 2591 1772 2647 siri·

92 2686 137 2740 tes
156 2683 342 2756 aufugissent.
357 2685 455 2758 lgitur,
471 2701 537 2742 eum
553 2687 612 2742 suis
629 2686 807 2756 consiliatus,
820 2687 908 2760 elegit
955 2686 1020 2743 liter
1041 2685 1162 2742 obsedit.
1183 2685 1255 2741 Nam
1274 2685 1364 2741 altera
1386 2688 1467 2757 parte
1489 2685 1605 2741 obsessa
1626 2700 1686 2741 non
1706 2684 1772 2752 fuit,

93 2793 166 2849 quos
178 2777 378 2850 promitteret,
392 2780 441 2852 qui
455 2779 510 2835 iter
522 2778 679 2852 diligenter
690 2781 905 2853 investigarent,
957 2780 1095 2853 quoniam
1110 2784 1171 2836 tam
1189 2779 1328 2851 porrectis
1347 2781 1376 2834 et
1394 2778 1543 2835 inaccessis
1563 2777 1772 2851 coangustaba-

93 2876 122 2927 et
140 2877 243 2928 caetera
259 2873 367 2929 curiose
382 2873 573 2945 explorarent.
589 2873 633 2930 Ad
649 2874 702 2930 hoe
722 2873 822 2931 directi
841 2877 908 2930 sunt
957 2879 1004 2929 tur
1020 2872 1145 2944 seopulis
1159 2875 1188 2928 et
1204 2871 1357 2941 monmnb,
1370 2877 1403 2928 ut
1422 2873 1517 2927 nullus
1530 2871 1595 2927 illae
1612 2887 1643 2927 se
1660 2887 1772 2928 accom-

93 2964 148 3019 viri
165 2965 336 3034 consulares,
353 2969 384 3022 et
402 2965 558 3038 disciplina
574 2967 705 3023 militaris
719 2968 812 3039 gnari.
827 2967 905 3024 llice·
957 2967 1088 3023 modaret
1100 2970 1130 3021 et
1142 2964 1331 3022 obsidendum
1345 2965 1435 3021 loeus.
1448 2965 1556 3021 Nimius
1569 2965 1657 3021 timor
1670 2964 1775 3022 invasit

94 3074 189 3114 comes
201 3059 236 3114 de
249 3057 606 3128 castellione,Guillelmus
618 3060 654 3116 de
666 3061 905 3130 Monte-Peslerio,
917 3084 946 3159 C
957 3060 1150 3117 Antiochenos
1176 3062 1205 3115 et
1235 3075 1334 3115 omnes
1363 3058 1596 3131 circumpositos,
1621 3061 1652 3113 et
1676 3058 1774 3114 nullus

92 3152 193 3207 Petrus
212 3151 249 3208 de
262 3153 353 3209 lleasa
368 3159 397 3209 et
410 3154 509 3209 Petrus
526 3154 712 3222 Raimundus,
728 3171 792 3210 cum
808 3155 905 3212 militi-
957 3170 1057 3211 eorum
1081 3157 1244 3225 exspectare
1269 3153 1440 3209 cursitorum
1464 3152 1584 3208 auderet
1609 3166 1772 3208 occursum.

92 3246 145 3301 bus
167 3246 275 3315 multis,
295 3246 325 3302 in
344 3247 450 3303 vallem
468 3247 627 3304 Antiochia
646 3251 796 3316 venerunt,
817 3251 846 3304 et
867 3248 907 3305 ibi
957 3247 1059 3303 lliebus
1077 3248 1172 3320 itaque
1190 3247 1281 3303 ferme
1294 3263 1329 3301 xv
1347 3245 1496 3302 siluerunt.
1509 3246 1597 3301 l’erra
1610 3261 1687 3315 vero,
1707 3260 1775 3317 qua

93 3355 157 3396 rem
169 3339 252 3395 aliter
266 3338 427 3397 audierunt.
440 3340 522 3396 Turei
537 3340 614 3397 enim
629 3341 744 3415 copiose
759 3357 906 3414 prepara·
957 3341 1032 3396 eirca
1046 3341 1227 3396 Antiochiam
1239 3339 1396 3411 adjacebat,
1412 3341 1498 3411 prout
1509 3336 1590 3394 rallis
1602 3341 1646 3393 est
1659 3338 1772 3406 fertilis,

93 3432 162 3490 bant
175 3449 205 3490 se
219 3434 257 3490 ad
272 3434 477 3491 defensandam
491 3435 600 3492 urbem.
957 3438 1019 3492 erat
1034 3434 1188 3503 uberrima,
1201 3433 1303 3489 vinetis
1317 3433 1433 3501 referta,
1445 3432 1584 3489 fructibus
1597 3436 1628 3487 et
1639 3431 1774 3504 frugibus

24 3528 27 3535 '
128 3529 226 3583 Petrus
249 3528 283 3584 de
307 3529 407 3598 ltoasa,
430 3528 576 3585 declinans
595 3528 631 3585 ab
654 3528 726 3598 aliis,
750 3529 851 3586 vallem
872 3532 908 3588 de
954 3529 1091 3601 J'ueunda,
1103 3527 1253 3584 arboribus
1268 3542 1432 3598 nemorosa,
1448 3526 1536 3582 bortis
1549 3525 1649 3598 opima
1661 3529 1691 3582 et
1707 3542 1773 3597 pas·

94 3621 186 3693 {lugia
206 3621 341 3692 introivit,
363 3623 543 3695 inventisque
561 3622 658 3679 'loreis
679 3622 907 3696 quamplurimis,
957 3624 1018 3681 cuis
1031 3621 1178 3694 opulenta.
1194 3621 1233 3677 lle
1245 3620 1357 3676 civitate
1368 3618 1494 3676 Armenii
1507 3619 1591 3674 multi
1604 3623 1634 3675 et
1645 3617 1773 3687 Suriani,

94 3715 220 3788 graviter
240 3732 288 3772 eos
309 3715 422 3786 cecidit,
445 3716 587 3790 supererit
608 3720 694 3789 atque
715 3716 833 3789 fugarit.
853 3719 907 3773 Ar·
957 3715 1122 3785 Christiani,
1140 3713 1192 3770 sed
1212 3713 1309 3770 loreis
1330 3711 1454 3779 obnoxii,
1473 3711 1572 3784 fugam
1591 3712 1773 3781 simulantes,

93 3809 191 3878 monii,
207 3810 310 3866 auditis
328 3810 460 3867 secundis
478 3811 654 3866 successibus
669 3809 906 3882 Christianomm,
959 3809 1095 3866 audacter
1113 3807 1144 3865 in
1163 3810 1254 3863 eastra
1272 3806 1398 3874 eribant,
1419 3804 1627 3869 mendicantes,
1642 3806 1774 3861 eastrem

91 3902 289 3976 frequentibus
309 3919 424 3976 quoque
445 3904 607 3960 infortuniis
627 3919 820 3976 paganorum,
842 3904 907 3960 red·
958 3903 1033 3958 sium
1057 3917 1118 3958 esse
1145 3899 1339 3973 explorabant,
1366 3903 1396 3956 et
1419 3902 1579 3955 remeantes
1602 3898 1701 3954 Tuscis
1729 3898 1774 3954 in·

92 3996 228 4052 diderunt
245 3996 328 4052 Petro
347 3997 454 4052 liuram
475 3997 629 4064 civitatem,
650 3999 681 4051 et
701 3997 813 4052 castella
833 4013 909 4069 ques·
958 3996 1107 4065 timebant,
1130 3999 1160 4050 et
1182 3995 1222 4050 sic
1244 3993 1285 4050 eis
1308 3993 1431 4050 multum
1452 3991 1581 4049 oberant.
1602 3991 1775 4049 Antiocheni

94 4088 172 4144 dam.
185 4089 271 4160 ltajor
285 4087 423 4148 exereitus
437 4088 551 4145 difficile
565 4089 620 4145 iter
633 4104 785 4162 aggressus
800 4094 853 4147 est.
869 4090 909 4146 lbi
958 4106 1038 4163 ergo,
1066 4087 1216 4161 patefactis
1244 4086 1435 4143 castrensium
1460 4085 1596 4153 consiliis,
1623 4088 1777 4158 eoeperunt

95 4180 298 4254 gradiebantur
319 4181 447 4254 rependo
469 4198 520 4254 per
542 4185 678 4239 monmna
701 4182 786 4239 nimis
807 4199 909 4255 aspera
958 4183 1093 4258 paulatim
1117 4181 1251 4255 intrepidi
1274 4180 1401 4253 prodire,
1422 4182 1451 4236 et
1471 4179 1639 4252 peregrinos
1660 4194 1776 4252 aggres-

95 4279 124 4331 et
141 4276 300 4347 scopulosa,
321 4275 370 4330 ubi
389 4275 483 4332 tristes
501 4276 575 4332 mira
593 4276 720 4350 perpessi
739 4279 806 4332 sunt
820 4275 908 4333 detri·
959 4278 1036 4334 sibus
1055 4279 1253 4348 coangustare,
1267 4277 1297 4329 et
1315 4273 1445 4329 incautos
1466 4271 1620 4340 trucidare,
1641 4275 1670 4329 et
1688 4272 1776 4329 latro·

93 4373 199 4425 manu.
229 4368 442 4427 collidebantur
470 4374 498 4425 et
525 4369 803 4443 conquassabantur,
830 4369 907 4426 labo-
959 4371 1051 4439 ciniis,
1078 4369 1197 4442 aliisque
1224 4365 1514 4425 circumventionibus
1537 4380 1704 4437 aggravare.
1733 4365 1778 4422 Sic

93 4465 191 4519 rantes
214 4464 243 4519 et
264 4461 428 4519 deficientes
451 4479 501 4536 per
522 4462 598 4518 viam
621 4463 738 4520 inviam.
761 4449 990 4522 habebar-Diu
1009 4463 1130 4520 circuitu
1148 4478 1248 4519 omnes
1265 4462 1325 4517 rias
1348 4458 1527 4526 obsidebant,
1543 4462 1572 4516 et
1589 4458 1696 4515 amari
1715 4463 1778 4515 eta

93 4559 141 4613 tur
158 4557 225 4630 equi
244 4557 274 4612 iu
294 4556 422 4613 immane
442 4556 642 4631 precipitium.
657 4555 746 4628 llulti,
762 4556 845 4631 equis
865 4557 908 4614 rel
957 4557 1103 4615 moutmds
1121 4555 1217 4612 omnia
1231 4554 1398 4612 Christianis
1417 4551 1603 4610 claudebant.
1621 4553 1706 4623 Pejus
1720 4552 1776 4608 ita·

4 4698 8 4709 .
93 4649 251 4707 clitellariis
276 4667 341 4707 cum
372 4650 456 4707 rebus
482 4649 667 4723 superpositis
697 4650 756 4706 illie
781 4651 907 4719 amissis,
959 4668 1016 4725 que
1036 4650 1241 4707 obsidebantur
1259 4647 1309 4722 qui
1326 4647 1394 4704 foris
1412 4649 1502 4717 eraut,
1522 4662 1609 4720 quam
1626 4646 1677 4718 qui
1697 4646 1777 4702 intus

92 4745 241 4818 pauperati
254 4750 329 4800 sunt.
343 4747 494 4818 Postquam
508 4744 687 4800 calamitosas
700 4744 848 4816 angustias
863 4745 909 4799 rix
959 4745 1118 4801 latitabant.

93 4840 253 4907 eraserunt,
280 4838 317 4894 ad
342 4838 499 4910 quamdam
525 4837 678 4907 civitatem,
705 4854 770 4911 quae
793 4840 909 4894 vocatur
994 4834 1034 4890 lle
1045 4831 1175 4907 proximo
1189 4831 1303 4889 rastello
1317 4832 1384 4888 satis
1402 4828 1523 4899 munito,
1539 4829 1658 4886 nomine
1671 4829 1775 4900 Areeh,

92 4930 229 5000 iteratim,
259 4931 445 4988 diverterunt.
472 4934 613 4989 Convenae
640 4947 707 4987 raro
734 4930 909 4987 nostratibus
958 4927 1041 4984 'lurei
1054 4926 1269 4985 inchristianos
1281 4925 1438 4992 irruebant,
1449 4922 1615 4996 insidiisque
1627 4922 1779 4995 indigena·

93 5025 240 5096 copiosum
262 5028 422 5082 mereatum
444 5025 618 5082 detulerunt.
641 5024 682 5080 lbi
705 5024 910 5097 aliquantisper
958 5037 1025 5078 rum
1045 5019 1130 5077 multi
1149 5019 1350 5077 occubuerant.
1368 5017 1524 5091 optimates
1538 5033 1607 5089 ergo
1622 5016 1777 5073 Christiam

94 5117 233 5175 demorati
258 5123 334 5186 sunt,
356 5118 447 5174 donee
468 5117 679 5192 quantumlibet
699 5124 908 5175 recrearentur.
959 5115 1152 5183 condolentes,
1166 5112 1262 5170 loreis
1280 5112 1475 5180 obviaverunt,
1491 5112 1528 5168 ad
1542 5110 1710 5167 conflictum
1726 5128 1779 5168 eos

92 5212 160 5267 Post
183 5210 254 5275 haee,
277 5211 399 5283 ingressi
419 5217 487 5267 sunt
507 5213 611 5270 vallem
632 5210 780 5285 inclytam,
801 5211 908 5284 spatio·
959 5210 1195 5281 provocaverunt,
1216 5205 1297 5262 etad
1315 5206 1420 5273 locum,
1440 5203 1489 5260 nbi
1503 5203 1690 5261 Buamundns
1710 5220 1780 5261 eum

95 5320 158 5360 sam
173 5306 202 5361 et
216 5303 345 5372 uberem,
360 5303 391 5360 in
404 5320 460 5378 qua
477 5305 557 5379 regia
576 5310 606 5363 et
621 5305 728 5363 famma
740 5304 838 5362 civitas
850 5307 908 5362 An·
959 5302 1061 5359 suisio
1081 5299 1193 5358 insidiis
1213 5299 1339 5369 delituit,
1360 5299 1460 5371 fugam
1481 5297 1634 5369 lingentes,
1656 5296 1780 5355 mimter

95 5395 201 5453 tioehia
223 5396 278 5452 sita
300 5401 353 5467 est,
377 5413 441 5471 qua
467 5399 554 5455 totius
577 5398 667 5472 Syria
688 5397 857 5471 metropolis
881 5401 911 5456 et
959 5395 1183 5454 declinaverunt.
1198 5394 1239 5451 lbi
1259 5391 1485 5452 Christianorum
1502 5390 1560 5447 duo
1580 5389 1671 5447 millia
1692 5389 1779 5448 occisi

94 5489 227 5563 prinecps
248 5495 301 5559 est,
320 5489 350 5546 in
370 5507 429 5564 qua
448 5491 629 5565 primicerius
647 5492 843 5568 apostolorum
861 5494 910 5549 Pe·
959 5496 1037 5549 sunt.
1056 5491 1145 5547 Porro
1163 5487 1358 5556 Buamundus,
1377 5484 1522 5558 preliator
1538 5483 1720 5553 sorduimus,
1740 5484 1778 5541 ds

95 5586 157 5639 trus
171 5583 336 5641 cathedram
355 5585 456 5642 babuit
471 5584 676 5658 pontificalem.
691 5588 781 5657 Nune,
800 5586 909 5643 occulto
959 5582 1071 5641 insidiis
1096 5581 1224 5640 concitus
1251 5581 1391 5651 surrexit,
1419 5583 1450 5635 st
1472 5579 1579 5635 lurcos
1602 5592 1776 5650 eggressus,

96 5676 144 5733 llei
162 5676 282 5750 judicic,
300 5678 350 5735 sed
364 5678 452 5752 justo,
473 5678 603 5752 plurima
621 5679 652 5737 in
672 5695 705 5738 ea
724 5678 848 5737 aedesio
866 5679 909 5735 di·
960 5677 1066 5735 multos
1089 5675 1221 5750 peremit,
1242 5679 1274 5732 et
1294 5673 1435 5749 quosdam
1456 5671 1536 5730 siros
1556 5670 1685 5740 sedauit,
1705 5686 1779 5744 quas

95 5775 167 5828 ruta
187 5776 263 5842 sont,
289 5775 317 5830 et
337 5772 510 5846 quibusdam
531 5772 663 5831 humanis
685 5773 781 5832 usibus
802 5773 909 5832 irrera
961 5774 1029 5831 ants
1053 5776 1166 5845 portam
1189 5768 1310 5829 civitatis
1335 5766 1498 5827 selemniter
1524 5765 1555 5823 in
1581 5764 1779 5840 spechealnm
