3750 6046
57 214 111 268 6611
482 206 638 265 HISTORIA
656 205 921 266 Etctustssttce.
935 233 969 249 ··
983 205 1069 264 PARS
1087 207 1134 262 lll.
1149 235 1183 248 -
1196 207 1259 265 LlB.
1279 208 1324 265 tx.
1688 208 1739 269 666

55 354 142 394 sanus
156 352 253 394 comes
265 337 477 405 remanserunt,
492 335 581 391 donec
591 334 632 391 eis
644 334 679 390 de
692 336 819 390 mercato
832 349 875 389 aa·
884 338 1070 422 Avaserunt,
1102 339 1325 405 superaverunt,
1358 334 1549 408 fugaverunt,
1581 334 1735 407 multisque

62 431 189 487 tsfieret.
212 429 388 486 Godefredns
409 444 475 484 vero
498 429 555 484 dux
574 444 639 484 cum
656 428 719 484 aliis
740 429 872 485 Nicome-
923 426 1079 499 peremptis
1097 426 1238 482 victoriosi
1258 426 1413 484 redierunt.
1429 428 1534 484 Deinde
1555 428 1736 486 1161666666

63 522 136 580 dnm
161 525 248 594 venit,
274 522 372 596 ibique
396 538 462 578 cum
486 522 632 578 Tancredo
658 522 749 578 tribus
775 521 873 577 diebus
922 536 1016 578 eomes
1030 526 1059 577 61
1080 521 1229 577 116166666
1244 521 1394 594 episcopus
1407 538 1473 578 eum
1493 522 1664 578 exercitibus
1677 521 1735 579 suis

61 618 175 675 mansit.
199 616 308 674 Deinde
330 615 397 684 661,
415 616 527 689 cognito
549 615 627 688 quod
648 616 738 685 nulla,
754 632 810 689 666
832 618 875 672 161
923 614 1220 686 valdelaboraverunt,
1230 615 1591 688 multisquemodisnrbem
1603 616 1734 688 aggressi

61 714 190 768 61166116
206 715 305 783 gentes
317 712 434 783 possent
446 710 611 783 procedere,
626 712 738 782 pateret
751 709 805 779 via,
821 709 873 766 mi·
890 767 892 771 ,
923 713 989 765 6661
998 726 1006 778 ;
1023 712 1121 765 contra
1138 726 1210 783 quos
1229 709 1335 767 obsessi
1349 709 1504 767 6166616116
1523 709 1633 765 nisibus
1646 709 1733 768 obsti·

60 804 105 874 sit,
121 806 170 878 qui
183 803 299 877 rupium
314 807 344 861 61
357 802 497 860 61661166
507 804 726 876 complanarent
739 803 873 875 66166161·
922 805 1027 858 terunt.

60 897 110 965 116,
133 897 283 954 hominum
296 897 352 954 tria
373 895 471 954 millia.
496 897 550 963 Qui
573 896 694 970 acceptis
716 896 872 968 securibus,
958 896 1083 952 Tandem
1096 896 1248 953 Christiani
1262 896 1348 953 duces
1366 897 1397 952 in
1418 911 1508 952 unum
1526 902 1734 966 convenerunt,

59 990 144 1046 asciis
164 994 191 1046 61
213 991 326 1061 6166116,
350 991 470 1064 61116666
488 990 668 1048 multimodis
690 990 874 1047 ferramentis
923 993 952 1046 61
971 990 1026 1046 666
1048 989 1147 1048 ordine
1168 990 1301 1061 6166166,
1321 989 1460 1063 bithynie
1481 990 1591 1061 urbem,
1616 991 1736 1047 obsede-

59 1085 94 1140 66
108 1088 221 1141 6616616
234 1090 264 1143 61
274 1085 397 1142 frutecta
408 1085 563 1158 stirpanda,
578 1085 615 1141 ad
629 1088 776 1157 prerupta
789 1100 870 1140 mon·
922 1088 999 1140 runt.
1015 1086 1123 1140 61666
1138 1089 1217 1157 parte
1236 1085 1408 1140 6666661661
1427 1101 1491 1140 666
1508 1084 1692 1141 buamundus
1705 1087 1736 1141 et

59 1179 134 1234 11616
160 1179 343 1252 coequanda,
365 1179 439 1235 61661
464 1178 599 1235 exercitui
623 1180 872 1252 preparavemnt,
921 1177 1092 1247 Tancredus,
1114 1178 1196 1251 juxta
1218 1194 1297 1251 quos,
1324 1194 1390 1234 cum
1416 1177 1550 1234 fratribus
1577 1178 1646 1246 suis,
1676 1177 1735 1235 661

58 1271 219 1344 positisque
247 1271 279 1328 in
310 1273 401 1328 altum
431 1271 543 1344 signis,
571 1288 635 1345 quea
667 1271 873 1343 subsequentes
922 1271 1104 1327 Godefredus.
1135 1270 1240 1327 Deinde
1264 1271 1436 1339 bedbertus,
1462 1271 1603 1327 11666116
1626 1287 1734 1342 66666,

58 1368 275 1437 cognoscerent,
289 1366 410 1423 neforte
423 1365 580 1434 deviarent,
596 1363 721 1421 Nicaeam
734 1363 874 1437 Bithynia
922 1369 1055 1421 strenuas
1081 1363 1125 1419 vir
1149 1366 1178 1420 61
1202 1364 1284 1421 61166
1309 1365 1521 1422 audacissimus.
1546 1368 1632 1421 Juxta
1655 1365 1733 1423 hunc

58 1465 214 1516 venerunt.
921 1457 1091 1528 liodbertus,
1104 1458 1334 1514 Normannorum
1356 1458 1424 1529 dux,
1440 1461 1469 1514 et
1492 1458 1652 1531 Stephanus
1668 1459 1733 1516 Car-

57 1561 115 1616 611,
139 1564 238 1621 prm
258 1564 432 1634 mmm,
459 1563 575 1619 gfflmr
599 1565 731 1618 mersus
755 1562 872 1618 mgr.
921 1551 1050 1607 notensis
1069 1567 1175 1621 comes,
1195 1556 1226 1608 61
1245 1553 1325 1624 llugo
1347 1567 1442 1608 comes
1462 1551 1497 1608 de
1514 1554 1616 1609 Sancto
1636 1554 1734 1623 Paulo,

109 1641 685 1712 6616666166666666611666666666
703 1644 815 1698 116666.
922 1646 1054 1702 Conenus
1070 1660 1184 1718 quoqne
1206 1644 1293 1714 Brito,
1314 1643 1388 1700 111166
1409 1644 1539 1701 Geufrcdi
1560 1645 1684 1715 comitis,
1708 1651 1737 1703 et

91 1737 200 1794 Castris
221 1738 315 1811 itaque
330 1739 423 1811 pridie
443 1739 536 1796 Nonas
554 1739 618 1795 11611
640 1739 763 1808 6616116,
777 1715 1059 1796 tento-Biladulfue
1081 1736 1116 1794 66
1138 1737 1258 1808 1166661,
1282 1742 1311 1794 61
1337 1737 1476 1810 hogerius
1501 1738 1536 1793 de
1564 1739 1733 1810 Barnevilia,

56 1831 167 1903 riisque
190 1831 408 1889 occidentalium
430 1832 539 1902 locatis,
562 1832 674 1888 obsessa
699 1836 742 1889 est
769 1833 873 1902 Nicaea,
923 1846 988 1887 cum
1006 1830 1064 1886 suis
1082 1830 1256 1903 agminibus.
1271 1830 1438 1903 16666166
1460 1846 1527 1888 vero
1544 1831 1735 1890 meridianam

57 1925 148 1981 totius
171 1924 318 1981 Romanioe
340 1930 435 1999 caput,
464 1926 530 1983 urbs
548 1925 748 1996 munitissima,
775 1929 874 1999 utpote
922 1924 1075 1980 Tolosanus
1096 1927 1125 1980 61
1143 1923 1288 1980 Pediensis
1302 1924 1492 1981 excubabant.
1512 1925 1559 1980 1611
1580 1924 1676 1999 116666
1696 1925 1737 1982 616

56 2035 146 2091 quam
167 2019 350 2075 ostentabant
369 2018 621 2093 inexpugnabilem
637 2035 709 2088 esse,
722 2019 753 2075 in
769 2019 873 2076 coelum
924 2017 1025 2073 urbem
1039 2016 1296 2088 circumdederant,
1308 2022 1341 2073 ut
1357 2033 1441 2074 nemo
1450 2017 1564 2090 ingredi
1577 2019 1621 2074 vel
1635 2018 1735 2091 egredi

55 2117 190 2184 porrecte
202 2112 317 2183 661616,
334 2113 467 2184 lacusque
482 2112 624 2184 adjacens,
639 2111 784 2169 civitatem
800 2129 817 2168 a
832 2113 872 2168 la·
922 2117 1029 2184 posset,
1045 2111 1100 2165 nisi
1114 2110 1177 2166 lacu
1194 2126 1250 2183 666
1266 2111 1366 2167 6161166
1383 2111 1559 2184 cingebatur.
1573 2113 1626 2169 Per
1639 2113 1734 2168 lacum

55 2210 117 2261 tere
129 2205 260 2276 cingens.
274 2207 306 2260 ln
320 2205 422 2277 primis
433 2205 473 2261 ibi
486 2208 549 2262 tam
562 2206 730 2263 calamitosa
742 2205 798 2261 fuit
812 2206 874 2262 ino·
924 2204 1041 2276 quippe,
1056 2203 1223 2261 Christianis
1243 2203 1415 2274 videntibus,
1432 2204 1523 2260 securi
1544 2205 1667 2277 gentiles
1686 2222 1737 2261 na·

55 2299 103 2370 pia
116 2297 210 2370 panis,
225 2300 378 2371 antequam
391 2301 536 2355 mercatus
550 2299 585 2355 ab
607 2299 781 2371 imperatore
803 2299 873 2355 diri-
922 2298 1071 2370 rigabant,
1092 2296 1202 2371 sibique
1224 2298 1381 2353 necessaria
1402 2297 1517 2370 navigio
1540 2298 1735 2356 devectabant.

56 2395 188 2462 geretur,
202 2393 235 2446 61
248 2391 271 2446 61
288 2392 422 2464 6666666
433 2408 507 2448 6666
520 2392 601 2465 66616
614 2392 823 2463 166661666161,
836 2392 874 2448 vi·
922 2393 1029 2447 Verum
1042 2390 1147 2447 Christi
1160 2390 1263 2447 militia
1279 2390 1460 2447 laudabiliter
1473 2391 1597 2448 Niceam
1616 2392 1737 2449 obsede-

56 2485 133 2558 ginti
154 2485 199 2539 vel
221 2483 341 2557 triginta
363 2485 486 2540 denariis
508 2489 661 2542 emeretur.
680 2487 735 2542 Sed
756 2488 815 2542 Deo
838 2486 874 2542 de
923 2489 978 2554 rat,
1001 2488 1030 2541 et
1053 2487 1145 2540 castra
1163 2484 1297 2557 speciosa,
1314 2485 1496 2558 tentoriaque
1522 2485 1677 2558 imperiosa
1703 2485 1733 2542 16

56 2579 115 2633 6616
141 2583 325 2650 procurante,
349 2577 498 2634 confestim
525 2579 708 2634 Buamundus
732 2579 821 2648 venit,
846 2583 875 2636 61
922 2577 1026 2635 Christi
1048 2577 1163 2633 nomine
1184 2578 1341 2651 prudenter
1363 2578 1549 2651 disposuerat.
1574 2578 1737 2652 1111666661

56 2671 206 2743 copiosum
216 2673 294 2727 terra
307 2671 438 2744 marique
452 2671 608 2727 exercitum
619 2671 746 2727 deduxit.
757 2672 874 2744 1666166
923 2671 954 2727 16
971 2670 1057 2727 66616
1077 2670 1239 2743 Christiani,
1252 2672 1435 2745 maximeque
1448 2673 1478 2727 16
1499 2688 1612 2729 morum
1632 2676 1736 2729 ornatu

56 2765 156 2838 itaque
170 2764 335 2820 victualium
350 2763 464 2821 ubertas
478 2770 597 2837 repente
618 2765 695 2821 16616
710 2769 753 2822 661
770 2766 801 2821 16
815 2768 875 2822 1616
924 2767 1007 2822 61661
1026 2765 1224 2821 decentissimi.
1245 2765 1340 2821 116661
1362 2765 1499 2835 6611666,
1521 2766 1614 2839 vegeti
1640 2783 1737 2839 corpo·

56 2858 161 2915 Christi
175 2858 287 2915 militia.
923 2858 1020 2929 ribus,
1046 2858 1166 2914 animosi
1192 2858 1354 2931 pectoribus
1379 2860 1547 2916 militabant.
1573 2859 1736 2917 Animabus

89 2954 121 3009 16
137 2953 184 3009 616
198 2954 296 3008 antem
309 2952 463 3009 Dominicae
477 2952 653 3010 ascensionis
668 2952 795 3025 aggressi
805 2955 875 3009 sunt
923 2953 982 3007 suis
1000 2952 1206 3024 precavebant,
1220 2952 1311 3008 carnis
1330 2953 1521 3009 voluntatibus
1542 2956 1572 3009 et
1588 2953 1738 3026 voluptati·

57 3047 158 3102 urbem
171 3062 351 3119 expugnare,
367 3048 395 3102 61
406 3046 515 3118 ligneas
532 3050 631 3103 contra
651 3047 792 3102 muralem
812 3046 875 3102 6111-
923 3045 976 3101 666
1005 3045 1101 3101 66616
1122 3044 1218 3101 11116116
1241 3045 1421 3102 abdicabant.
1445 3046 1502 3118 lpsi
1524 3047 1612 3102 duces
1636 3046 1738 3103 milita·
1847 3120 1850 3125 Ι

56 3140 190 3196 tudinem
214 3139 361 3196 machinas
385 3139 509 3211 erigere.
534 3140 587 3195 Per
610 3140 680 3195 duos
701 3139 790 3212 igitur
813 3139 875 3195 dies
922 3138 1003 3210 bant,
1020 3138 1173 3211 66616666
1188 3137 1382 3211 disponentes,
1397 3139 1527 3212 aliosque
1543 3140 1736 3210 cohortantes,

57 3233 162 3289 acriter
183 3232 350 3289 infestantes
371 3232 525 3304 civitatem,
544 3233 638 3289 conati
660 3238 726 3289 sunt
747 3232 873 3289 effodere
923 3230 978 3304 ipsi
1003 3231 1188 3289 excubabant.
1210 3231 1252 3288 lbi
1274 3235 1335 3288 6161
1358 3233 1487 3288 666166
1508 3249 1606 3289 16166
1629 3249 1737 3306 magna

57 3343 186 3383 murum.
199 3325 335 3395 Gentiles,
353 3327 403 3399 qui
424 3327 502 3382 intus
519 3329 609 3397 erant,
625 3332 740 3382 econtra
754 3325 874 3382 viriliter
924 3324 1121 3381 communitas.
1140 3325 1270 3399 Episcopi
1290 3325 1416 3398 66611616
1432 3326 1467 3382 66
1482 3327 1656 3382 66611666116
1678 3343 1736 3383 ser·

56 3421 176 3490 instare,
196 3436 296 3475 muros
317 3424 490 3492 penatesque
514 3435 579 3475 suos
599 3426 703 3492 magna
724 3419 751 3475 vi
774 3420 872 3475 defen·
923 3419 1154 3487 mocinabantur,
1169 3434 1256 3474 omne
1268 3424 1391 3475 scortum
1406 3423 1434 3475 et
1447 3419 1566 3475 abusum
1585 3420 1621 3477 66
1641 3420 1737 3476 66616

58 3531 130 3585 sare,
144 3513 257 3586 lapides
275 3515 304 3568 et
323 3513 428 3585 spicula
449 3513 585 3585 dirigere,
603 3512 710 3585 clypeis
729 3529 759 3568 se
779 3519 873 3585 prote·
923 3517 1080 3568 castrorum
1095 3511 1343 3568 abominabantur.

57 3624 125 3681 gere
138 3610 169 3664 et
189 3606 401 3678 supervenienti
420 3606 545 3662 telorum
568 3606 667 3663 nimbo
686 3606 821 3663 audacter
842 3623 873 3662 se
958 3604 1039 3661 Turci
1051 3605 1169 3660 interim
1187 3621 1240 3677 pro
1261 3603 1437 3661 defensanda
1454 3605 1525 3663 urbe
1546 3606 1735 3678 desudabant,

58 3701 254 3776 6666661611
273 3700 391 3773 regione
409 3700 480 3756 Galli
501 3698 574 3756 nihil
594 3699 768 3755 intentatum
789 3698 874 3755 relin·
923 3700 952 3755 61
965 3715 1019 3771 661
1033 3698 1136 3766 16666,
1149 3697 1316 3754 Christianis
1336 3697 1508 3769 videntibus,
1524 3702 1586 3754 tute
1606 3699 1689 3755 ibant
1706 3704 1735 3756 et

31 3846 36 3855 .
58 3812 158 3868 quere,
175 3795 374 3850 consertorum
396 3793 539 3849 testudine
560 3798 702 3850 scutorum
724 3809 753 3849 se
777 3793 873 3850 occul·
922 3790 1063 3847 redibant.
1087 3791 1183 3846 Franci
1206 3790 1295 3863 igitur
1314 3791 1418 3861 moesti,
1437 3791 1561 3864 qualiter
1580 3791 1620 3847 eis
1640 3792 1735 3849 lacum

57 3894 126 3959 tare,
141 3891 171 3944 et
191 3887 231 3943 sic
248 3886 410 3959 jaculorum
429 3886 591 3958 ingruentia
611 3885 747 3955 devitare,
763 3892 792 3942 et
810 3903 872 3959 per·
923 3884 1077 3953 auferrent,
1096 3884 1252 3940 machinati
1271 3888 1346 3941 sunt.
1363 3885 1484 3957 Legatos
1502 3886 1736 3960 Constantinopo-

56 3999 132 4055 saepe
156 3981 322 4038 fatiscentes
336 3980 464 4037 obsessos
482 3979 628 4036 lacessere.
646 3979 726 4036 Cives
744 3979 872 4049 interim,
923 3978 973 4034 lim
992 3977 1163 4049 direxerunt,
1178 3981 1206 4035 61
1221 3977 1288 4052 6616
1309 3981 1410 4035 666116
1426 3979 1522 4035 hostes
1538 3980 1737 4050 praevidissent

56 4075 150 4132 missis
166 4073 285 4143 6661116,
299 4091 316 4130 6
329 4073 534 4130 contribulibus
548 4073 605 4128 suis
620 4075 649 4129 et
668 4072 801 4128 affinibus
823 4073 875 4129 ad·
924 4071 1078 4144 agendum,
1092 4074 1220 4145 Augusto
1235 4073 1353 4129 solerter
1365 4073 1545 4129 intimarunt.
1560 4074 1623 4130 1161
1640 4075 1736 4150 impe-

54 4168 198 4242 jutorinm
223 4171 422 4236 convocarunt,
449 4169 599 4224 dicentes:
628 4167 803 4235 Accelerote3
824 4183 874 4238 per
923 4168 1012 4234 16161,
1038 4165 1144 4222 6661116
1169 4181 1269 4222 66666
1297 4166 1490 4238 petitionibus,
1518 4169 1679 4241 acquievit,
1709 4175 1738 4226 61

55 4263 239 4319 6661616666
257 4267 374 4332 portum,
394 4261 465 4318 61111
477 4261 668 4330 formidantes,
678 4263 794 4325 intrate,
811 4276 874 4332 que
924 4259 1023 4315 omnia
1035 4258 1192 4314 secundum
1206 4259 1447 4331 dispensationem
1467 4276 1567 4317 eorum
1583 4261 1646 4318 fleri
1666 4279 1737 4335 6116-

57 4358 147 4412 adbuc
169 4357 204 4411 nb
226 4357 301 4411 omni
318 4361 400 4411 66661
420 4355 576 4411 obsidione!
596 4356 695 4424 Porro,
719 4354 874 4410 auxiliante
924 4352 1473 4425 666111316666661616116111666611
1495 4355 1582 4411 boves
1600 4355 1737 4412 festinen-

57 4450 126 4519 Deo,
151 4449 278 4505 multum
301 4448 382 4505 aliter
400 4449 494 4504 evenit
515 4448 575 4504 hec
598 4447 787 4520 sperantibus.
812 4442 969 4520 lpsther
988 4444 1103 4501 adducti
1121 4449 1196 4512 sunt,
1211 4449 1239 4499 et
1257 4444 1385 4502 velivofae
1406 4463 1491 4502 naves
1504 4452 1621 4519 portum
1633 4447 1736 4505 Cheve·

58 4545 136 4600 enim
159 4543 218 4613 die,
237 4541 358 4599 sabbato
380 4542 485 4598 scilicet
510 4547 573 4614 post
596 4541 796 4597 decensionem
822 4544 876 4598 Do·
923 4541 967 4594 161
979 4539 1160 4611 6666161661.
1173 4538 1324 4611 Turcopoli
1338 4540 1426 4595 etiam
1440 4540 1602 4597 adfuerunt.
1618 4539 1736 4614 Scaphae

10 4606 16 4683 1
56 4638 141 4706 mini,
157 4634 305 4692 Podiensis
318 4636 467 4708 episcopus
481 4640 509 4690 61
522 4635 677 4689 Tolosanus
690 4650 788 4690 comes
806 4633 874 4690 illuc
925 4632 1048 4688 carrucis
1061 4629 1243 4705 superpositae
1257 4637 1333 4701 sunt,
1351 4635 1379 4688 61
1393 4632 1484 4690 66666
1498 4635 1567 4690 huic
1584 4635 1666 4707 operi
1682 4636 1735 4691 mi·

57 4731 250 4797 advenerant,
275 4730 372 4801 eisque
393 4729 428 4785 ab
454 4728 516 4784 aliis
543 4727 720 4800 principibus
743 4727 874 4783 australis
925 4724 1227 4797 cisterciensesque
1248 4723 1285 4780 66
1307 4725 1483 4798 crepidinem
1506 4727 1582 4784 lacus
1595 4727 1736 4786 laboriose

56 4829 138 4895 porta
159 4822 310 4879 commissa
333 4822 397 4878 fuit.
424 4823 523 4878 Comes
545 4821 641 4893 itaque
663 4821 809 4877 Saracenis
834 4837 875 4877 ee·
925 4819 1053 4876 66666116
1073 4822 1148 4874 6661.
1171 4819 1258 4875 116616
1277 4819 1363 4875 161116
1384 4820 1580 4891 incumbente,
1601 4838 1686 4879 naves
1706 4822 1737 4878 in

10 4930 15 4989 ς
56 4933 123 4973 6616
138 4914 355 4971 accurrentibus
368 4931 402 4971 ex
417 4914 572 4984 improviso
591 4917 717 4970 armatus
739 4912 873 4983 obviavit,
924 4913 1017 4969 lecum
1025 4912 1329 4986 impegerunt,easquc
1340 4914 1504 4987 Turcopolis
1515 4915 1735 4973 mandaverunt.

10 5052 16 5069 .
56 5015 83 5064 61
96 5007 245 5066 exercitus
265 5008 326 5079 ejus
340 5012 426 5078 totus,
448 5008 478 5063 in
502 5007 589 5063 armis
603 5006 875 5080 speciosus,berba·
924 5006 1094 5080 Crepusculo
1118 5005 1173 5062 diei
1196 5005 1365 5077 albescente,
1386 5009 1480 5063 lacum
1501 5009 1643 5066 sulcantes
1664 5011 1738 5068 ordi·

10 5106 13 5171 J
56 5121 116 5160 rem
133 5101 325 5158 stoliditatem
338 5101 457 5157 viriliter
478 5100 593 5172 repulit.
614 5099 757 5171 Saraceni,
778 5100 875 5156 multis
924 5101 999 5169 nate,
1020 5097 1176 5154 tendebant
1200 5115 1310 5172 puppes
1332 5101 1367 5156 66
1388 5101 1500 5158 urbem.
1526 5101 1615 5174 Cives,
1640 5106 1735 5162 laeum

56 5212 179 5254 suornm
204 5194 325 5265 amissis,
350 5195 474 5266 turpiter
506 5194 653 5266 fugerunt,
687 5198 715 5250 et
746 5192 827 5249 facile
858 5209 875 5248 a
925 5192 1044 5248 navibus
1066 5194 1198 5264 opertum
1215 5193 1327 5249 eminus
1348 5193 1527 5267 aspicientes,
1548 5197 1736 5270 mirabantur,

56 5289 176 5346 Francis
189 5287 318 5360 superati
329 5292 405 5344 sunt.
421 5286 528 5343 11166161
546 5286 620 5343 61666
641 5287 748 5343 iterum
766 5286 875 5343 vicinos
925 5290 954 5340 el
965 5285 989 5340 si
1002 5284 1077 5341 forte
1093 5283 1146 5341 sibi
1166 5285 1305 5341 auxilium
1321 5287 1441 5358 veniret,
1457 5290 1683 5362 suspicabantur.
1698 5295 1735 5348 et

56 5382 266 5453 accersierunt,
280 5381 385 5454 quibus
397 5380 595 5437 certitudinem
611 5379 735 5437 11616116
747 5379 874 5452 jurando
923 5383 1075 5452 postquam
1093 5377 1293 5436 certitudinem
1318 5380 1354 5435 de
1381 5379 1421 5436 eis
1447 5387 1647 5455 perceperunt,
1667 5385 1738 5442 diri-

56 5476 315 5532 confirmsverunt.
329 5473 421 5546 igitur
436 5473 477 5529 illi
495 5473 632 5530 audacter
653 5479 791 5531 66666661
808 5490 874 5529 cum
926 5488 1015 5544 guare
1028 5475 1118 5539 metu,
1131 5475 1160 5526 et
1172 5488 1333 5546 exsangues
1349 5473 1417 5530 facti
1433 5475 1667 5549 desperaverunt.
1685 5480 1736 5535 lie·
1766 5542 1774 5560 ι

55 5567 202 5638 funiculis,
227 5568 330 5640 quibus
353 5568 462 5624 vinctos
487 5568 523 5623 ad
547 5583 597 5623 sua
621 5568 765 5643 captivare,
782 5567 875 5625 Chris·
924 5565 1430 5639 6661166666666116166116616161
1445 5572 1738 5642 66666661666611-

54 5663 150 5718 tiancs
182 5660 380 5718 autumabant.
414 5663 518 5717 Verum
551 5661 650 5717 Franci
681 5661 875 5734 conglobatim
926 5661 1040 5732 gerunt.
1055 5657 1122 5715 Urbi
1143 5663 1222 5715 terra
1246 5661 1366 5734 lacuque
1384 5662 1505 5721 obsessae
1519 5666 1597 5721 nulla
1618 5681 1681 5738 spes
1695 5684 1738 5723 sa-

57 5754 181 5816 ethnieis
207 5754 391 5815 venientibus
415 5761 611 5831 occurrerunt,
637 5771 735 5820 rursus
760 5771 808 5816 eos
834 5754 876 5816 in·
924 5752 992 5813 lutis
1004 5755 1076 5812 erat.
1090 5751 1133 5815 ed
1146 5752 1350 5833 imperatorem
1364 5756 1452 5838 igitur
1464 5757 1575 5837 legatos
1585 5760 1750 5827 1166116666,
