3750 6046
89 206 158 265 1403
800 213 942 271 luuram
960 214 992 269 iv
1011 212 1107 270 PAPAE
1716 204 1741 259 ll

89 350 211 407 quorum
229 350 312 406 prena
326 336 497 406 pervenerit,
512 353 569 391 nou
587 336 734 392 audebunt
750 339 904 393 consimilia
914 356 944 428 Α
955 354 1052 392 eorum
1077 334 1218 392 devotioni
1238 338 1266 389 et
1280 336 1417 389 extremae
1437 330 1580 387 voluntati
1603 329 1705 401 quise
1728 329 1741 383 i

90 430 242 484 attentare·
954 430 1065 503 sepeliri
1095 428 1324 495 deliberaverint,
1352 427 1406 481 uisi
1430 427 1502 481 forte
1532 422 1741 479 excommunic

126 521 229 577 Datum
250 524 348 579 llomae
369 525 445 596 apud
464 527 600 583 Sanctum
622 528 748 594 Petrum,
764 543 828 582 xriu
849 528 903 583 lla·
953 526 998 579 rel
1017 523 1162 579 interdicti
1190 523 1258 591 sint,
1274 521 1369 576 nullus
1391 520 1518 588 obsistat,
1539 518 1618 573 satra
1644 516 1741 571 nimin

89 614 192 672 lendes
205 616 309 689 Aprilis
322 615 401 693 [Lege
413 619 499 691 llaiiJ.
954 618 1078 674 matricis
1093 617 1219 672 ccclesiae
1233 615 1369 671 canonica
1377 612 1502 684 justitia.

446 723 557 780 χχχιιι,
991 711 1173 767 Decemimus
1186 712 1297 781 ergout
1311 706 1516 763 nulliomuino
1529 704 1692 760 hominum
1703 703 1739 758 lic

88 815 248 871 nomem·
269 817 515 873 gengdptogumm
530 820 713 888 patrocinium
735 821 847 890 Μοίρι-ι
856 818 904 890 ιιι.
955 804 1151 878 supradictum
1173 802 1378 858 monasterium
1400 808 1506 856 temere
1526 798 1741 871 perturbare„

372 902 621 969 rrtqaeeonprmut.
956 900 1018 970 ejus
1046 898 1237 969 possessiones
1267 897 1391 965 anferre,
1422 894 1465 949 vel
1496 892 1608 949 ablatas
1647 891 1741 946 retine

217 991 337 1061 (nome,
354 1007 400 1063 ap.
414 992 442 1048 S.
458 995 585 1063 Petrum,
605 993 693 1064 April.
710 992 765 1061 ti.)
957 997 1098 1064 minuere,
1112 1013 1163 1050 seu
1176 993 1349 1066 quibuslibet
1372 990 1575 1047 vexationibus
1586 988 1727 1059 fatigare,

159 1080 366 1151 [Marenemscm
383 1082 479 1138 caron.
501 1084 714 1148 benedictobur..
736 1087 755 1152 l,
773 1082 827 1156 991
956 1091 1064 1145 illibata
1084 1089 1179 1145 omnia
1199 1091 1228 1143 et
1242 1088 1356 1158 integra
1378 1087 1587 1141 conserventur
1603 1098 1741 1152 eorum,j

126 1176 268 1230 Annianus
288 1175 446 1247 episcopus,
464 1193 561 1231 servus
582 1193 729 1233 servorum
744 1178 803 1244 liei,
820 1177 908 1233 dilec-
957 1200 1078 1256 quorum
1111 1182 1317 1255 gubernatione
1347 1187 1377 1235 et
1412 1177 1626 1233 sustentatione
1654 1191 1741 1230 conce

91 1266 127 1321 tis
165 1267 230 1322 nilis
268 1268 404 1324 Wrnrmo
438 1268 532 1325 abbati
565 1270 660 1328 Sancti
695 1271 838 1327 Benedicti
873 1271 908 1326 do
957 1281 1034 1347 sunt,
1054 1277 1151 1332 usibus
1170 1275 1345 1331 omnimodis
1364 1274 1524 1346 profutura,
1546 1271 1629 1325 salva
1650 1269 1740 1324 nimir

93 1360 182 1416 Burin
196 1361 313 1433 ejusque
332 1363 466 1418 fratribus
481 1367 538 1418 tam
553 1365 742 1436 praesentibus
761 1382 846 1438 quam
860 1364 906 1420 111·
958 1370 1121 1443 apostolicae
1142 1370 1217 1425 sedis
1237 1367 1404 1423 auctoritate
1431 1371 1459 1421 ct
1482 1364 1641 1420 diaecesani
1663 1363 1740 1435 episc

93 1454 165 1510 turis
177 1456 340 1527 regularem
355 1457 441 1512 vitam
455 1458 598 1529 protessis,
615 1459 642 1514 in
659 1464 841 1530 perpetuum.
958 1465 1090 1521 canonica
1101 1464 1221 1535 justitia.
1237 1465 1262 1518 Si
1279 1479 1336 1533 qua
1350 1461 1445 1533 igitur,
1461 1466 1516 1513 etc.

125 1548 216 1605 Olilcii
247 1550 339 1604 nostri
366 1567 418 1606 nos
441 1551 578 1607 admonet
606 1553 810 1624 tranquillitati
836 1554 909 1609 salu·
995 1562 1053 1633 Ego
1069 1560 1212 1616 Adrianus
1225 1558 1371 1613 catholicas
1384 1555 1514 1611 Ecclesia
1531 1553 1703 1625 episcopus.

92 1640 191 1710 briter,
206 1642 361 1698 auxiliante
378 1645 508 1711 Domino,
524 1645 681 1716 providere.
698 1647 818 1717 Dignum
832 1663 910 1702 nam·
995 1657 1053 1727 Ego
1071 1657 1181 1711 lmarus
1195 1653 1306 1707 Tuscul.
1323 1652 1478 1723 episcopus.

92 1751 148 1807 qus
172 1739 202 1791 et
223 1735 365 1792 honestati
389 1738 560 1793 conveniens
586 1756 647 1794 esse
669 1739 856 1810 dignoscitur,
880 1724 948 1796 utB
995 1751 1054 1820 Ego
1073 1747 1203 1805 Ginthius
1226 1745 1387 1802 l'ortuensis
1401 1746 1431 1798 et
1451 1744 1563 1799 Sancta
1585 1740 1704 1796 Eutime
1724 1758 1741 1811 e,

93 1829 141 1900 qui
165 1829 201 1884 ad
223 1829 405 1885 ecclesiarum
428 1832 569 1901 regimen,
584 1833 707 1889 Domino
731 1834 909 1905 disponentc,
960 1860 1071 1915 scopus.

95 1923 234 1993 assumpti
256 1940 365 1994 snmus,
379 1940 427 1979 eas
446 1929 503 1980 eta
522 1943 675 1998 pravorum
695 1927 845 1983 hominum
859 1944 908 1983 ne·
996 1939 1055 2008 Ego
1068 1935 1219 2005 Gregorius
1233 1932 1394 1989 Sabinensis
1408 1930 1569 2001 episcopus.

95 2021 185 2092 quitis
202 2024 342 2092 tueamur,
353 2028 381 2077 et
393 2023 466 2078 beati
480 2025 553 2079 Petri
568 2029 652 2096 atque
665 2025 910 2097 sedisapostolicae
995 2032 1054 2099 Ego
1068 2029 1160 2084 Guido
1176 2027 1270 2098 presb.
1284 2025 1361 2081 card.
1376 2025 1419 2079 tit.
1437 2024 1466 2079 S.
1480 2022 1678 2095 Chrysogoni.

93 2115 256 2186 patrocinio
272 2116 444 2171 muniamus.
459 2118 624 2189 Eapropter,
639 2119 733 2174 dilecti
748 2120 777 2174 in
789 2120 909 2175 Domino
996 2126 1055 2195 Ego
1070 2121 1214 2178 liubaldus
1227 2121 1322 2192 presb.
1336 2119 1415 2174 eard.
1432 2118 1475 2172 tit.
1490 2116 1520 2172 S.
1536 2115 1687 2171 l‘raxedis.

92 2207 154 2276 tilii,
179 2209 278 2263 restris
298 2209 384 2279 justis
411 2211 650 2281 postulationibus
676 2213 834 2267 clementer
856 2230 909 2268 au·
995 2220 1056 2289 Ego
1070 2214 1231 2272 blanlredus
1248 2213 1340 2285 presb.
1356 2212 1434 2266 card.
1449 2211 1492 2265 tit.
1508 2210 1539 2265 S.
1554 2209 1685 2266 Sabinae.

94 2301 220 2370 nuimus,
237 2307 265 2356 et
286 2304 440 2374 praelatum
467 2306 674 2361 monasterium
694 2307 722 2360 in
744 2324 800 2378 quo
814 2306 909 2361 divino
995 2312 1053 2382 Ego
1066 2308 1233 2365 Octavianus
1246 2303 1426 2378 presbcard.
1441 2304 1485 2357 tit.
1500 2303 1532 2358 S.
1547 2302 1675 2358 Cecilia.

93 2399 246 2471 mancipati
262 2400 328 2454 estis
340 2399 477 2472 obsequio
492 2408 520 2457 et
539 2403 575 2458 ad
590 2405 736 2475 exemplar
750 2404 907 2475 praedeces·
996 2406 1054 2475 Ego
1069 2401 1200 2457 hstaldus
1213 2399 1307 2466 presb.
1324 2399 1401 2453 eard.
1417 2398 1460 2451 tit.
1477 2398 1505 2453 S.
1522 2397 1639 2452 Priscae.

94 2493 167 2548 soris
192 2494 282 2548 nostri
307 2494 398 2549 felicis
424 2496 572 2551 memoriae
598 2514 679 2570 papas
705 2498 834 2568 Eugenii,
858 2500 910 2552 suh
995 2500 1055 2569 Ego
1080 2499 1200 2551 loannes
1232 2493 1326 2565 presb.
1353 2490 1430 2547 card.
1458 2491 1503 2545 tit.
1532 2489 1559 2545 S.
1588 2489 1725 2561 Sylrcstri

93 2586 169 2642 beati
196 2588 269 2642 Petri
297 2595 325 2644 et
350 2592 448 2644 nostra
483 2590 658 2661 protectione
690 2592 857 2663 suscipimus
883 2596 911 2646 ct
959 2591 1081 2647 blartini.

95 2682 245 2751 praesentis
253 2681 351 2753 scripti
363 2683 511 2754 privilegio
521 2686 744 2748 communimus,
756 2690 910 2741 statuentes
996 2687 1056 2755 Ego
1078 2683 1157 2740 Oddo
1171 2682 1244 2737 diac.
1261 2681 1340 2735 card.
1359 2680 1388 2735 S.
1403 2678 1517 2747 Georgii
1537 2677 1575 2732 ad
1600 2677 1703 2732 l'elum
1722 2680 1741 2731 ll

95 2777 128 2828 ut
141 2791 325 2846 quascunque
341 2775 539 2846 possessiones,
556 2794 734 2850 quaecunque
747 2779 822 2835 bona
834 2780 910 2835 idem
960 2795 1053 2833 reum.

93 2869 297 2925 monasterium
325 2871 354 2925 in
382 2871 597 2941 presentiarum
623 2873 699 2943 juste
727 2878 756 2927 ct
777 2875 910 2928 canonice
995 2874 1055 2946 Ego
1071 2870 1241 2925 Guidodiac.
1257 2868 1335 2923 card.
1351 2868 1377 2922 S.
1393 2866 1486 2921 uaria
1500 2864 1530 2918 in
1545 2865 1676 2920 Portica.

94 2961 230 3032 possidet,
253 2966 303 3019 aut
329 2964 357 3019 in
384 2964 512 3018 futurum
530 2965 713 3022 concessione
733 2967 909 3039 pontificum,
996 2969 1055 3035 Ego
1067 2967 1149 3020 toan.
1164 2963 1235 3018 diac.
1252 2962 1326 3016 card.
1343 2962 1389 3016 SS.
1404 2958 1493 3029 Sergii
1508 2962 1538 3012 et
1552 2958 1670 3013 Bacchi.

93 3054 245 3125 largitione
260 3073 361 3129 regum
375 3058 420 3112 rel
432 3058 605 3130 principum,
617 3059 760 3116 oblatione
770 3060 908 3128 fidelium,
996 3061 1054 3130 Ego
1067 3056 1209 3113 Gerardus
1223 3055 1296 3110 diac.
1309 3053 1388 3109 card.
1402 3054 1429 3108 S.
1445 3052 1540 3107 llariae
1555 3051 1589 3106 iu
1605 3052 1656 3106 Via
1670 3052 1741 3107 lata.

94 3164 143 3202 seu
170 3148 232 3203 aliis
252 3149 337 3221 justis
352 3150 456 3219 modis,
471 3155 641 3224 procurante
661 3154 791 3219 Domino,
808 3155 911 3224 poterit
996 3154 1097 3207 [tatum
1110 3152 1210 3206 llotnae
1223 3149 1298 3220 apud
1312 3148 1449 3203 Sanctum
1463 3147 1596 3214 Petrum,
1614 3162 1668 3217 per
1681 3161 1741 3200 man

99 3241 228 3313 adipisci,
256 3243 341 3299 lirina
366 3245 445 3301 robis
471 3247 624 3318 rastrisque
651 3248 855 3303 successoribus
882 3251 908 3302 ct
961 3245 1214 3313 Rolandi,sanctae
1234 3245 1372 3299 Romanae
1390 3238 1519 3295 Ecclesiae
1539 3239 1741 3312 presbyteria

95 3334 207 3391 illibata
233 3342 433 3409 permaneant.
457 3342 490 3396 ut
517 3341 585 3412 quia
608 3341 685 3396 idem
707 3343 910 3397 uronasterium
961 3340 1062 3395 dinalis
1073 3342 1102 3395 et
1115 3336 1283 3405 cancellarii,
1297 3353 1334 3390 xv
1345 3334 1408 3390 Kal.
1422 3332 1498 3400 uati,
1512 3332 1619 3388 indict.
1634 3349 1677 3401 ru,
1692 3336 1741 3389 lna

95 3429 193 3485 multis
211 3430 279 3486 olim
294 3432 518 3502 possessionibus
532 3441 560 3490 ct
582 3434 819 3490 divitiisditatum
839 3435 911 3490 sicut
960 3432 1083 3490 nationis
1115 3430 1269 3487 Dourinicre
1294 3446 1369 3483 anno
1399 3430 1476 3494 1155,
1500 3427 1693 3497 pontillcatus
1716 3444 1741 3481 rc

97 3539 131 3576 ex
147 3523 284 3595 rescripto
302 3525 463 3582 litterarum
480 3526 597 3583 illustris
617 3528 767 3584 momoriae
788 3529 910 3584 Lothmii
961 3526 1059 3582 domni
1072 3525 1190 3581 Adriani
1203 3539 1286 3596 papae
1298 3524 1331 3577 lV
1342 3538 1417 3577 anuo
1429 3519 1532 3592 primo.

96 3617 218 3672 Romani
239 3618 421 3690 imperatoris
442 3622 631 3693 inspeximus,
646 3623 728 3694 regni
747 3623 909 3689 necessitas,
1309 3629 1416 3684 XXXlV.

97 3713 126 3765 et
136 3710 316 3768 imminentia
326 3714 691 3787 exspoliaveruntnegotia,
703 3716 807 3787 placuit
818 3716 911 3772 eidem
960 3723 1082 3780 &chria
1094 3723 1123 3778 S.
1137 3723 1232 3775 Moriar
1244 3718 1464 3776 carmeianensis
1480 3719 1685 3786 protectionem
1700 3732 1741 3772 sus

95 3802 264 3875 imperatori
290 3806 358 3860 illud
380 3807 511 3862 libertate
533 3809 653 3875 donare,
676 3813 704 3863 ct
722 3809 757 3863 ab
780 3808 911 3865 omnibus
1160 3803 1203 3871 Pil
1219 3801 1338 3869 ‘immine
1355 3799 1497 3865 “infirmi
1510 3796 1575 3867 (⁶¹³)-

95 3892 208 3962 injnriis
221 3910 270 3950 seu
283 3896 474 3951 exactionibus
489 3897 617 3953 immune
630 3902 762 3954 statuere.
774 3900 829 3954 Nos
840 3915 910 3972 ergo
1096 3895 1203 3966 (Rornae
1233 3909 1280 3963 ap.
1295 3891 1323 3947 S.
1340 3892 1464 3957 Petrum,
1478 3888 1572 3960 April.
1590 3890 1649 3960 tu.)

98 3985 232 4040 eamdem
260 3987 421 4043 libertatem
438 3992 606 4046 auctoritato
635 3993 786 4063 apostolica
812 3993 912 4046 confir·
1050 3988 1272 4061 {uzrszczrwsm
1287 3985 1352 4042 aaa.
1366 3984 1477 4053 diplom.
1492 3983 1603 4047 Polou„
1618 3986 1642 4051 I,
1657 3982 1697 4057 8.]

97 4082 264 4147 mamus,et
276 4080 439 4137 inviolatam
454 4083 482 4138 in
497 4091 669 4156 perpetuum
683 4102 799 4143 manere
814 4085 909 4141 decer·
996 4085 1139 4138 Annianus
1158 4080 1429 4153 episcopusservus
1448 4093 1600 4132 servorum
1620 4078 1686 4145 liei,
1702 4078 1741 4133 dil

98 4171 206 4227 nimus.
233 4173 393 4230 advocatus
420 4194 532 4249 quoquc
565 4179 636 4234 sicut
651 4179 725 4235 idem
756 4179 912 4250 imperator
960 4177 997 4233 tis
1017 4176 1092 4244 liliis,
1113 4177 1230 4231 Guroom
1252 4173 1339 4245 priori
1360 4171 1484 4227 ecclesie
1511 4171 1608 4227 unta
1632 4173 1730 4228 Mariae

100 4263 224 4321 decrerit
244 4269 338 4322 nullus
351 4269 389 4324 ibi
407 4278 539 4341 ponatur,
555 4272 607 4327 nisi
623 4290 710 4344 quem
733 4273 821 4328 abbas
835 4274 909 4345 ejus·
961 4270 1099 4328 Cirrenzk
1109 4269 1271 4339 li)ejusquc
1280 4265 1414 4321 fratribus
1424 4267 1481 4319 tom
1492 4265 1690 4335 praesentibus
1699 4282 1741 4338 qu:

99 4358 164 4413 dem
177 4358 230 4414 loci
246 4362 362 4417 consilio
378 4364 499 4420 fratrum
512 4367 649 4437 elegerit;
667 4383 752 4438 quem
772 4366 794 4421 si
810 4371 911 4438 praeter
961 4364 1076 4429 tuturis,
1095 4362 1256 4434 regularem
1275 4360 1361 4415 ritam
1379 4358 1522 4430 protessis,
1540 4358 1571 4413 iu
1596 4365 1741 4432 perpetuu

93 4452 141 4522 jus
155 4469 237 4508 strum
251 4455 286 4509 ad
299 4472 345 4511 res
358 4457 484 4513 ecclesian
499 4464 599 4514 contra
612 4461 786 4516 roluntatem
801 4458 949 4530 abbatisl)
996 4454 1086 4512 Olticii
1110 4453 1199 4509 nostri
1221 4469 1273 4508 uos
1287 4451 1421 4506 admouet
1445 4451 1475 4503 ct
1495 4449 1603 4505 inritat
1627 4450 1739 4506 arrctori

97 4561 198 4602 manus
224 4550 392 4620 extenderit,
413 4552 492 4622 juxta
515 4558 646 4608 tenorem
671 4554 828 4609 litterarum
847 4553 910 4625 jam
960 4567 1013 4622 pro
1034 4548 1215 4604 ecclesiarum
1236 4550 1309 4601 statu
1325 4548 1453 4615 satagere
1467 4548 1495 4598 et
1514 4559 1617 4598 earum
1642 4543 1731 4617 quieti

98 4643 166 4698 dicti
175 4640 355 4714 imperatoris
364 4644 451 4700 abbas
462 4650 631 4717 potestatem
642 4646 747 4703 habeat
757 4646 908 4702 refutandi.
961 4641 1160 4715 tranquillitati
1180 4639 1339 4708 salubriter,
1361 4636 1516 4692 ausiliante
1536 4637 1675 4707 Domino,
1691 4654 1739 4711 pro

97 4736 224 4792 obeunte
251 4754 317 4792 vcro
342 4743 370 4793 te
398 4757 474 4795 nunc
501 4741 627 4811 ejusdem
655 4740 709 4796 loci
735 4741 846 4807 abbate,
867 4740 910 4796 rel
960 4738 1038 4793 dere.
1052 4736 1176 4808 [tignum
1191 4749 1315 4805 namque
1329 4735 1358 4787 et
1374 4730 1520 4786 honestati
1535 4733 1741 4789 convenience

98 4835 214 4886 tuorum
238 4832 365 4903 quolibet
386 4850 591 4902 successorum,
612 4834 704 4889 nullus
725 4833 766 4889 ibi
786 4834 912 4906 qualibet
960 4830 1148 4902 dignoscitur,
1158 4830 1244 4899 utqui
1255 4826 1289 4882 ad
1299 4824 1486 4881 ecclesiarum
1496 4824 1634 4895 regimen
1646 4842 1740 4882 assum

98 4924 289 4997 subreptionis
310 4925 412 4980 astutia
429 4943 478 4982 scu
498 4927 629 4983 violentia
646 4931 837 4999 praeponatur,
856 4927 911 4982 nisi
961 4941 1068 4990 suutus,
1082 4940 1129 4977 cas
1142 4928 1198 4978 cta
1213 4935 1363 4994 pravorum
1383 4917 1537 4973 hominum
1554 4919 1690 4991 nequitia
1704 4924 1741 4974 tur

98 5034 184 5088 quem
202 5020 302 5075 fratres
316 5020 461 5076 communi
480 5036 629 5088 consensu,
644 5022 685 5075 rcl
708 5022 826 5076 fratrum
845 5038 911 5092 pars
960 5035 1035 5085 mur,
1049 5022 1076 5071 et
1088 5015 1163 5071 beati
1185 5015 1259 5070 l‘etri
1276 5020 1361 5085 atque
1381 5011 1639 5084 sedisapostolicae
1662 5020 1740 5087 patro

97 5111 207 5166 consilii
223 5112 342 5169 sanioris
355 5114 513 5170 secundum
528 5114 578 5169 11ιί
592 5115 723 5170 timorem
736 5118 765 5170 et
779 5114 807 5169 B.
822 5114 912 5169 Broc·
961 5111 1010 5167 nio
1033 5110 1208 5166 muniamur.
1223 5111 1390 5181 Eapropter,
1406 5105 1502 5162 dilecti
1525 5105 1557 5162 in
1580 5107 1706 5163 Domino
1721 5108 1738 5161 ti

99 5202 165 5260 dicti
186 5206 323 5278 Regulam
345 5207 521 5279 providerint
538 5207 715 5281 eligendum.
730 5208 910 5279 sepulturam
961 5205 1060 5259 vestris
1074 5204 1159 5274 justis
1178 5201 1414 5273 postulationibus
1433 5201 1594 5256 clementer
1615 5201 1741 5256 annuimi

99 5312 213 5370 quoque
245 5299 331 5371 ipsius
354 5301 406 5356 loci
436 5301 551 5358 liberam
574 5318 635 5358 esse
663 5302 854 5371 concedimus,
881 5304 912 5356 ut
961 5303 989 5355 et
1008 5298 1158 5370 prelatum
1180 5296 1339 5364 ecclesiam,
1364 5294 1393 5348 in
1418 5311 1475 5366 qua
1502 5292 1603 5351 dirino
1629 5294 1741 5368 mancip

129 5413 175 5475 (θ’)
194 5414 217 5465 n
239 5414 332 5468 tabula
354 5417 513 5469 authentica
538 5417 768 5480 membranacea,
794 5430 858 5482 quas
881 5430 911 5468 in
961 5414 1034 5466 hano
1054 5412 1167 5464 Adriani
1185 5412 1291 5464 bullam
1303 5423 1377 5462 anno
1389 5409 1451 5462 trra
1463 5408 1656 5473 mnfirmavit,
1668 5414 1741 5476 ejusq

99 5480 269 5536 bibliotheca
280 5485 319 5536 tlt.
329 5488 439 5539 comitia
450 5488 588 5554 Zamojalri
601 5490 743 5541 Varsortas
754 5492 912 5540 asservatur
962 5484 1181 5537 confirmationis
1193 5483 1273 5547 copia
1285 5483 1313 5532 in
1329 5492 1443 5546 corpore
1460 5480 1682 5546 privlleglorum
1701 5480 1741 5535 Ca

97 5552 147 5604 sed
166 5558 243 5607 caret
257 5568 334 5608 nunc
348 5557 424 5609 bulla
440 5558 570 5624 plumbea
589 5560 645 5611 fllis
657 5560 758 5625 glauci,
773 5558 870 5611 vlrldts
884 5562 911 5610 et
962 5556 1119 5608 sinensium
1134 5555 1235 5621 legitur
1247 5567 1309 5619 pag.
1322 5553 1354 5605 35
1367 5556 1393 5604 et
1406 5566 1465 5618 seq.

98 5624 175 5675 rubrl
202 5625 303 5678 coloris
324 5628 392 5680 oltm
416 5644 554 5697 appensa,
583 5644 639 5697 qua
661 5643 723 5684 eam
747 5632 912 5682 instructam
992 5629 1025 5690 (ii
1039 5625 1190 5677 czarroiarlr
1204 5623 1361 5690 parochiale
1383 5622 1519 5689 oppidum
1540 5624 1691 5680 Plocansta
1707 5628 1741 5677 tar

98 5694 166 5747 oltm
177 5696 273 5759 luisse,
287 5699 428 5751 notariatts
441 5702 522 5766 copis
536 5702 749 5755 membranacea
765 5703 830 5752 anni
850 5701 913 5753 tros
963 5701 1026 5751 torii
1039 5703 1067 5753 et
1082 5698 1202 5765 regionis
1216 5696 1251 5748 sd
1263 5694 1400 5748 vistulam
1413 5695 1508 5747 situm.

86 5766 422 5839 cenomannenses
445 5776 569 5831 testatur.
596 5772 741 5844 naeuus
763 5772 801 5829 tv
826 5770 857 5827 P.
872 5770 911 5827 u.
