3750 6046
151 206 219 267 trae
676 204 843 265 'ANSELlll
862 206 1158 265 lldVEhbliliGENSlS
1175 200 1283 265 EPISC.
1763 206 1825 266 litt

150 332 297 390 videberis.
325 331 378 388 Sed
398 346 464 386 vero
477 330 654 386 inveniemus
666 332 818 402 Ananiam,
832 336 960 405 quem‘tu
972 347 1001 421 Α
1011 333 1090 399 dere,
1106 333 1356 405 contemplativam
1363 330 1460 400 eitam,
1469 347 1529 388 non
1541 331 1636 388 solum
1650 347 1704 388 nec
1717 348 1826 405 semper

151 425 297 483 arbitreris
312 424 362 479 tibi
378 424 526 480 sufficere?
540 424 663 480 Ananias
680 425 882 498 interpretatur
895 444 960 497 qra-
1011 443 1080 495 esse,
1095 427 1299 497 relesseposse
1312 426 1510 482 indifferenter
1522 425 1656 483 omnium
1679 427 1827 483 monacho

90 578 94 583 ,
152 523 272 586 tioDei3
294 519 344 573 illa
362 534 437 588 vero,
467 534 527 586 oro,
553 535 656 574 manns
680 519 762 575 bonae
788 521 961 591 operationis
1012 536 1088 590 rum,
1117 518 1362 591 quemadmodum
1377 519 1431 591 ipsi
1445 525 1607 587 autriment,
1623 519 1704 575 unde
1724 524 1754 577 et
1768 537 1825 592 spe

150 616 290 687 imponat,
305 613 352 667 illa
364 618 391 668 te
400 613 543 684 jacentem
556 613 659 685 erigat,
679 613 728 669 illa
742 614 838 669 oculos
855 632 963 671 serenae
1012 614 1080 668 ciale
1103 629 1211 668 nomen
1236 620 1263 669 et
1289 614 1405 669 titulum
1425 614 1679 686 contemplationis
1700 613 1755 669 sibi
1772 630 1827 687 pra

151 706 400 779 contemplationis
422 706 472 760 tibi
495 707 615 776 aperiat,
644 706 690 761 illa
718 713 747 763 te
769 708 804 763 ad
823 708 963 764 rationale
1013 707 1121 762 crateris
1144 710 1296 778 usurpant,
1316 708 1522 763 verumetiam
1546 708 1828 780 canonicorumpre

152 800 320 873 obsequium
333 801 363 855 in
378 804 427 855 tua
448 800 621 870 professione
634 800 754 868 erudiet,
774 805 803 856 et
820 801 854 856 ab
870 802 963 857 inutili
1013 801 1165 857 sessionem
1198 801 1253 857 hoc
1286 818 1345 857 non
1380 801 1540 873 impedire,
1573 802 1644 874 quia
1677 802 1827 873 ahquando

152 899 180 953 et
192 912 267 951 vana
280 894 406 949 veritatis
433 893 637 964 imaginatione
656 897 683 948 te
696 895 847 951 custodiat.
864 898 962 964 Porro,
1013 895 1143 950 trahente
1159 895 1250 966 gratia
1269 896 1305 950 ad
1317 911 1460 951 summam
1476 895 1728 967 contemplationis
1741 911 1829 951 arcem

152 990 225 1045 sicut
248 989 360 1061 opinor,
384 988 443 1042 imo
471 992 504 1043 ut
529 987 622 1042 rarius
645 989 741 1057 credo,
764 1005 821 1044 non
835 990 964 1045 omnium
1015 988 1194 1044 devotissime
1208 988 1487 1062 subleventur,quod
1500 989 1598 1057 etiam,
1607 994 1641 1045 ut
1654 989 1761 1045 melius
1774 1006 1829 1061 pas

153 1081 430 1139 monachorumhaec
443 1085 486 1135 est
496 1082 718 1153 sententiaque
731 1086 780 1137 tue
787 1101 795 1153 ;
810 1084 873 1156 quis
888 1085 965 1141 enim
1015 1082 1051 1137 sit
1065 1082 1124 1136 lieri
1145 1081 1174 1136 in
1197 1083 1320 1152 gerenda
1344 1083 1540 1155 proximorum
1561 1099 1633 1139 cura
1659 1083 1828 1156 plerumque

152 1176 273 1249 sapiens,
290 1173 511 1246 quamvisetiam
524 1174 558 1230 sit
572 1177 738 1246 monachus,
753 1176 888 1247 ambigat,
900 1194 963 1233 mo·
1015 1175 1106 1230 solent
1119 1175 1234 1231 mereri.
1248 1175 1342 1243 Proin,
1362 1181 1394 1231 ut
1401 1177 1463 1248 jam
1487 1181 1621 1248 patenter
1643 1178 1830 1232 rideamaset

154 1272 259 1327 naehos
277 1275 345 1324 tunc
369 1284 425 1323 non
440 1284 501 1322 csse
522 1269 766 1340 contemplativos,
782 1271 859 1342 quod
878 1273 965 1327 etiam
1016 1268 1141 1336 cuilibet,
1167 1270 1251 1325 etiam
1274 1285 1376 1339 parrrm
1404 1277 1528 1337 sensato,
1548 1270 1660 1344 liquido
1681 1275 1829 1343 appareat,

154 1366 329 1430 nullatenus,
342 1365 391 1417 aut
402 1361 448 1416 vix
464 1366 532 1416 tunc
545 1361 668 1418 dixerim
685 1365 800 1430 activos,
823 1382 887 1421 eum
905 1367 966 1440 qni·
1016 1369 1150 1418 utrumne
1166 1363 1237 1419 ordo
1255 1365 1406 1420 eanonicus
1418 1381 1454 1419 an
1477 1365 1545 1420 ordo
1561 1365 1831 1438 monasticaeque

153 1462 219 1516 dam
239 1473 338 1512 eorum
359 1456 428 1511 ioris
440 1456 501 1511 sora
517 1457 704 1525 circumeunt,
723 1475 789 1514 cnm
804 1458 839 1514 de
854 1477 966 1532 posses·
1016 1474 1081 1512 rum
1094 1458 1202 1529 utique,
1225 1457 1289 1513 licet
1309 1458 1420 1529 utrique
1441 1458 1508 1513 boni
1535 1459 1603 1526 sint,
1624 1458 1773 1515 diversum
1793 1463 1831 1515 est

154 1554 283 1611 sionibus
295 1551 479 1617 contendunt,
496 1555 524 1605 ct
537 1551 572 1605 ad
588 1552 733 1607 saecularia
745 1554 966 1626 negotiatrans·
1015 1550 1129 1607 vivendi
1158 1551 1349 1623 propositum;
1378 1554 1524 1621 utrumne,
1550 1551 1684 1625 inquam,
1713 1554 1769 1608 iste
1793 1553 1832 1607 rel

154 1654 233 1717 eunt,
249 1664 313 1703 cum
327 1646 441 1701 colonos
459 1661 525 1700 suos
534 1649 641 1702 extorta
655 1646 773 1717 pecunia
785 1656 964 1721 exasperant,
1016 1647 1064 1704 ille
1077 1647 1107 1701 in
1122 1645 1245 1701 Ecclesia
1264 1645 1313 1701 liei
1326 1646 1418 1717 magis
1442 1645 1479 1700 sit
1495 1645 1572 1700 utilis
1598 1645 1644 1701 vel
1660 1647 1833 1701 necessarius

156 1761 221 1799 cum
236 1739 380 1806 aliidomi,
401 1738 612 1809 rrrptosilentio,
627 1738 733 1795 fabulas
753 1742 881 1797 ctotiosa
897 1719 1220 1798 con-Beonstituamns
1259 1756 1335 1795 nunc
1378 1755 1463 1794 omne
1501 1756 1590 1811 genus
1627 1741 1833 1796 monachorum

155 1841 264 1904 texunt,
277 1851 341 1890 cum
359 1850 476 1889 omnem
488 1833 655 1905 religionem
668 1835 845 1891 considentes
861 1837 966 1908 dijudi·
1017 1851 1131 1909 prorsus
1150 1833 1261 1889 nudum
1276 1836 1306 1888 et
1318 1833 1378 1888 sine
1391 1833 1539 1888 ordinibus
1554 1833 1769 1901 ecciesiasticis,
1784 1834 1833 1889 sic·

120 1986 123 1991 .
155 1937 324 1989 cantzcum
335 1927 424 1999 aliqui
437 1928 534 1983 lesum
548 1927 716 1983 inmiuimis
731 1929 789 1984 suis
805 1932 967 1987 venientem
1019 1936 1049 1985 ut
1071 1927 1228 1999 antiquitus
1247 1927 1333 1982 luisse
1359 1930 1522 1994 canstat,et
1540 1928 1835 1998 nemognaruslitte·

155 2027 227 2082 sicut
242 2022 344 2092 solent,
369 2027 400 2078 ut
419 2037 518 2076 verum
542 2022 640 2089 fatear,
660 2022 785 2093 benigne
800 2025 966 2096 suscipiunt,
1018 2038 1114 2078 rarum
1128 2021 1248 2089 dubitat,
1263 2024 1293 2076 et
1305 2019 1632 2077 subtrahemusinterim
1647 2037 1736 2077 omne
1750 2037 1835 2093 genus

155 2124 185 2175 et
203 2118 366 2189 frequentes
387 2115 462 2170 circa
487 2115 612 2169 officium
639 2116 755 2172 llarthee
778 2118 877 2174 devote
891 2126 966 2175 sata-
1018 2116 1212 2172 clericorum:
1242 2115 1297 2181 dic,
1322 2130 1429 2185 quaeso,
1456 2114 1553 2184 irater,
1581 2115 1732 2187 quomodo
1757 2115 1836 2170 stabit

157 2217 237 2285 gunt,
252 2228 317 2265 cum
330 2209 454 2281 denique
468 2208 516 2262 alii
528 2209 689 2279 scribendo,
708 2212 838 2283 legendo,
854 2216 970 2268 canton·
1019 2209 1151 2277 Ecclesia,
1172 2225 1236 2281 qum
1257 2208 1318 2263 sine
1343 2208 1576 2279 archiepiscopis,
1601 2208 1760 2281 episcopis,
1778 2211 1835 2266 sins

157 2308 203 2376 do,
217 2303 405 2360 modulationi
429 2303 609 2359 inserviendo
628 2304 776 2377 quidpiam
796 2307 882 2362 etiam
899 2307 967 2363 honi
1019 2303 1202 2377 presbyteris,
1217 2303 1278 2357 sine
1292 2302 1467 2369 diaconibus,
1483 2301 1834 2359 sincinicriorihnscleri·

156 2400 249 2473 operis
273 2405 302 2454 et
322 2396 452 2452 utilitatis
475 2398 640 2452 monasterii
654 2399 785 2469 actitent3
803 2401 967 2474 interquos,
1019 2414 1119 2454 corum
1132 2397 1277 2451 ordinibus
1301 2395 1458 2467 nequidem
1482 2396 1576 2450 vocari
1597 2412 1652 2452 nec
1667 2412 1733 2452 esse
1748 2401 1836 2469 potest

156 2495 211 2550 nisi
223 2493 317 2560 fallor,
331 2491 419 2562 aliqui
435 2491 507 2546 adeo
522 2492 665 2564 simplices
678 2500 753 2563 sunt,
769 2497 800 2549 ut
812 2494 884 2563 aliis,
900 2496 969 2552 foris
1019 2491 1163 2547 Ecclesia?
1177 2492 1301 2545 Rursus:
1317 2490 1392 2545 Tolle
1402 2489 1613 2545 interimamus
1629 2506 1725 2562 genus
1738 2507 1833 2548 mona-

156 2586 362 2652 laborantibus,
377 2592 405 2640 ct
418 2602 468 2657 pro
479 2587 624 2641 communi
638 2589 805 2644 necessitate
823 2596 968 2645 monaste·
1020 2585 1188 2655 chorum,et
1203 2584 1231 2639 in
1244 2582 1368 2639 Ecclesia
1389 2583 1439 2638 Dei
1450 2583 1607 2639 secuudum
1628 2585 1835 2641 ordinationem

156 2683 192 2738 rii
206 2681 316 2736 utiliter
328 2683 354 2734 et
376 2679 559 2734 laudabiliter
572 2679 792 2751 invigilantibus,
804 2683 831 2737 id
846 2690 969 2739 contem·
1021 2679 1123 2735 Christi
1149 2679 1231 2748 juxta
1254 2677 1420 2749 Apostolum
1443 2677 1601 2734 habeamus
1624 2678 1701 2735 alios
1724 2679 1833 2752 quidem

156 2776 289 2849 plativam
318 2774 405 2828 vitam
435 2789 496 2829 esse
523 2775 634 2844 putant.
659 2774 689 2828 in
716 2776 842 2830 claustris
863 2777 970 2832 scilicet
1019 2773 1182 2844 prophetas,
1204 2770 1274 2826 alios
1300 2771 1455 2842 apostolas,
1478 2771 1832 2846 aliosreroerangelistas,

157 2867 309 2939 complosis
332 2866 475 2936 manibus,
490 2869 520 2920 ct
541 2868 706 2922 contricatis
732 2869 849 2924 manicis
881 2871 970 2928 otiose
1020 2865 1089 2921 alios
1112 2868 1206 2920 autem
1227 2870 1353 2936 pastores
1377 2869 1405 2920 et
1429 2865 1569 2936 doctores,
1592 2871 1621 2920 el
1637 2867 1831 2923 aliosclerico·

157 2963 267 3028 sedere,
286 2961 390 3016 rictum
411 2960 535 3015 otiosum
552 2960 670 3027 hahere,
693 2962 824 3017 restitum
848 2964 971 3019 otiosum
1021 2975 1084 3013 mm
1105 2959 1219 3015 ordines
1243 2975 1249 3014 :
1270 2974 1366 3013 nonne
1385 2957 1430 3013 isti
1448 2958 1595 3015 sufficiunt
1610 2961 1652 3016 cd
1673 2976 1833 3017 consumma·

158 3056 298 3127 accipere,
321 3071 419 3109 secure
443 3059 473 3108 et
492 3055 581 3110 otiose
600 3054 735 3122 dormire,
759 3055 794 3110 de
812 3059 918 3129 angulo
935 3059 970 3114 ad
1022 3056 1118 3109 tionem
1140 3055 1344 3109 structurarum
1367 3067 1434 3123 opus
1462 3055 1609 3109 mirristerii
1631 3057 1663 3109 ia
1686 3058 1832 3126 aedificatio

156 3150 294 3221 angulum
321 3164 456 3220 suspenso
482 3148 573 3218 gradu
598 3165 649 3219 pro
670 3148 754 3204 libitu
775 3150 970 3221 deambulare,
1022 3150 1212 3218 nemcorporr's
1222 3146 1322 3204 Christi
1335 3149 1453 3217 (Epire,
1472 3146 1522 3216 rr),
1537 3163 1602 3218 qum
1628 3152 1673 3202 est
1695 3148 1831 3205 Ecclesia?

158 3244 304 3299 abcessum
329 3248 356 3297 et
385 3241 537 3297 adrentum
553 3242 669 3312 abbatis,
694 3248 721 3298 ot
740 3243 897 3300 absentiam
916 3246 973 3303 sire
1022 3257 1086 3313 qum
1099 3246 1206 3308 tamen,
1221 3240 1271 3295 etsi
1286 3240 1393 3312 absque
1405 3240 1554 3295 monachis
1572 3240 1648 3297 bene
1661 3258 1696 3298 ac
1709 3243 1831 3299 ordinate

157 3337 339 3410 presentiam
352 3336 455 3407 prioris
469 3341 560 3391 astuta
574 3335 758 3408 inquisitione
768 3339 925 3410 explorare,
940 3358 974 3396 ea
1023 3335 1175 3391 consistere
1207 3341 1310 3406 posset,
1334 3334 1478 3389 decentius
1502 3338 1599 3390 tamen
1627 3338 1658 3390 et
1692 3336 1831 3407 pulchrius

158 3448 222 3504 quae
241 3431 308 3486 ioris
331 3431 790 3503 suntasupervenientibusvaga
811 3434 973 3490 curiositate
1022 3434 1157 3501 tanquam
1186 3428 1318 3484 varietate
1355 3428 1568 3484 circumamicta
1602 3429 1725 3486 dirersis
1755 3430 1830 3503 (Psoi.

158 3525 337 3596 investigare,
352 3524 486 3596 perplexa
496 3524 705 3596 multiplicitate
717 3525 863 3598 signorum
877 3528 973 3599 lingua
1023 3524 1095 3596 surr)
1134 3524 1289 3578 electorum
1331 3521 1476 3578 ordinibus
1504 3523 1661 3579 exstruitur
1688 3528 1719 3579 et
1757 3525 1831 3581 deco·

156 3624 268 3675 tacente
285 3633 428 3690 manuque
442 3618 569 3690 inquieta
585 3618 709 3673 cilicium
725 3620 787 3691 ejus
808 3626 972 3693 usurpante,
1022 3624 1120 3685 ratur;
1134 3617 1164 3671 in
1178 3633 1244 3688 qua,
1256 3616 1329 3671 sicut
1342 3615 1433 3671 bonus
1455 3621 1483 3671 et
1504 3615 1651 3688 periectos
1670 3618 1832 3687 monachus,

156 3713 287 3769 universa
325 3711 512 3779 conlrrndere,
544 3718 581 3779 et,
607 3712 790 3769 utbreviter
816 3714 971 3785 includam,
1024 3712 1086 3783 plus
1117 3727 1202 3782 quam
1239 3711 1354 3781 ineptus
1387 3710 1505 3765 clericus
1541 3711 1707 3782 diligendus
1741 3718 1783 3769 est
1810 3716 1834 3769 et

157 3806 290 3862 omnibus
316 3821 402 3875 super
427 3804 627 3859 necessitatem
648 3806 738 3861 otiose
765 3807 919 3876 abundare,
945 3811 974 3863 et
1023 3805 1193 3873 imitandum
1214 3804 1253 3858 ita
1274 3803 1346 3859 bene
1361 3806 1390 3859 et
1411 3804 1578 3876 regulariter
1600 3805 1701 3861 virens
1722 3807 1834 3863 clericus

156 3899 329 3955 abundando
353 3899 442 3953 otiose
469 3898 570 3953 rivere.
594 3899 647 3962 Oui
669 3900 692 3953 si
714 3917 829 3956 cursum
849 3902 973 3973 propriae
1024 3899 1226 3971 optimoetiam
1239 3898 1836 3974 moriameproculdubiosemperestpre·

155 3993 310 4050 volrrntatis
324 3991 479 4063 aliquando
494 3991 617 4047 viderint
627 3993 768 4065 impediri,
782 3996 918 4050 continuo
934 3997 973 4050 in·
1022 3992 1168 4048 ferendus.
1185 3994 1244 4064 Ego
1257 4009 1323 4048 sane
1334 3993 1444 4063 justum
1454 3991 1667 4048 etbounmesse
1680 3995 1835 4061 putaverim

158 4087 324 4158 dignantur,
335 4092 363 4141 et
374 4086 415 4139 vel
429 4085 553 4141 clanculo
566 4093 758 4159 murmurant,
775 4090 816 4144 vel
828 4090 857 4145 in
872 4097 973 4161 aperto
1023 4103 1122 4142 omnes
1139 4085 1257 4142 clericos
1280 4087 1454 4158 regulariter
1476 4087 1578 4156 vivere,
1606 4102 1662 4143 nec
1685 4090 1835 4160 quemdam

157 4180 340 4253 pertinaciter
369 4180 547 4252 obstrepunt,
582 4198 656 4254 saepe
683 4183 768 4238 etiam
797 4184 830 4238 ad
857 4184 974 4241 latibula
1023 4196 1122 4236 eorum
1138 4180 1313 4235 monachum
1332 4179 1410 4247 fleri3
1434 4195 1480 4235 eos
1498 4196 1574 4246 uero,
1602 4181 1654 4252 qui
1672 4183 1837 4255 regulariter

158 4275 319 4330 simulatam
348 4275 422 4330 forte
448 4274 618 4346 patientiam
642 4277 800 4349 configunt,
821 4278 973 4350 superbam
1023 4274 1118 4330 rivere
1131 4273 1244 4341 nolunt,
1260 4276 1310 4328 aut
1330 4273 1359 4328 in
1374 4273 1476 4329 ordine
1498 4289 1548 4330 suo
1565 4274 1671 4346 corrigi
1693 4281 1724 4332 et
1747 4292 1838 4333 emen·

159 4368 974 4444 taciturnitatemsubspeeiereligionissihieligunt,jeju·
1024 4368 1096 4437 dari,
1121 4371 1171 4423 aut
1191 4368 1281 4423 bonos
1312 4367 1468 4424 monachos
1496 4369 1602 4440 passim
1640 4385 1744 4427 omues
1769 4370 1837 4426 licite

158 4464 207 4519 nia
219 4479 314 4535 praem
330 4462 535 4534 indignationis
546 4463 638 4535 potius
651 4481 737 4538 quam
751 4466 805 4537 piae
816 4466 974 4522 devotionis
983 4462 1013 4537 D
1023 4462 1094 4517 fieri.

158 4557 221 4613 sine
234 4559 325 4614 fructu
341 4558 376 4612 ad
390 4560 506 4629 tempus
518 4557 570 4612 sibi
596 4559 757 4630 imponunt,
778 4563 806 4615 et
825 4560 894 4615 dum
916 4577 975 4616 suae
1059 4557 1122 4611 tam
1148 4571 1216 4611 vero
1240 4556 1275 4611 de
1293 4555 1405 4612 duobus
1428 4555 1575 4612 ordinibus
1587 4556 1659 4613 drras
1680 4560 1838 4630 probabiles

156 4651 321 4707 tentationis
340 4651 468 4707 miserius
489 4654 518 4706 et
545 4653 640 4723 culpas
655 4653 732 4709 intus
756 4658 928 4727 excoquunt,
945 4658 975 4710 et
1025 4666 1162 4723 personas
1177 4650 1327 4721 eligamus,
1344 4654 1373 4706 et
1389 4654 1422 4706 ut
1446 4650 1550 4706 veritas
1565 4667 1666 4707 eorum
1681 4670 1749 4726 quae
1770 4654 1839 4710 dicta

157 4745 226 4801 foris
239 4745 400 4801 cantitando
413 4761 445 4799 ac
459 4745 624 4816 poenitendo
640 4748 972 4819 noneperiunt,calicem
1025 4751 1091 4801 sunt
1109 4743 1287 4816 apertissime
1309 4744 1425 4812 clareat,
1448 4761 1504 4811 eas,
1525 4749 1552 4800 et
1573 4761 1674 4803 earum
1697 4749 1792 4804 studia
1814 4752 1839 4804 et

157 4839 283 4912 propriae
297 4838 498 4893 amaritudinis
518 4839 671 4910 poenaliter
683 4840 797 4897 bibunt.
812 4844 890 4897 lnter
904 4859 974 4913 quos
1024 4839 1115 4896 officia
1131 4856 1162 4894 ac
1179 4839 1281 4894 merita
1293 4838 1324 4892 in
1339 4839 1509 4895 alterutrum
1522 4855 1726 4911 comparemus
1742 4860 1748 4899 :
1767 4843 1838 4899 verbi

157 4934 242 4989 etiem
270 4932 402 4989 nonnulli
425 4933 527 4988 turrim
551 4933 727 4989 tortitudinis
752 4942 781 4991 et
805 4937 974 4993 humilitatis
1026 4935 1126 5007 gratie,
1150 4933 1252 4990 Paulus
1272 4933 1415 5004 apostolus
1433 4934 1609 5005 significatur
1632 4937 1719 5010 liegis
1733 4937 1838 5005 aeterni,

156 5027 351 5096 ascendentes,
360 5026 529 5082 suavitatem
538 5032 566 5082 et
574 5027 735 5084 convivium
747 5032 974 5102 contemplativa
1025 5029 1083 5084 dux
1098 5028 1174 5083 verbi
1190 5029 1248 5095 hei,
1264 5044 1311 5082 vas
1325 5027 1473 5083 electionis
1485 5029 1521 5084 ad
1542 5031 1719 5100 portandum
1740 5048 1839 5090 nomen

157 5122 222 5176 vitre
247 5120 392 5176 uberrime
419 5124 447 5175 et
471 5120 631 5176 avidissime
649 5126 807 5192 gustantes,
830 5125 975 5181 interdum
1025 5123 1139 5178 Domini
1153 5139 1247 5178 coram
1262 5122 1377 5193 regibus
1392 5129 1419 5177 et
1446 5123 1564 5179 ducibus
1571 5141 1580 5193 ;
1601 5124 1754 5198 disputans
1775 5144 1841 5183 sear

156 5216 222 5270 rino
239 5214 466 5286 compunctionis
485 5214 672 5283 inebriantur,
687 5223 716 5272 ct
729 5218 885 5283 interdum,
902 5220 975 5277 sicut
1025 5217 1241 5289 peretsuadens
1252 5218 1287 5272 de
1296 5232 1386 5288 regno
1397 5218 1447 5273 Dei
1458 5234 1465 5284 ;
1475 5217 1579 5274 multos
1591 5220 1772 5285 ludaeorum,
1783 5222 1841 5294 pla·

158 5307 242 5378 adipe
258 5314 286 5363 et
301 5308 475 5380 pinguedine
489 5309 590 5380 repleti
600 5310 785 5381 spiritualiter
798 5313 975 5369 delectantur
1025 5311 1113 5367 rimas
1122 5312 1295 5380 Graecorum,
1311 5312 1557 5369 nonnullosetiam
1571 5314 1772 5372 Romanorum
1787 5316 1841 5371 sire

159 5402 241 5469 (Psoi.
269 5402 334 5469 rar).
360 5404 394 5456 Et
418 5402 536 5474 quidem
560 5420 655 5459 meum
682 5407 856 5477 propositum
877 5408 907 5462 in
924 5408 974 5464 hac
1025 5423 1077 5478 per
1098 5422 1272 5475 sermonem,
1291 5406 1350 5461 sire
1370 5423 1422 5478 per
1447 5406 1585 5478 Epistolas
1601 5408 1637 5463 ad
1656 5410 1842 5466 orthodoxam

159 5497 241 5566 parte
267 5495 352 5564 nujus
373 5495 510 5566 epistole,
534 5500 656 5552 nonest
679 5500 892 5568 canonicorum,
915 5501 974 5557 sire
1025 5501 1113 5557 tidem
1141 5501 1299 5573 colligens;
1319 5516 1380 5557 non
1401 5501 1465 5571 sibi,
1489 5501 1537 5558 sed
1551 5502 1610 5558 lieo
1632 5510 1751 5561 strenue
1773 5503 1842 5561 mili·

153 5587 362 5643 monachorum
389 5588 531 5656 ordinem,
553 5590 650 5661 vitam,
667 5592 797 5648 habitum
822 5594 973 5677 discutere,
1025 5601 1104 5663 tans;
1126 5597 1278 5652 Ecclesiam
1296 5596 1411 5665 Christi,
1427 5597 1510 5669 quasi
1525 5612 1542 5652 a
1558 5595 1751 5655 fundamento
1770 5612 1841 5656 uero

139 5681 378 5757 reljempridem
393 5683 573 5758 descriptum
581 5687 759 5761 describere,
767 5690 814 5749 rel
827 5690 980 5749 occasione
1033 5690 1178 5748 edidmus
1195 5694 1227 5745 et
1238 5691 1391 5762 plantans,
1408 5691 1505 5761 plures
1530 5706 1565 5747 ex
1587 5692 1724 5766 gentibue
1736 5692 1841 5769 legibm

116 5775 180 5835 tear
193 5778 336 5855 epistolae
352 5787 534 5859 prouocatus
558 5786 639 5845 volui
662 5788 860 5865 probabiliter
892 5791 992 5849 osten·
1040 5785 1306 5861 Ehrist'ttauquam
1314 5782 1440 5837 behemi
1459 5781 1545 5837 tortu
1561 5782 1845 5857 eutitium-,wa
