3750 6046
67 232 140 290 liet
615 228 717 287 LlBER
735 229 779 287 DE
798 228 926 287 ORDINE
943 230 1199 291 canonicorum
1679 230 1749 289 liet

58 363 161 418 mento
172 358 285 416 olerum
294 362 324 416 et
335 357 501 431 leguminis,
511 354 613 414 diebus
624 357 812 431 interpositis,
821 373 880 415 non
891 382 920 456 Α
931 359 981 433 qui
994 362 1108 433 preest,
1123 359 1233 433 aliquid
1248 359 1280 416 in
1292 374 1448 416 commune
1460 357 1614 416 dicendum
1629 356 1745 431 judice·

58 454 255 522 absciderunt,
269 469 327 510 non
350 452 442 509 solum
456 452 485 507 in
506 451 637 524 personis
648 451 697 508 sed
718 455 748 507 et
762 450 792 508 in
808 467 881 509 con·
931 454 1015 511 verit.

59 546 285 622 gregatlonibus,
300 545 495 620 possibilitatis
515 546 683 603 facultatem
701 545 882 619 pensandam
965 550 1033 606 Post
1044 547 1187 606 orationes
1202 562 1324 620 quoqne,
1336 562 1403 604 cum
1418 552 1448 603 et
1461 544 1546 602 misse
1561 545 1651 602 fuerit
1664 562 1743 604 com·

60 641 245 699 estimantes.
259 641 312 708 Qui
327 644 423 698 tamen
439 640 509 698 alios
532 639 689 697 coenobitas
705 640 750 696 his
768 640 883 712 penitus
930 643 1017 716 pleta,
1042 641 1065 698 si
1092 642 1230 716 temporis
1255 640 1337 708 ratio,
1363 641 1387 696 si
1414 655 1473 696 non
1500 644 1530 697 et
1554 640 1616 697 dies
1638 640 1746 715 jejunii

58 736 243 794 abstinentes
257 740 287 793 et
300 734 507 792 consolationes
519 734 549 790 in
564 733 666 791 talibus
684 733 808 790 inllrmis
823 734 882 789 suis
930 736 1074 810 regularis
1087 742 1139 806 est,
1153 735 1283 793 similiter
1303 732 1407 792 sedent
1423 732 1461 789 ad
1483 750 1571 806 opera
1583 750 1635 791 sua
1653 750 1745 809 usqua

59 834 90 888 et
112 830 211 904 pueris
234 828 423 903 denegantes,
438 829 488 887 sed
504 828 720 901 ethcspitesad
741 827 882 902 regularis
930 830 967 888 ad
993 831 1121 888 Sasiam.
1150 832 1173 885 Α
1199 830 1282 887 Sexta
1309 832 1411 886 vacant
1441 827 1558 885 lectioni
1588 844 1678 902 usque
1707 828 1747 885 ed

59 922 245 981 abstinentia
271 927 405 981 tenorem
429 922 654 996 destringentes,
680 938 738 978 non
763 915 879 995 quidem
931 923 1054 994 Nonam,
1078 924 1132 980 nisi
1154 924 1228 980 rorte
1252 926 1372 998 propter
1393 922 1585 979 meridianum
1609 926 1639 979 et
1659 922 1747 979 oculis

55 1018 278 1093 judicant,licet
288 1016 880 1089 eosnonnullaeindiscretioniscoarguant,
931 1035 983 1091 per
996 1018 1056 1075 dies
1070 1018 1184 1076 activos
1197 1019 1387 1091 pausandum,
1401 1015 1511 1089 aliquid
1530 1015 1615 1089 hunus
1635 1019 1747 1089 tempo·

58 1113 185 1186 eoquod
203 1128 221 1168 a
240 1112 371 1169 Patribus
391 1111 529 1168 terminos
547 1109 716 1168 constitutos
735 1110 880 1166 excedent.
931 1112 970 1168 ris
985 1111 1193 1169 detrahendum
1208 1112 1254 1168 sit.
1268 1111 1371 1168 llamsi
1382 1108 1747 1184 diesgeminserelecticnis

59 1207 134 1264 Nam
149 1222 212 1262 esse
225 1207 297 1262 velle
308 1206 474 1280 quempiam
484 1204 573 1262 nostri
587 1204 725 1279 temporis
736 1201 881 1260 bominem
930 1210 981 1274 est,
995 1207 1040 1262 vel
1054 1222 1137 1263 mane
1151 1212 1217 1263 anta
1231 1206 1369 1274 Primam,
1386 1209 1416 1261 ut
1428 1204 1601 1279 quibusdam
1616 1208 1660 1261 est
1671 1220 1742 1261 con·

59 1300 226 1374 Augustino
240 1306 269 1356 et
286 1299 441 1356 benedicto
461 1298 644 1370 sanctiorem,
661 1298 821 1367 meliorem,
836 1314 879 1353 se·
930 1300 1101 1368 suetudinis,
1118 1300 1168 1373 qui
1191 1305 1221 1357 et
1242 1300 1368 1373 primam
1383 1298 1630 1371 usqueinhoram
1646 1314 1746 1355 secun·
1827 1302 1831 1309 '

56 1394 237 1468 pientiorem
268 1411 301 1450 ac
328 1394 534 1462 discretiorem,
563 1392 759 1466 superstitioni
784 1391 880 1465 potius
930 1394 996 1450 dam
1009 1393 1144 1450 Manent
1157 1412 1164 1449 ι
1179 1394 1223 1449 vel
1236 1394 1311 1450 dicta
1322 1393 1408 1448 missa
1421 1395 1488 1448 ante
1500 1391 1746 1451 Sextamlectioui

63 1505 154 1563 quum
169 1488 302 1562 religioni
317 1488 511 1562 deputabitur,
525 1504 591 1544 cum
602 1486 722 1543 sufficiat
733 1485 879 1559 discipulo,
931 1489 1090 1544 vacandum
1103 1491 1155 1544 est.
1171 1489 1327 1560 Postquam
1342 1493 1439 1542 autem
1454 1486 1528 1542 dicta
1541 1485 1627 1542 Sexta
1639 1487 1745 1543 reiece-

60 1589 95 1639 ut
116 1583 154 1639 sit
173 1582 247 1639 sicut
269 1582 406 1655 magister
421 1582 492 1654 ejus,
514 1599 551 1638 ne
571 1582 644 1637 forte
665 1580 818 1654 apostolica
832 1579 881 1635 illa
930 1587 988 1643 rint
1010 1586 1125 1656 fratres,
1148 1586 1233 1641 simul
1256 1588 1286 1641 et
1305 1600 1470 1640 mensarum
1493 1584 1655 1653 servitores,
1678 1600 1745 1643 cum
1836 1576 1853 1603 ’“

59 1676 263 1750 increpatione
285 1677 441 1732 denotetur
456 1693 464 1732 ι
479 1678 520 1736 lle
540 1677 693 1748 tetigeritis,
708 1690 795 1747 neque
814 1690 879 1731 con·
930 1678 1030 1737 diebus
1042 1679 1145 1736 aestivis
1158 1679 1342 1735 meridiatum
1358 1677 1455 1746 fucrit,
1472 1676 1547 1733 dicta
1561 1679 1651 1734 etiam
1664 1678 1743 1735 Nona

56 1773 257 1837 succenses,
272 1773 327 1826 etc.
342 1770 466 1843 (coloso,
479 1772 520 1842 ul.
889 1768 986 1841 Bsive
1010 1773 1040 1829 in
1065 1772 1160 1844 horto,
1180 1773 1240 1829 sive
1263 1771 1430 1844 ubicunqne
1455 1786 1570 1828 necesse
1593 1772 1690 1843 luerit,
1706 1771 1745 1829 ad

377 1887 486 1944 gngT
504 1888 558 1944 pv,
928 1883 999 1940 opus
1012 1867 1195 1924 convenient.
1211 1865 1296 1932 Quod
1310 1864 1380 1921 item
1401 1863 1565 1921 iaciendum
1584 1869 1635 1934 est,
1649 1864 1673 1920 sl
1685 1864 1743 1921 ira·

928 1964 984 2017 tres
997 1965 1062 2034 post
1072 1961 1184 2018 Nonam
1197 1959 1295 2017 relecti
1310 1963 1387 2015 sunt.

1224 2054 1337 2111 CAPUT
1349 2053 1440 2110 lllllll.

1158 2151 1199 2208 Ne
1214 2149 1356 2204 Teutonico
1369 2147 1524 2218 loquamur.

964 2245 994 2297 ln
1016 2258 1073 2314 quo
1092 2241 1231 2297 nimirum
1251 2256 1338 2313 opere
1351 2238 1405 2296 hoc
1417 2238 1454 2294 ad
1468 2239 1645 2295 honestatem
1659 2238 1744 2294 simul

928 2342 956 2393 st
981 2336 1110 2393 exercitii
1138 2335 1277 2390 rationem
1300 2336 1429 2407 spectare
1453 2334 1606 2402 credimus,
1627 2338 1661 2389 ut
1682 2349 1744 2389 non

927 2429 1040 2502 vulgari
1055 2428 1165 2501 lingua,
1180 2429 1230 2484 sed
1245 2427 1345 2483 Latina
1363 2442 1508 2483 sermones
1522 2426 1700 2484 necessitatis
1712 2431 1743 2483 et

928 2523 1056 2580 utilitatis
1069 2525 1232 2591 conserent,
1252 2522 1305 2577 hoc
1322 2520 1457 2576 omnibus
1474 2521 1504 2576 in
1525 2536 1677 2577 commune
1696 2536 1741 2577 ce·

926 2617 1069 2684 ventibus,
1078 2616 1396 2687 nemultiloquiumaut
1407 2615 1603 2687 vaniloquium
1619 2614 1743 2686 grassari

199 1993 238 2049 Dc
253 1992 348 2062 grotta
359 1990 543 2063 quorumdum
555 1989 744 2049 Embncmm.

96 2110 155 2169 Sed
176 2127 270 2185 neque
286 2110 477 2173 comedentes
497 2113 527 2166 et
539 2125 623 2166 usum
637 2107 768 2166 carnium
788 2108 879 2164 semel

59 2210 112 2264 aut
124 2204 170 2261 bis
191 2204 222 2260 in
236 2202 419 2262 hebdomada
433 2204 539 2260 mensis
563 2201 741 2276 regularium
754 2201 878 2258 fratrum

60 2307 224 2377 temperate
243 2302 438 2370 admittentes,
456 2301 609 2372 apostolica
629 2300 761 2357 conventi
775 2299 877 2356 sancti·

61 2398 162 2455 monia
175 2412 312 2470 spernere
325 2397 464 2452 audemus
478 2395 602 2451 maxime
614 2394 638 2450 si
650 2394 680 2450 in
690 2395 745 2450 illis
757 2393 880 2466 regioni·

57 2492 113 2549 bus
145 2491 277 2548 victitent
306 2490 358 2546 ubi
388 2491 512 2546 iretrum
539 2489 667 2562 ejusdem
697 2488 809 2544 ordinis
836 2487 879 2543 dl·

57 2587 185 2643 strictius
198 2584 353 2641 viventium
369 2585 462 2656 major
475 2582 630 2639 multitudo
643 2582 721 2638 eliud
738 2581 802 2637 fieri
815 2598 875 2638 aon

57 2680 191 2754 requirit.
204 2679 318 2735 Elenim
330 2694 396 2733 cum
410 2678 439 2733 in
455 2678 532 2733 omni
548 2676 726 2750 professione
739 2675 877 2732 meliores
927 2710 1057 2781 incipiat,
1084 2714 1134 2766 aut
1159 2708 1279 2765 verbum
1307 2707 1485 2763 scurrilitatis
1503 2707 1741 2773 audiamr.0uod

57 2772 197 2831 ¹m¹²⁸¹¹d¹
218 2775 304 2841 ’ω’
327 2777 399 2828 ’Νι
423 2788 485 2876 θεῗθ
506 2776 576 2844 pum
599 2776 807 2843 ⁸⁰p⁰r⁸t¹¹¹⁰⁰¹³
828 2770 879 2873 ψ’
927 2803 1027 2876 siquis
1041 2802 1378 2860 admonitusdontinuoa
1391 2802 1493 2857 talibus
1508 2817 1565 2857 non
1578 2802 1741 2871 cessaverit,

58 2868 140 2974 qf¹⁰d
161 2882 337 2940 mmmm
354 2865 526 2971 ⁰oe⁰⁰,b¹¹¹¹¹¹’
541 2865 617 2938 ΨΜ
637 2879 711 2921 ΠΜ
734 2864 878 2936 ¹⁰3¹¹l³r¹³
927 2897 1086 2969 disciplinae
1112 2896 1238 2969 regulari
1258 2893 1425 2967 subjacebit.
1446 2894 1475 2952 Si
1496 2911 1563 2950 vero
1586 2893 1622 2950 de
1647 2894 1744 2951 divino

59 2962 151 3018 arctet
163 2967 308 3034 precepta
320 2976 373 3016 nec
382 2975 526 3032 maJorum
539 2959 726 3015 cohortantur
736 2958 876 3030 exemple;
928 2991 1025 3047 officio
1051 2990 1158 3063 aliquid
1189 2989 1371 3045 ,metandum
1400 2994 1453 3058 θεῖ,
1484 2987 1529 3044 vel
1555 2988 1585 3043 in
1612 2987 1745 3060 capitolio

57 3057 102 3114 ita
114 3054 218 3129 flagitii
234 3054 379 3123 existimo,
392 3053 462 3109 alios
477 3053 552 3108 inire
567 3053 710 3108 bonorum
724 3061 875 3108 cousuetu—
927 3084 1064 3152 sedendo,
1077 3085 1122 3140 ve,
1135 3088 1198 3156 pos,
1210 3082 1384 3155 capitolium,
1395 3084 1445 3138 au,
1456 3085 1535 3138 cmo
1545 3086 1608 3154 post
1619 3081 1743 3152 Nonam,

59 3151 173 3220 dinem,
189 3148 266 3204 inter
280 3164 352 3253 quos
367 3148 583 3252 conserventur,
597 3145 734 3214 residere,
750 3139 914 3215 maximeC
927 3180 1003 3236 dicto
1028 3179 1190 3242 maim-30,
1205 3183 1312 3233 mutes
1331 3176 1458 3232 breviter
1476 3175 1592 3232 faciant·
1614 3174 1695 3241 Quod
1718 3174 1744 3231 ‚i

58 3261 82 3302 ⁵¹
96 3259 196 3350 ‚mm
220 3258 285 3315 ΨΜ
317 3241 346 3298 ¹d
374 3241 438 3296 nm
466 3245 560 3313 θῦμ’
587 3239 666 3296 ”⁰¹¹³
698 3239 878 3295 r⁸t¹⁰¹¹⁸h¹¹¹³
928 3289 1000 3345 opus
1019 3272 1196 3328 forinsecum
1215 3271 1304 3328 etiam
1329 3273 1395 3342 post
1417 3270 1526 3326 Nonam
1550 3268 1684 3337 defuerit,
1706 3268 1744 3325 ad

57 3342 170 3397 emm·
367 3408 478 3465 CAPUT
491 3407 547 3463 xv,
926 3384 1013 3440 opera
1024 3382 1075 3422 sua
1088 3381 1178 3439 usque
1192 3364 1230 3420 ad
1240 3365 1396 3437 Vesperam
1410 3378 1477 3419 cum
1491 3361 1654 3435 disciplina,
1668 3361 1743 3418 sicut

388 3513 413 3567 D
458 3513 464 3524 ,
526 3446 560 3524 ,’
927 3460 1065 3528 inmane,
1080 3457 1256 3514 residebunt.

414 3512 556 3567 mmm·
1231 3550 1341 3606 carm
1354 3550 1419 3607 xlx.

93 3634 220 3691 Scientes
247 3647 362 3706 quoque
387 3630 550 3688 scholastici
575 3630 654 3699 mei,
679 3627 789 3686 cultum
815 3644 878 3685 esse
1189 3647 1227 3701 p,
1239 3645 1326 3714 ἥβης,
1343 3644 1484 3700 mrum,

56 3727 177 3803 pietatis
189 3725 349 3796 silentium,
365 3724 513 3782 nocturnis
529 3724 606 3781 boris
622 3729 651 3780 et
664 3721 773 3779 diurnis
787 3738 819 3778 ac
833 3721 876 3778 di·
963 3746 1000 3801 Up
1011 3748 1061 3800 ,ut
1072 3759 1172 3800 emus
1192 3741 1368 3816 quofigiwae
1381 3744 1488 3797 „om
1503 3739 1597 3796 dim,
1620 3740 1741 3798 pomp„

57 3822 127 3878 vino
153 3821 247 3877 oiilcio
267 3836 317 3876 seu
344 3818 458 3876 lectioni
483 3818 624 3892 deputatis
641 3815 831 3890 temporibus,
845 3815 878 3873 iu
927 3844 956 3895 ep
985 3837 1141 3896 „cundum
1168 3836 1300 3893 ominem
1328 3836 1388 3904 flag,
1414 3851 1474 3892 non
1499 3850 1594 3907 pm
1623 3834 1743 3891 cautela

57 3917 131 3974 ¹⁰⁰ss
145 3931 262 3989 (1⁰⁰(lu0
278 3913 423 3987 ⁸⁶P⁰⁵i¹i⁸2
439 3913 470 3969 id
492 3918 535 3969 0⁸²
556 3913 692 3980 ⁰r³¹⁰¹l⁰2
707 3909 878 3967 d⁰fmi²⁰f5⁰
927 3933 1055 3990 studium
1067 3932 1103 3988 ad
1116 3930 1294 3988 observanda
1306 3930 1446 3986 horarum
1459 3929 1541 4001 signe
1555 3931 1584 3984 et
1601 3944 1652 3984 suo
1668 3934 1741 3984 tem·

58 4028 94 4068 ac
107 4008 260 4067 refectorio
272 4008 311 4064 sic
322 4007 437 4064 student
447 4007 571 4076 silentio,
588 4009 621 4061 ut
635 4022 651 4061 a
665 4004 749 4061 bonis
762 4019 877 4076 quoque
926 4043 997 4102 pom
1017 4026 1158 4099 pulsanda
1172 4024 1308 4082 adhibent
1322 4041 1329 4081 3
1349 4023 1482 4081 ,idepjoep
1493 4028 1526 4079 „q
1539 4022 1576 4079 ,d
1588 4026 1742 4079 umqum„

55 4103 181 4178 ¹⁰⁴l¹¹0¹¹³
200 4102 332 4175 lindum
353 4100 517 4171 ⁰⁰hib⁰⁸¹¹²s
537 4099 591 4155 ⁰5⁵5
617 4099 667 4169 illi,
691 4098 742 4171 (lui
763 4103 875 4170 Pfflffl‘v
926 4122 1038 4194 vigilias
1053 4120 1150 4176 media
1163 4121 1388 4191 noctesurgant,
1404 4123 1434 4174 et
1446 4117 1612 4190 intempore
1626 4115 1741 4183 hiemis,

56 4197 168 4272 aliquid
200 4196 334 4253 ordinare
364 4195 526 4262 incumbat,
559 4193 637 4267 quod
668 4197 765 4248 tamen
798 4194 874 4262 tum,
926 4214 1212 4289 primoissuoemnoe
1222 4211 1279 4282 die,
1298 4228 1349 4284 pe,
1367 4215 1494 4267 mmm
1510 4227 1577 4266 ,em
1593 4226 1660 4267 mox
1677 4213 1742 4267 om,

54 4296 200 4367 quantum
214 4293 315 4364 potest,
331 4288 424 4346 verbis
437 4287 616 4361 paucioribus
637 4291 667 4343 ct
679 4285 790 4342 minore
809 4289 877 4341 stre·
926 4310 983 4365 ,013
1007 4308 1101 4364 prima
1125 4307 1263 4379 pubem,
1288 4310 1318 4361 ,t
1339 4322 1393 4378 p„
1416 4304 1545 4361 hiemem
1559 4303 1633 4358 ,im
1653 4303 1743 4360 mem

56 4385 119 4459 95⁸⁰
134 4384 287 4441 “dinam
361 4455 382 4510 C
430 4454 474 4509 UT
490 4454 544 4509 XVI
925 4401 1051 4472 Tertiae3
1076 4417 1129 4474 per
1152 4402 1282 4456 aestatem
1310 4415 1377 4455 vero
1403 4399 1477 4454 circa
1499 4397 1625 4454 mediam
1648 4396 1742 4470 ipsam

383 4456 428 4510 ΑΡ
546 4455 567 4509 Ι’
884 4498 1029 4584 Dhoram
1048 4495 1085 4551 ad
1105 4494 1229 4552 Tertiam
1251 4493 1368 4567 signum
1381 4491 1475 4560 detur,
1491 4495 1661 4564 quatenusa
1682 4490 1741 4546 line

321 4571 360 4625 De
372 4584 436 4640 ⁰1²⁶?
436 4583 450 4624 θ
469 4583 612 4623 'mum
926 4592 1031 4658 misses,
1052 4605 1117 4663 quse
1137 4588 1263 4644 Tertiam
1287 4586 1425 4659 sequitur,
1452 4585 1566 4642 lectioni
1588 4599 1679 4657 usque
1702 4581 1740 4639 ad

91 4692 231 4751 Sedentes
244 4705 358 4763 quoque
370 4690 406 4746 ad
420 4706 509 4762 opera
520 4689 668 4746 domestici
684 4689 742 4746 mei
759 4704 876 4745 amane
926 4687 1040 4743 Sextum
1067 4690 1180 4755 tempus
1203 4682 1391 4754 relinquetur,
1415 4694 1480 4753 quae
1503 4676 1637 4734 videlicet
1655 4679 1741 4735 Sexta

53 4804 147 4862 usque
179 4785 215 4841 ad
248 4784 362 4840 tertiam
389 4789 494 4854 tacent,
521 4784 575 4839 nisi
599 4783 754 4840 necessitas
781 4782 876 4856 operis
927 4796 985 4836 non
998 4784 1063 4836 ante
1082 4777 1197 4833 initium
1217 4775 1305 4848 ipsius
1319 4773 1398 4830 horae
1420 4772 1557 4846 pulsanda
1570 4776 1622 4840 est,
1635 4786 1672 4828 ne
1689 4769 1740 4826 sci-

52 4882 163 4955 exigat,
180 4882 211 4935 ut
225 4879 357 4952 loquatur
367 4878 451 4951 quis:
474 4894 559 4951 quam
582 4877 715 4934 videlicet
735 4877 877 4950 loquelam
925 4873 992 4929 licet
1004 4876 1133 4944 tempore
1152 4869 1282 4926 lectionis
1294 4867 1418 4936 excluso,
1432 4866 1475 4922 vel
1494 4870 1577 4920 antea
1594 4868 1644 4919 aut
1662 4867 1739 4919 retro

51 4977 95 5033 sic
118 4973 262 5030 moderari
281 4972 395 5042 studeo,
411 4989 448 5028 ne
470 4972 560 5027 cultus
581 4972 704 5044 pietatis,
726 4971 755 5027 id
775 4975 819 5027 est
837 4971 874 5027 si·
925 4966 1065 5035 mutilato,
1080 4964 1167 5021 divini
1180 4980 1279 5020 cursus
1296 4962 1379 5018 diaeta
1396 4958 1481 5017 veluti
1497 4974 1571 5015 oseca
1585 4957 1632 5013 sit.
1647 4956 1741 5030 Siqui-

49 5069 177 5127 lentium
195 5066 371 5135 excludatur,
388 5066 456 5122 dum
469 5065 590 5138 quisque
610 5081 677 5120 cum
697 5063 751 5120 sibl
771 5080 874 5137 coope·
925 5063 991 5118 dem
1018 5060 1102 5116 lectio
1129 5062 1194 5131 post
1221 5056 1365 5112 orationes
1390 5058 1420 5111 et
1440 5053 1551 5110 Laudes
1574 5050 1739 5108 Dominicas

51 5167 149 5226 rante,
165 5160 242 5234 quod
256 5159 293 5215 nd
307 5159 505 5216 necessitatem
521 5159 613 5214 solum
628 5158 721 5230 operis
740 5157 874 5230 pertinet,
925 5154 1052 5228 ejusdem
1071 5153 1162 5209 dietae
1187 5156 1291 5208 nostrae
1315 5149 1430 5223 quidam
1451 5147 1548 5203 oculus
1571 5150 1623 5215 est,
1642 5145 1693 5219 qui
1714 5144 1741 5203 si

53 5257 119 5314 sine
139 5255 263 5327 strepitu
285 5252 359 5309 vocis
378 5252 563 5325 colloquitur,
578 5251 652 5307 sicut
671 5251 781 5308 Martha
802 5268 877 5307 soro-
925 5249 1020 5306 nullus
1041 5248 1084 5303 vel
1103 5246 1272 5303 tenebrosus
1292 5243 1391 5311 luerit,
1407 5246 1502 5299 totum
1522 5240 1616 5297 ditatas
1636 5255 1740 5312 corpus

50 5366 119 5410 rem
132 5346 357 5415 eremitorium,
372 5345 527 5419 Evangelio
538 5347 691 5417 referente,
705 5345 813 5402 vocavit
823 5346 876 5403 sub
925 5360 959 5400 er
980 5359 1013 5399 ea
1028 5345 1108 5415 parte
1123 5340 1305 5397 tenebrosum
1321 5337 1386 5406 erit,
1411 5335 1494 5392 sicuti
1514 5339 1544 5391 ct
1556 5350 1673 5393 mancus
1689 5332 1740 5406 ju·

50 5443 180 5514 silentio,
194 5441 291 5499 dicens
308 5456 315 5498 :
339 5443 472 5512 licenter
484 5441 561 5498 odet
582 5440 685 5512 (loca,
706 5441 753 5512 xl),
770 5439 821 5496 ubi
846 5443 877 5497 et
925 5437 1045 5506 dicetur,
1057 5436 1080 5491 si
1094 5451 1166 5509 opus
1178 5451 1195 5490 a
1209 5433 1369 5490 valentibus
1381 5429 1493 5504 operari
1507 5428 1683 5503 negligatur.

53 5537 190 5614 paucitas
202 5536 233 5592 in
248 5533 341 5592 verbis
353 5537 383 5591 ct
396 5535 426 5590 in
443 5550 511 5592 voce
533 5534 670 5591 modestia
689 5534 793 5591 silentii
813 5549 876 5607 gra·
959 5532 1040 5589 Nona
1068 5529 1156 5586 etlam
1183 5526 1284 5584 diebus
1308 5525 1471 5596 vacationis,
1489 5523 1560 5580 bora
1585 5522 1648 5596 ipsa
1670 5521 1740 5578 inci·

51 5632 125 5690 tiam
149 5645 207 5686 non
227 5630 419 5695 excluserant.
440 5627 468 5684 Si
491 5644 559 5685 vero
579 5628 712 5700 cuiquam
733 5628 817 5701 plura
837 5628 876 5684 lo·
924 5625 1032 5699 plante,
1048 5624 1245 5696 reliquisvero
1264 5621 1376 5691 diebus,
1391 5623 1491 5677 octana
1510 5616 1593 5672 ultra
1605 5614 1750 5670 mediana

54 5723 173 5800 quenda
192 5722 336 5792 videntur,
351 5739 429 5791 cum,
451 5738 514 5778 cunr
539 5739 596 5796 quo
618 5722 798 5797 loquendum
821 5724 875 5797 est,
927 5726 1083 5796 vergente,
1095 5719 1480 5791 sonatpropteraomnum
1490 5722 1549 5778 per
1568 5697 1815 5866 amplexas&

48 5821 130 5881 aas
150 5818 320 5879 conventum
337 5815 517 5894 operantium
541 5817 656 5897 educet,
669 5818 728 5879 nisi
746 5819 826 5888 torte
843 5820 878 5903 is,
931 5817 1153 5891 breviandum,
1181 5818 1216 5874 et
1237 5809 1410 5892 prandiam
1435 5816 1495 5881 nea
1521 5795 1592 5858 btv*
