3750 6046
129 164 183 223 855
822 166 983 224 ORDERlCl
1002 169 1131 227 viratas
1761 174 1804 231 851
1864 168 1865 177 ’

127 289 269 357 atellento,
298 286 391 343 fllium
411 289 547 346 liodberti
573 288 696 357 comitis,
720 290 814 362 patrui
841 290 950 349 scilieet
960 305 1083 378 Aenum
1111 294 1260 352 mandavit
1291 296 1368 369 quod
1400 312 1453 368 pro
1475 296 1565 352 tutela
1590 294 1702 369 patriae
1725 300 1813 357 centn

130 383 184 450 sui,
195 384 353 439 calumnias
365 384 498 440 faciebat.
517 384 575 440 Sed
590 384 694 441 virtute
707 384 789 457 regia
802 386 947 441 consebri-
999 388 1127 462 publicos
1140 390 1236 445 hostes
1249 405 1308 446 non
1330 390 1504 446 interfuerit.
1524 389 1584 447 Sed
1606 390 1665 445 nisi
1689 390 1813 449 Βοιιιίιιιιι

130 492 201 533 num
211 493 296 532 suum
321 481 500 550 protegente,
526 477 687 533 concionari
714 479 750 534 ad
773 479 949 536 voluntatem
1000 482 1166 538 custodierit
1183 482 1336 551 civitatem,
1362 483 1467 539 fnestra
1492 482 1595 555 vigilat
1617 483 1671 557 qui
1701 484 1811 543 cusbdit

129 587 212 627 suam
227 587 285 628 non
300 577 423 643 poterat.
443 572 555 628 illectus
570 588 640 643 ergo
654 589 671 628 a
685 572 805 643 publicis
819 572 950 629 hostibus
1001 592 1081 646 eam3
1098 576 1200 633 eadem
1213 577 1290 632 enim
1311 576 1357 633 dia
1378 576 1465 632 turris
1482 576 1625 635 amalrice
1647 576 1813 635 Ebroieeasis

131 671 230 721 centra
243 681 344 736 regem
360 665 529 735 insurrexit;
545 666 594 721 sed
618 664 717 720 multis
736 666 839 737 opibus
860 665 949 737 depo·
1001 668 1104 725 tradita
1117 676 1170 723 est.

131 759 279 832 palatione
302 776 353 815 seu
380 758 577 815 combustione
596 759 716 826 amissis,
741 759 812 815 nihil
835 776 950 832 recupe-
1036 762 1201 818 Guillelmus
1213 763 1385 831 punctellus,
1400 778 1487 836 nepos
1502 763 1653 837 laudulphi
1673 764 1710 822 de
1723 765 1813 835 Guibt,

132 854 215 909 ravit.
229 852 372 908 Facundia
397 852 515 925 quidem
541 856 585 908 est
609 853 756 924 praeditus,
782 853 832 909 sed
852 853 951 909 dextra
1001 856 1047 912 eui
1059 872 1107 911 rex
1123 856 1248 911 libroiera
1261 856 1339 913 urbis
1351 872 1446 913 arcem
1471 858 1745 927 commendaverat,
1765 876 1814 917 rac·

133 947 264 1019 frigidus,
280 951 309 1002 et
323 948 387 1018 plus
400 946 501 1017 lingua
515 946 858 1018 quamlaneealucratus.
1001 966 1066 1004 mor
1087 950 1213 1023 antiqua
1236 950 1378 1007 societatis
1400 967 1489 1023 quam
1516 952 1553 1008 de
1577 952 1661 1008 curia
1687 952 1816 1009 Guillelnsi

169 1044 208 1097 Eo
221 1047 358 1112 tempore,
374 1056 424 1096 rex
439 1039 577 1095 ilenrieus
591 1039 757 1095 diuturnam
770 1040 948 1097 obsidionem
1002 1043 1113 1099 comitis
1127 1058 1193 1099 cum
1204 1044 1346 1100 amalrice
1367 1044 1522 1115 habuerat,
1534 1062 1591 1117 pro
1605 1045 1759 1103 intellectu
1773 1062 1815 1103 suo

134 1139 233 1193 terrere
259 1134 383 1203 nolebat,
401 1134 469 1207 quia
484 1134 556 1205 ipse,
577 1133 696 1189 turbatis
711 1134 853 1202 omnihus,
875 1140 906 1189 ut
919 1133 949 1191 in
1002 1143 1155 1192 autumans
1166 1138 1244 1209 quod
1258 1142 1353 1194 tantus
1371 1138 1415 1193 vir
1433 1154 1552 1195 avorum
1572 1138 1748 1196 haereditata
1761 1156 1816 1197 suo·

133 1229 267 1284 fraternis
287 1228 463 1285 conflictibus
482 1227 544 1283 fieri
558 1227 673 1295 assolet,
692 1228 721 1283 in
737 1228 864 1283 suisnon
880 1244 947 1284 con-
1002 1246 1068 1285 rum
1094 1231 1200 1301 injuste
1227 1231 1355 1303 privatus
1386 1232 1488 1299 fuerat,
1513 1248 1548 1287 ex
1574 1232 1730 1305 insperato
1757 1232 1818 1291 fides

131 1322 244 1379 fidebat.
261 1323 304 1377 Illi
317 1323 394 1377 enim
411 1322 459 1394 qui
477 1337 543 1376 cum
559 1338 592 1378 eo
612 1320 835 1388 manducabant,
850 1322 950 1393 nepoti
1003 1324 1116 1380 sodales
1132 1324 1162 1379 in
1174 1325 1278 1380 turrim
1297 1341 1393 1381 seeum
1415 1325 1580 1396 intromisit,
1597 1332 1627 1383 et
1642 1342 1818 1385 communem

133 1432 201 1486 suo,
237 1416 357 1489 aliisque
389 1415 511 1472 inimicis
551 1416 613 1486 eJ'us
645 1415 795 1482 favebant,
830 1416 949 1488 ejusque
1002 1419 1089 1473 totius
1109 1418 1213 1489 populi
1240 1434 1342 1490 pacem
1368 1418 1591 1491 floccipendens,
1613 1420 1740 1477 dimisso
1758 1438 1818 1493 rege

135 1511 250 1567 secretis
273 1510 436 1579 denudatis,
459 1510 667 1564 adminiculum
693 1508 748 1564 illis
767 1525 950 1581 summopere
1002 1512 1146 1567 amalrico
1163 1527 1193 1566 se
1206 1512 1337 1569 contulit.
1350 1512 1403 1570 Cui
1415 1512 1660 1569 moxElinancius
1674 1512 1713 1570 de
1726 1514 1819 1571 altoilo

135 1604 336 1676 procurabant.
353 1606 411 1659 lloe
432 1619 537 1675 nempe
556 1604 620 1675 plus
634 1620 722 1675 quarn
740 1604 819 1659 civile
840 1603 950 1658 bellurn
1003 1622 1069 1660 cum
1084 1605 1147 1661 aliis
1159 1605 1288 1678 pluribus
1301 1605 1432 1677 adhaesit,
1447 1612 1477 1662 et
1494 1606 1599 1678 ingens
1616 1607 1724 1664 seditio
1739 1613 1819 1665 totana

137 1704 209 1765 erat,
248 1700 277 1752 et
319 1697 497 1752 necessitudo
533 1696 635 1751 fratres
667 1704 695 1752 et
726 1696 832 1752 amicos
865 1677 1154 1771 atqueBregionem
1168 1700 1296 1771 undique
1309 1699 1445 1755 turbavit.
1465 1702 1611 1757 invasores
1626 1702 1708 1758 arcis
1721 1703 1819 1776 episeo-

135 1792 523 1863 parentesinutraqueparte
532 1790 746 1859 concatenabat,
759 1791 835 1846 unde
849 1797 954 1846 neuter
1004 1795 1085 1866 pium
1109 1799 1137 1850 et
1170 1793 1271 1849 urbem
1299 1794 1479 1863 invaserunt,
1506 1798 1535 1850 et
1558 1811 1684 1851 emnem
1705 1797 1821 1869 episcopi

133 1885 215 1940 alteri
231 1900 333 1939 rruceee
348 1883 487 1939 studebat.
500 1885 577 1939 Tunc
597 1884 713 1954 plurimi
730 1885 899 1956 achitophel
923 1889 954 1940 et
1004 1886 1212 1960 supellectilem
1226 1903 1291 1942 cum
1304 1887 1384 1943 libris
1396 1894 1424 1943 et
1438 1889 1616 1944 ornamentis
1630 1887 1819 1961 diripuerunt,

134 1979 240 2045 Senrei,
252 1978 378 2050 aliosque
393 1978 550 2033 desertores
562 1978 591 2032 in
605 1978 736 2033 Ncustria
756 1977 950 2049 imitabantur,
1003 1982 1115 2053 sibique
1127 1980 1229 2037 bellica
1247 1981 1274 2036 vi
1288 1980 1538 2053 circumjacentem
1557 1984 1743 2054 provinciam
1761 1985 1819 2041 sub

136 2080 164 2128 et
204 2072 338 2143 operibus
377 2072 490 2126 illerum
529 2070 634 2127 similia
668 2071 863 2142 operabantur
890 2073 950 2143 qui,
1004 2082 1135 2146 egerunt.
1150 2075 1275 2130 audinus
1290 2076 1559 2149 autemepiscopus,
1574 2094 1612 2133 ue
1633 2078 1818 2148 occideretur,

135 2166 232 2222 relicto
266 2182 335 2238 rege
371 2181 422 2237 per
458 2165 620 2220 Samuelem
650 2164 784 2220 divinitus
808 2166 949 2235 ordinato,
1004 2185 1069 2224 cum
1083 2168 1248 2224 domesticis
1266 2168 1324 2224 suis
1343 2168 1466 2241 aufugit,
1489 2174 1517 2225 et
1536 2185 1700 2242 perunum
1719 2188 1821 2228 annum

134 2259 258 2317 absalon
264 2258 411 2331 parricidae
416 2257 622 2329 jungebantur.
630 2258 815 2314 Sicnimirum
823 2258 951 2331 plerique
1003 2263 1057 2317 hac
1068 2268 1096 2317 et
1110 2263 1174 2318 illac
1182 2268 1351 2335 pervagatus
1362 2263 1511 2319 exsulavit.
1525 2264 1649 2319 Barbam
1663 2282 1734 2321 vero
1748 2282 1822 2321 suam

133 2352 285 2421 faciebant,
323 2352 372 2424 qui
406 2353 556 2425 pacificum
588 2352 767 2425 principem,
797 2352 951 2424 pontificali
1002 2371 1062 2411 non
1076 2356 1154 2424 rasit,
1169 2355 1381 2427 habituquesuo
1395 2355 1505 2411 luctum
1520 2356 1727 2415 ecclesiastiea
1741 2359 1820 2414 deso-

134 2446 309 2504 eleetienect
323 2447 522 2502 benedictione
542 2452 750 2515 consecratum,
767 2446 946 2515 deserebant,
1003 2448 1117 2504 lationis
1141 2450 1319 2507 monstravit.
1339 2448 1494 2505 Tribulatio
1515 2450 1689 2521 hujusmodi
1718 2453 1822 2509 Ebroas

136 2548 166 2597 et
181 2541 302 2597 mentita
316 2540 373 2597 fide
389 2558 475 2613 quam
493 2540 533 2595 illi
550 2547 580 2595 ut
597 2540 715 2596 domino
729 2541 949 2613 spoponderant,
1002 2542 1112 2610 afflixit,
1127 2545 1156 2597 et
1171 2543 1277 2614 fugatis
1290 2542 1358 2597 inde
1381 2542 1499 2612 clericis,
1524 2560 1577 2616 per
1593 2561 1691 2601 unum
1713 2562 1821 2602 anuum

133 2635 253 2693 imberbi
268 2638 389 2707 satrapae
403 2635 438 2689 ad
452 2635 531 2690 nefas
556 2634 703 2705 agendum
714 2651 773 2690 non
795 2651 829 2689 ex
842 2633 950 2702 debito,
1001 2636 1110 2690 ibidem
1126 2636 1257 2691 divinum
1274 2636 1400 2691 officium
1415 2636 1547 2693 cessavit.
1632 2636 1635 2643 '

134 2729 184 2785 sed
200 2734 301 2801 sponte
315 2746 366 2785 aua
379 2732 525 2801 gratanter
538 2729 730 2784 adherebant.
1038 2730 1168 2785 Secunda
1185 2731 1344 2802 septimana
1366 2730 1530 2787 Novembris
1549 2729 1661 2805 [tlt8],
1684 2732 1821 2790 ilenrieus

135 2843 183 2899 [Π.
201 2842 410 2912 simmam,
431 2842 584 2897 compium·
607 2870 641 2882 ,,
673 2841 743 2896 pepp,-
764 2845 884 2895 egemus,
918 2869 951 2880 -
1002 2839 1054 2878 rex
1068 2823 1229 2879 eumvalida
1242 2839 1331 2879 mauu
1345 2823 1471 2880 militum
1482 2823 1672 2897 peditumque
1690 2828 1822 2899 Aquilam

170 2924 346 2991 Barperaium
397 2922 621 2978 alenconensium
668 2926 763 2977 contre
807 2923 951 2977 ilenricum
1003 2917 1082 2985 adiit,
1108 2924 1137 2973 et
1154 2916 1330 2989 provinciam
1354 2918 1384 2971 iu
1403 2917 1522 2974 circuitu
1541 2918 1714 2976 devastarit.
1735 2923 1820 2977 Porro

172 3004 439 3073 repeminsurrectie.
1002 3010 1155 3080 castellani,
1187 3011 1236 3083 qm
1266 3011 1405 3082 probitate
1426 3011 1583 3083 plurimum
1615 3013 1821 3084 gloriabantur,

172 3106 329 3162 indictione
352 3122 387 3171 xr,
407 3106 498 3160 tiones
520 3104 647 3160 Octobris
670 3102 773 3175 [trial
799 3102 952 3158 concilium
1003 3106 1111 3177 egressi
1125 3109 1201 3172 sunt,
1219 3109 1248 3160 et
1266 3121 1333 3160 cum
1344 3105 1490 3175 regalibus
1505 3106 1626 3162 militari
1639 3123 1725 3165 more
1747 3109 1821 3165 haud

135 3198 625 3272 ltetlremagicongregatumest.lbi
637 3214 683 3253 rex
693 3198 830 3253 hienricus
839 3197 952 3269 depace
1003 3200 1129 3270 segniter
1173 3203 1264 3254 semet
1305 3204 1513 3254 exercuerunt.
1555 3200 1598 3255 lbi
1645 3202 1823 3259 Tedbaldum

134 3294 217 3366 regni
234 3294 361 3349 tractavit
375 3310 440 3348 cum
455 3292 615 3364 liudulpho,
629 3290 790 3347 cantuariae
812 3290 952 3361 archiepi-
1004 3293 1151 3362 comitem,
1167 3292 1202 3347 de
1220 3291 1374 3364 cornipede
1394 3292 1549 3364 dejectum,
1569 3302 1751 3366 rapuerunt;
1775 3296 1823 3352 sed

136 3405 232 3459 scopo,
248 3387 367 3459 aliisque
383 3387 536 3442 baronibus
558 3403 629 3457 quos
652 3390 873 3457 aggregaverat.
899 3384 950 3453 ihi,
1004 3402 1065 3455 rex,
1087 3386 1306 3458 stephanusque
1335 3402 1433 3441 comes
1464 3403 1529 3443 curn
1562 3386 1668 3443 virtute
1701 3389 1824 3445 militum

136 3482 555 3553 Geisfredus,ltothomagensis
570 3479 811 3552 archiepiscopus,
826 3479 861 3534 de
876 3482 952 3534 statu
1003 3480 1124 3537 insecuti
1146 3485 1222 3547 surrt,
1247 3479 1440 3552 comitemque
1470 3480 1506 3535 de
1534 3480 1671 3536 manibus
1696 3482 1824 3539 hostium

137 3577 269 3633 Ecclesia
286 3577 336 3631 Dei
353 3577 463 3632 locutus
478 3579 521 3631 est
539 3592 603 3629 cum
623 3576 748 3647 quatuor
766 3572 953 3645 suffraganeis
1004 3574 1141 3629 nobiliter
1164 3574 1343 3646 eripuerunt.
1367 3573 1445 3629 Tunc
1470 3578 1529 3629 tarn
1553 3574 1627 3629 acris
1649 3578 1826 3633 concertatio

136 3671 321 3745 praesulibus,
344 3669 486 3727 ltiehardo
510 3667 653 3741 bajocensi
676 3672 704 3724 et
728 3669 835 3723 loanne
863 3667 951 3722 Lexo-
1003 3670 1135 3735 faetaest,
1150 3670 1248 3722 ettam
1261 3667 1363 3735 valide,
1378 3671 1410 3721 ut
1423 3668 1483 3740 ipse
1498 3668 1590 3724 rexde
1608 3669 1706 3740 lapide
1721 3687 1824 3743 percu·

140 3766 241 3835 visensi,
265 3764 384 3837 ‘lurgiso
405 3762 605 3818 abrincatensi
622 3768 650 3817 et
667 3760 790 3831 hogerio
813 3763 951 3817 Constan·
1005 3766 1114 3818 teretur
1139 3761 1169 3818 in
1197 3760 1302 3834 capite3
1326 3759 1375 3816 sed
1397 3777 1472 3817 aerea
1499 3762 1583 3817 cassis
1607 3762 1699 3819 ictum
1727 3764 1827 3837 lapidis

136 3860 236 3929 ciensi,
267 3863 296 3913 et
321 3857 472 3912 abbatibus
494 3856 600 3911 multis.
630 3855 669 3910 lbi
697 3854 774 3910 euim
798 3854 953 3909 adfuerunt
1005 3856 1115 3926 respuit
1126 3856 1256 3927 impune.

136 3952 277 4025 Rogerius
308 3950 502 4006 fiscannensis
534 3955 562 4005 et
594 3950 679 4005 t'rsus
708 3947 952 4015 Gemmeticensis,
1040 3952 1072 4004 lu
1105 3950 1152 4004 ille
1186 3954 1323 4020 tempore,
1349 3948 1508 4021 burgenses
1533 3949 1699 4007 alencionis
1725 3959 1825 4009 eontra

137 4048 457 4106 Guillolmusltecceusis
471 4044 954 4116 etEudoCedonveusis,ltichardus
1004 4060 1103 4116 regem
1118 4042 1272 4099 ilani-icum
1288 4044 1508 4110 rebellaverunt,
1522 4059 1702 4117 causamque
1722 4046 1825 4103 notabo

138 4142 316 4201 Pratellensis
329 4146 358 4199 et
376 4142 506 4197 andreas
520 4140 714 4208 bearnensis,
738 4139 903 4194 Guillelmus
917 4138 953 4193 de
1005 4155 1056 4194 cur
1076 4153 1176 4209 regem
1196 4142 1276 4192 tanto
1297 4136 1423 4191 facinora
1443 4136 1637 4193 offenderunt.
1650 4139 1826 4211 Stephanus,

139 4242 228 4294 Cruce
256 4242 284 4292 ct
309 4235 454 4291 Osbernus
480 4234 695 4306 Ultriportensis
728 4240 757 4289 ct
777 4233 823 4288 alii
847 4234 952 4305 plures,
1003 4230 1394 4302 lloritoliicomes,quitunc
1410 4229 1451 4284 eis
1474 4230 1693 4302 dominabatur,
1715 4234 1827 4289 adoles·

139 4349 211 4406 qnos
221 4331 373 4388 nominare
387 4346 503 4386 necesse
518 4346 578 4384 nou
593 4335 648 4383 est.
659 4327 774 4383 ibitunc
790 4327 953 4394 conracius,
1004 4342 1071 4381 cens
1086 4328 1155 4392 erat,
1171 4328 1200 4379 et
1214 4326 1373 4397 Burgcnses
1386 4340 1444 4379 uon
1461 4328 1493 4378 ut
1513 4323 1655 4380 decuisset
1678 4325 1825 4399 diligebat,

139 4430 283 4485 llorneaus
305 4425 439 4495 clericus,
460 4424 562 4480 Gelasii
583 4440 664 4495 papae
679 4423 797 4494 legatus,
818 4423 952 4492 eloqueu·
963 4420 992 4491 1)
1004 4435 1055 4475 seu
1067 4418 1239 4490 competenti
1248 4418 1315 4490 jure
1328 4417 1498 4473 honorabat.
1513 4418 1702 4476 adulantium
1726 4420 1826 4491 favori,

136 4522 246 4578 tissime
274 4535 415 4589 sermone,
447 4522 544 4590 utpote
574 4516 664 4573 latiali
686 4518 766 4572 fonte
794 4533 809 4569 a
834 4512 957 4586 pueritia
1007 4530 1065 4569 non
1088 4528 1190 4568 senum
1207 4511 1336 4579 consilio,
1354 4527 1434 4567 more
1457 4511 1597 4582 Roboam,
1616 4514 1826 4587 acquiescebat.

137 4612 524 4687 inebriatus,querimoniam
538 4611 606 4667 facit
620 4611 760 4667 charolo
773 4609 956 4680 imperatore,
1007 4613 1035 4664 et
1049 4606 1207 4678 oppidanos
1219 4604 1348 4661 infideles
1362 4604 1416 4659 sibi
1432 4610 1461 4661 et
1474 4605 1535 4677 regi
1548 4608 1730 4664 autumabat.
1745 4609 1825 4665 Uriae

137 4708 282 4766 Paschalis
304 4724 385 4781 papea
405 4707 547 4762 bonorum
572 4720 692 4778 operum
720 4708 748 4758 et
773 4700 958 4757 aedificiorum
1007 4699 1120 4773 injuriis
1142 4716 1189 4755 eos
1213 4702 1242 4754 et
1266 4699 1386 4756 insolitis
1411 4699 1604 4756 exactionibus
1629 4702 1826 4773 opprimebat,

139 4825 226 4881 pravo
252 4807 439 4873 destructore,
463 4811 491 4860 et
511 4802 720 4858 catholicorum
743 4800 805 4855 diro
821 4814 956 4870 persecu·
1008 4794 1162 4866 ruinasque
1184 4809 1271 4865 quam
1293 4795 1448 4863 oporteret,
1471 4792 1539 4863 quid
1564 4792 1631 4849 inde
1657 4804 1829 4867 sequeretur

136 4912 209 4959 tere.
224 4901 338 4957 Addidit
357 4900 445 4954 etiam
460 4898 605 4970 planctum
628 4896 663 4950 de
680 4894 805 4952 Burdiuo
832 4892 956 4965 pseudo·
1008 4887 1194 4961 praevidebat.
1209 4886 1338 4958 Denique
1356 4902 1456 4941 onmes
1470 4886 1615 4956 convenit,
1638 4892 1668 4943 ct
1683 4889 1721 4943 ab
1743 4890 1784 4945 eis
1800 4896 1829 4945 ut

140 5014 224 5068 grapa,
247 4995 409 5067 apostolicae
429 4991 505 5047 sedis
525 4992 668 5058 invasore,
687 4995 714 5045 et
736 4988 770 5044 de
789 4987 958 5043 multimoda
1009 4982 1081 5038 lilios
1101 4998 1166 5038 suos
1187 4980 1240 5035 sibi
1271 4979 1383 5036 obsides
1401 4981 1513 5049 darent,
1540 4981 1644 5053 exegit.
1678 4984 1765 5038 iuviti
1799 4989 1829 5039 et

140 5088 170 5142 in
193 5089 299 5144 'insciae
325 5087 454 5159 partibus
474 5085 605 5142 Ecclesiae
630 5083 824 5139 tribulatione.
851 5080 958 5137 lietalit
1009 5074 1261 5147 coaetiimperauti
1269 5074 1549 5143 obsecundaverunt,
1565 5075 1615 5130 aed
1624 5076 1828 5135 malevolentia

141 5182 229 5237 etiarn
256 5182 354 5238 Gelasii
389 5197 482 5251 papa,
512 5179 561 5251 qui
578 5179 642 5249 jani
671 5177 710 5232 cis
733 5176 819 5248 alpes
840 5176 959 5229 venerat
1008 5171 1098 5245 pleni,
1117 5169 1229 5225 ultiouis
1243 5171 1358 5241 ternpus
1379 5169 1621 5225 desideraverunt.
1645 5172 1826 5229 iracundiam

139 5274 355 5346 insurgentibus
369 5274 508 5345 procellis,
522 5273 667 5339 exsilium,
682 5277 710 5328 et
734 5288 751 5325 a
771 5268 959 5325 Nerrnanuica
1010 5265 1117 5337 quippe
1131 5279 1212 5319 suam
1232 5262 1334 5318 callide
1356 5262 1534 5318 occultarunt
1540 5281 1550 5333 ;
1571 5263 1621 5319 sed
1647 5265 1828 5323 manifestam

140 5368 264 5425 Ecclesia
296 5367 457 5423 subsidium
489 5368 571 5439 petiit
607 5366 784 5433 orationum,
810 5363 958 5435 magisque
1009 5376 1066 5414 rien
1086 5358 1177 5413 inulto
1195 5360 1260 5429 post
1278 5355 1432 5412 vindictam
1455 5356 1613 5414 uvachinati
1630 5362 1708 5415 sunt.
1729 5360 1828 5417 Comes

139 5462 337 5536 pecuniarum.
352 5462 431 5517 Serio
445 5466 551 5533 autern,
564 5459 706 5533 sagiensis
719 5459 878 5533 opiscopus,
891 5456 958 5513 lsuic
1009 5458 1108 5509 eutem
1121 5450 1234 5507 obsides
1248 5450 1366 5522 accepit,
1380 5450 1430 5507 sed
1443 5450 1600 5507 honorifice
1615 5468 1676 5509 uon
1688 5454 1827 5511 mactavit.

140 5556 248 5628 synodo
265 5572 321 5609 non
335 5556 477 5621 interfuit,
499 5556 549 5613 sed
569 5557 680 5627 legatus
699 5554 761 5627 eJ'us
783 5549 959 5609 infirmitatis
1009 5549 1128 5603 Uxorem
1148 5544 1294 5617 cujusdam
1309 5545 1394 5617 probi
1405 5544 1541 5615 hernicis,
1560 5544 1650 5601 filiurn
1668 5548 1777 5621 Pagaui
1794 5548 1829 5603 de

138 5650 270 5723 seniique
286 5666 370 5705 causa
384 5666 450 5705 eum
467 5648 590 5706 defuisse
604 5649 714 5705 asserit.
1009 5640 1109 5700 Caesio
1122 5639 1223 5696 famosi
1233 5639 1347 5713 equitis,
1361 5639 1393 5697 io
1406 5638 1477 5695 turri
1486 5638 1704 5697 custodiendam
1718 5642 1826 5713 posuit,

174 5745 302 5813 ,sueinus
318 5762 395 5819 vero,
416 5746 519 5821 praesul
540 5744 727 5819 libroiccusis,
747 5760 798 5827 per
826 5742 958 5817 legatum
1009 5754 1074 5819 quae
1085 5733 1236 5799 lenonibus
1249 5732 1356 5797 bitem
1373 5734 1526 5797 commisse
1541 5732 1732 5801 vehementer
1746 5736 1825 5817 5⁰8⁸*
