3750 6046
26 256 30 263 Ι
140 151 192 239 εει
831 180 990 242 struantur
1011 184 1139 241 vuius
1770 186 1818 239 εεε

174 309 205 361 ln
219 305 310 376 prima
323 305 381 360 acie
400 305 453 361 fuit
471 283 550 377 Hugo
570 305 697 378 hlagnus,
717 321 784 361 cum
805 307 950 362 [lodhario
961 324 990 395 Α
1001 324 1035 362 ex
1049 305 1187 371 industria
1201 305 1305 378 pedem
1319 304 1455 377 paulatim
1469 304 1504 360 ad
1518 309 1657 360 montana
1672 305 1818 361 retrahere

138 399 303 454 Flandrensi
323 400 438 466 comite,
461 404 489 454 et
508 417 562 455 xxx
583 399 706 454 millibus
728 399 903 455 Francorum
923 403 952 455 et
1001 400 1100 472 coepit;
1126 405 1155 455 ut
1175 416 1223 456 eos
1242 399 1342 471 fugere
1362 403 1510 471 putantes,
1535 398 1633 454 Franci
1656 398 1818 471 praecipites

136 491 363 548 Flandrensium.
386 495 418 547 ln
444 492 570 548 secunda
592 493 763 549 Godefredus
786 494 859 560 dux,
886 511 952 548 curu
1001 493 1232 565 insequerentur,
1257 496 1286 548 et
1306 492 1342 548 ab
1365 493 1393 548 id
1416 491 1585 561 exordinati,
1602 491 1715 547 facilius
1736 491 1818 548 laede.

137 587 288 642 Eustachio
312 587 397 642 fratre
423 604 483 656 suo,
508 593 538 642 et
563 588 679 642 Conone
707 587 819 655 comite,
847 590 875 641 et
899 603 951 642 xxx
1001 591 1109 642 rentur.
1128 588 1216 655 Tunc,
1230 603 1296 642 curn
1316 587 1389 641 nihil
1406 586 1446 641 ita
1459 585 1643 657 proficerent,
1664 584 1819 658 disgregati

138 680 264 736 millibus
290 681 508 735 fortissimorum
531 680 702 736 bellatorum
730 680 766 736 de
788 681 952 737 Alemannis
1001 681 1113 736 suntab
1128 680 1258 736 invicem.
1276 681 1344 735 Pars
1356 696 1373 736 a
1387 678 1461 735 mari
1475 679 1621 747 veniebat;
1640 678 1687 735 alii
1705 679 1820 734 stabant

24 774 28 783 “
137 777 167 830 et
180 774 361 846 Lotharingis
374 778 402 829 et
417 774 638 830 boloniensibus.
656 776 685 828 ln
699 775 781 830 tertia
794 774 952 829 Rodbertus
1001 774 1031 829 in
1054 775 1126 838 loco,
1148 775 1294 845 sperantes
1313 773 1458 829 includere
1478 789 1507 828 se
1528 789 1610 845 posse
1629 771 1819 829 Christianos·

138 868 195 923 dux
214 869 454 936 Normaanorum,
475 884 540 922 cnm
559 883 593 922 xv
614 867 738 922 millibus
755 868 953 924 Cenomanno·
1001 871 1036 923 m
1055 868 1154 923 Franci
1173 884 1206 922 ex
1223 867 1282 922 acie
1302 866 1454 922 Godefredi
1468 867 1547 922 ducis
1560 872 1588 922 et
1602 865 1737 922 liodberti
1751 866 1819 922 Nor·

138 979 217 1030 rum,
245 961 481 1033 andegavorum,
506 960 653 1016 Britonum
678 966 707 1016 et
731 962 896 1033 auglorum.
920 964 952 1016 ln
1001 962 1101 1017 manni
1113 967 1224 1033 partem
1237 965 1461 1032 assumpserunt,
1479 976 1568 1032 quam
1581 960 1672 1016 aciem
1687 963 1817 1015 octavam

137 1056 238 1127 quarta
264 1054 422 1121 llaimarus,
446 1054 590 1110 rociensis
617 1055 777 1126 episcopus,
801 1072 865 1110 cum
890 1055 951 1110 aliis
1001 1057 1169 1124 statuerunt,
1190 1058 1218 1110 et
1239 1055 1293 1109 illis
1316 1055 1471 1126 quemdam
1494 1054 1664 1110 Rainaldam
1688 1053 1819 1125 praefece-

137 1148 273 1220 cpiscopis
298 1151 328 1202 et
354 1147 509 1217 ordinatis3
542 1165 607 1203 cum
634 1149 737 1220 quibus
766 1152 828 1204 erat
854 1151 952 1204 Petrus
1001 1152 1078 1217 runt,
1100 1148 1149 1219 qui
1171 1147 1348 1203 venientibus
1371 1165 1388 1202 a
1412 1148 1486 1203 mari
1508 1147 1663 1220 gentilibus
1688 1147 1818 1203 obviare

137 1242 295 1310 Abraham,
323 1242 372 1313 qui
394 1242 527 1313 portabat
552 1240 665 1297 Domini
692 1241 838 1310 lanceam,
864 1257 951 1313 quam
1002 1245 1078 1296 runt.
1097 1240 1178 1296 Turei
1199 1257 1266 1297 vero
1287 1241 1316 1295 in
1332 1257 1381 1297 eos
1398 1241 1538 1296 instanter
1556 1241 1773 1312 preliabantur,
1789 1247 1817 1296 et

20 1388 27 1400 ,
136 1335 286 1393 Christiani
304 1335 357 1390 sihi
379 1335 506 1407 praeierri
524 1335 728 1403 desiderabant,
743 1340 772 1390 et
786 1335 952 1407 presidium
1001 1336 1105 1390 multos
1119 1351 1151 1390 ex
1166 1334 1220 1390 illis
1234 1335 1449 1407 sagittaverunt,
1462 1335 1506 1390 vel
1520 1334 1654 1406 quaelibet
1666 1334 1723 1390 alia
1738 1350 1816 1390 mor·

138 1436 165 1485 et
187 1433 380 1485 tutamentum
401 1428 438 1483 ihi
461 1444 599 1500 maguum
618 1429 779 1484 credebant.
800 1430 832 1484 ln
852 1429 952 1500 quinta
1001 1428 1037 1483 tis
1052 1444 1156 1500 genera
1173 1428 1302 1483 feraliter
1319 1428 1487 1484 intulerant.
1501 1427 1568 1484 Alia
1586 1428 1816 1486 Christianorum

137 1522 301 1590 Rainaldus,
325 1522 537 1578 strenuissimus
559 1538 666 1590 comes,
689 1538 755 1577 cam
777 1539 806 1577 ιε
827 1521 952 1577 millibus
1002 1525 1104 1577 turma
1125 1521 1329 1578 ordinaverunt
1348 1538 1377 1577 se
1397 1521 1576 1577 extendendo
1597 1521 1818 1593 amariusque

136 1615 355 1670 Teutonieoram
377 1620 405 1670 et
423 1615 631 1686 Bajoariorum.
647 1618 678 1672 ln
697 1620 771 1671 sexta
791 1616 951 1671 tancredus
1001 1615 1036 1670 ad
1052 1620 1202 1684 montaua;
1217 1614 1293 1686 quod
1312 1614 1495 1670 interstitium
1516 1615 1595 1687 quasi
1616 1614 1740 1670 duorum
1757 1619 1820 1670 erat

137 1726 201 1765 curn
215 1726 241 1763 rv
256 1709 382 1764 millibus
398 1707 603 1780 Apuliensinm.
621 1710 649 1762 lu
669 1709 791 1780 septima
808 1687 989 1764 Buaman-B
1001 1709 1209 1765 milliariorum.
1224 1713 1245 1766 h
1268 1708 1411 1764 montanis
1433 1713 1463 1763 et
1481 1726 1498 1763 a
1520 1708 1590 1763 mari
1613 1708 1757 1780 sagaciter
1779 1709 1819 1762 in-

137 1804 198 1869 dus,
211 1803 269 1858 dux
282 1802 401 1873 Apuliae,
415 1818 479 1856 cum
494 1819 545 1858 xxx
558 1801 682 1856 millibus
697 1801 949 1874 Langobardorum
1000 1803 1112 1858 stabant
1125 1802 1217 1870 larci,
1238 1802 1413 1859 Christianos
1436 1802 1702 1875 circumcingentes,
1720 1808 1749 1858 et
1769 1819 1818 1858 eos

136 1903 164 1952 et
178 1897 322 1951 llalorum.
338 1896 459 1950 Ultimus
472 1894 539 1950 exiit
552 1896 586 1951 de
600 1896 680 1963 urhe,
698 1901 728 1951 ut
743 1895 874 1952 omnibus
887 1912 951 1968 pro·
999 1896 1126 1968 undique
1142 1895 1319 1952 infestantes.

136 1991 256 2057 videret,
273 1993 300 2045 et
313 1989 492 2061 singulorum
508 1989 537 2044 in
552 1989 764 2045 necessitatibus
779 1995 853 2045 totus
871 1989 950 2044 ades·
1036 1990 1114 2055 Ecce,
1137 1991 1193 2044 Deo
1217 1989 1337 2060 gratias,
1362 1989 1397 2044 ab
1421 1988 1489 2061 ipsis
1511 1989 1655 2043 montanis
1680 1989 1759 2044 visas
1778 1992 1821 2045 est

137 2087 190 2137 set.
208 2083 386 2138 llaimundas
403 2083 553 2137 Tolosanus
568 2099 632 2137 cum
649 2099 683 2138 xx
701 2082 826 2137 millibus
840 2083 874 2138 ad
892 2099 951 2138 cus·
1001 2083 1079 2137 exire
1097 2083 1234 2137 exercitus
1253 2081 1475 2151 innumerabilis,
1494 2081 1565 2137 albis
1586 2081 1667 2153 equis
1688 2082 1818 2138 insiden-

136 2176 303 2232 todiendum
324 2176 425 2231 urbem
445 2176 592 2244 remansit,
614 2193 649 2232 ne
669 2177 801 2249 gentiles,
826 2192 950 2247 quorum
1001 2179 1052 2244 tes,
1068 2179 1096 2230 et
1109 2175 1137 2230 ia
1152 2175 1282 2230 manibus
1295 2174 1417 2230 candida
1432 2175 1532 2230 vexilla
1545 2175 1747 2246 praeferentesl
1763 2177 1819 2231 lloc

136 2271 227 2326 multa
242 2270 330 2324 millia
342 2274 465 2324 castrum
478 2269 572 2325 Sancti
582 2271 657 2325 Petri
671 2286 751 2324 secus
764 2286 862 2325 muros
874 2275 951 2325 tene·
1001 2269 1082 2323 multi
1097 2269 1229 2323 viderunt
1240 2269 1476 2337 Christianorum,
1491 2272 1521 2323 et
1533 2268 1606 2323 sicut
1618 2271 1733 2340 putant,
1749 2286 1818 2340 gen-

136 2364 216 2430 bant,
235 2363 337 2419 urbem
355 2363 530 2418 invaderent.
543 2363 708 2418 Christianis
727 2363 949 2435 egredientibus,
1001 2362 1109 2428 tilium,
1131 2366 1159 2416 et
1178 2362 1351 2430 haesitantes,
1372 2362 1550 2417 mirabantur
1569 2361 1711 2434 quidnam
1732 2367 1819 2419 esset.

137 2457 260 2528 episcopi
275 2455 475 2528 etpresbyteri
490 2456 760 2524 sermocinabantur,
776 2456 950 2525 clarebant,
1000 2455 1126 2511 Tandem
1141 2457 1255 2527 utrique
1273 2461 1468 2527 cognorerunt
1488 2455 1602 2528 signum
1615 2455 1651 2511 de
1669 2456 1739 2512 eoelo
1762 2457 1820 2512 fac·

136 2556 165 2606 et
187 2551 269 2620 signo
293 2549 457 2605 reverenda
479 2550 580 2618 crucis,
603 2550 632 2605 in
655 2549 823 2605 editioribus
845 2553 951 2604 stantes
1000 2551 1081 2618 tum,
1107 2554 1136 2604 et
1159 2548 1245 2605 duces
1272 2549 1346 2604 illius
1372 2548 1512 2620 agminis,
1539 2555 1650 2606 sanctos
1676 2555 1821 2622 martyres

137 2643 217 2710 locis,
234 2659 334 2698 omnes
350 2643 566 2715 consignabant.
1001 2642 1164 2714 Georgium,
1182 2643 1355 2698 Deruetrium
1371 2646 1400 2696 et
1412 2643 1592 2710 Mercurium,
1607 2661 1659 2699 sua
1676 2643 1759 2717 signa
1778 2645 1820 2700 fe·

172 2739 244 2792 hum
265 2737 394 2792 ordinate
410 2739 595 2808 perportam,
617 2752 680 2808 qaae
695 2739 739 2791 est
757 2741 823 2791 aate
840 2736 951 2792 llacho·
1001 2742 1112 2806 rentes,
1144 2736 1301 2807 precedere
1331 2740 1537 2807 cognoverunt.
1567 2737 1715 2793 Saracenis
1749 2754 1819 2811 ergo

138 2831 269 2898 mariam,
284 2829 319 2884 de
344 2830 413 2885 urbe
431 2830 550 2896 exirent,
572 2833 600 2886 et
618 2829 762 2885 clementis
780 2828 831 2885 hei
850 2830 951 2885 efficax
1002 2831 1109 2886 multus
1130 2831 1216 2885 timor
1238 2830 1366 2897 inhesit,
1391 2834 1419 2884 et
1437 2830 1601 2887 Christianis
1630 2847 1696 2902 spes
1718 2831 1822 2887 melior

138 2924 273 2980 auxilium
289 2923 657 2994 medullitusimplorarent,
669 2923 801 2995 pluviola,
813 2927 952 2995 tanquam
1002 2924 1099 2979 crevit.
1117 2925 1171 2978 lloc
1187 2939 1245 2979 uon
1259 2939 1357 2978 omnes
1372 2922 1514 2994 viderant,
1530 2922 1579 2978 sed
1595 2923 1677 2979 malti
1690 2925 1821 2981 ridentes

138 3017 250 3073 roscida
263 3017 345 3084 stilla,
365 3016 499 3071 divinitus
514 3017 628 3086 cecidit;
644 3033 718 3088 quae,
732 3017 810 3089 quasi
825 3033 872 3072 ros
892 3033 952 3072 ma·
1001 3017 1149 3073 contestati
1162 3020 1236 3072 sunt.
1251 3017 1366 3074 coalitus
1381 3017 1434 3072 hoc
1448 3017 1579 3089 apparuit
1593 3017 1657 3073 aliis
1671 3018 1707 3074 ad
1721 3019 1821 3075 contu-

138 3111 256 3180 tutiaus,
271 3111 403 3167 irroratos
416 3127 502 3182 equos
518 3115 546 3166 et
564 3111 674 3183 equites
692 3110 854 3167 laetificavit.
873 3111 951 3168 Unde
1001 3111 1121 3178 sionem,
1135 3110 1197 3166 aliis
1211 3109 1387 3165 adinstantis
1401 3111 1540 3183 triumphi
1556 3112 1763 3169 ostensionem.

139 3204 203 3277 equi
219 3206 296 3260 velut
311 3204 461 3259 exhilarati
479 3204 591 3260 hinnire
605 3210 759 3276 coeperunt,
775 3208 804 3259 et
820 3204 951 3275 equitum
1035 3203 1160 3260 Gentiles
1180 3220 1196 3259 e
1217 3204 1333 3276 regione
1356 3203 1443 3259 maris
1468 3208 1642 3276 pugnantes,
1667 3212 1820 3279 postquam

137 3298 225 3353 animi
240 3298 388 3353 dulciorati
404 3298 562 3369 vegetiores
575 3300 603 3351 et
614 3297 766 3353 alacriores
782 3298 908 3365 fuerunt,
924 3303 953 3352 et
1001 3297 1113 3370 pondus
1137 3298 1204 3353 belli
1231 3296 1370 3353 sustinere
1394 3297 1599 3370 nequiverant,
1621 3299 1696 3355 sicut
1716 3302 1823 3358 Curba-

138 3408 239 3447 omues
258 3409 286 3447 se
307 3391 381 3464 ipsos
400 3391 587 3463 promptiores
602 3394 631 3446 et
648 3390 837 3464 expeditiores
857 3407 950 3446 sense·
1002 3407 1109 3447 rannus
1137 3391 1316 3459 condixerat,
1343 3391 1439 3464 ignem
1466 3392 1495 3447 in
1522 3392 1640 3448 berham
1666 3394 1819 3450 miserunt.

137 3490 215 3540 runt.
232 3485 328 3541 Pluvia
343 3487 440 3539 tamen
458 3485 504 3540 illa
523 3488 581 3539 tam
596 3484 706 3539 subtilis
720 3487 749 3540 et
761 3484 872 3540 modica
887 3484 950 3554 fuit,
1002 3485 1088 3557 Signo
1106 3488 1214 3552 autem,
1228 3485 1305 3556 qaod
1319 3484 1453 3553 diximus,
1473 3485 1596 3557 cognito,
1611 3487 1660 3558 qui
1676 3488 1706 3543 in
1723 3491 1820 3544 tento·

110 3644 115 3653 Ι
137 3584 170 3635 ut
182 3580 227 3635 vix
242 3579 368 3652 pluviam
384 3595 446 3634 eam
462 3578 594 3645 dixerint,
610 3578 659 3633 sed
672 3578 809 3651 quasdam
829 3579 952 3650 guttulas
1002 3578 1051 3633 riis
1071 3582 1164 3647 crant,
1186 3578 1317 3650 pernices
1339 3581 1369 3633 et
1387 3579 1534 3650 irrequieti
1554 3580 1769 3653 confugiebant,
1795 3587 1823 3639 et

138 3679 267 3730 rorantes
284 3675 347 3746 plus
365 3673 504 3729 senserint
521 3689 610 3745 quam
628 3671 758 3728 viderint.
778 3673 836 3728 lloc
849 3688 953 3744 nempe
1002 3672 1116 3728 tremuli
1159 3671 1363 3744 supellectilem
1403 3672 1600 3745 pretiosiorem
1638 3674 1819 3747 diripiebant.

138 3767 265 3823 amultis
280 3766 474 3839 probabilibus
492 3766 569 3834 viris,
592 3767 641 3838 qui
661 3765 863 3833 interfuerunt,
885 3767 954 3821 rela·
1002 3768 1089 3821 Porro
1107 3765 1268 3834 Christiani,
1288 3765 1337 3838 qui
1359 3782 1393 3821 ex
1413 3766 1531 3822 adverso
1557 3767 1738 3840 pugnabant,
1757 3769 1821 3842 jam

139 3867 200 3916 tum
214 3866 266 3917 est.
1003 3859 1039 3914 ad
1055 3858 1175 3915 tentoria
1189 3860 1343 3915 Turcorum
1356 3875 1482 3932 pugnam
1497 3860 1685 3931 divertebant,
1699 3862 1749 3919 abi
1763 3880 1822 3921 ma·

173 3954 385 4023 Curbarannus,
413 3952 449 4007 ad
472 3953 580 4008 bellum
603 3951 793 4023 procedentes
816 3957 849 4007 ut
869 3952 951 4022 vidit,
1000 3953 1093 4025 j0rem
1114 3969 1213 4008 eorum
1235 3953 1369 4009 virtutem
1392 3953 1562 4009 remansisse
1577 3954 1715 4012 sciebant.
1737 3958 1821 4014 Tarsi

140 4047 209 4103 dixit
221 4065 226 4100 :
237 4048 302 4102 Plus
314 4046 352 4101 od
364 4048 460 4114 sugam
474 4047 502 4101 lu'
510 4050 670 4117 properant,
681 4062 762 4116 quom
774 4045 812 4100 ad
822 4060 952 4116 pugnam.
1003 4047 1096 4102 adhuc
1120 4046 1270 4101 obstabant
1292 4048 1351 4101 tola
1377 4046 1569 4103 obstinatione
1594 4064 1650 4121 qua
1674 4054 1820 4121 poterant.

139 4141 227 4196 Sinite
241 4155 283 4194 eos
302 4139 352 4194 hac
373 4155 455 4209 cisque
474 4139 608 4202 accedere,
624 4143 655 4194 ut
673 4139 754 4193 libere
772 4139 955 4208 deglutiamus
1003 4139 1057 4195 alii
1079 4139 1219 4212 siquidem
1238 4140 1412 4213 pugnabant,
1425 4141 1472 4195 alii
1492 4141 1584 4197 tendis
1602 4143 1761 4214 spoliandis
1781 4145 1822 4202 in·

139 4250 181 4290 eos
201 4237 231 4287 tu
256 4237 348 4288 oestro
366 4236 511 4303 potestate.
535 4235 655 4296 Caeam,
680 4232 793 4287 caecat!
807 4234 861 4290 Nos
883 4234 954 4288 caim
1003 4233 1168 4289 tendebant.
1192 4235 1251 4289 har
1277 4238 1373 4289 autem
1397 4234 1579 4303 Godefredus,
1603 4242 1632 4292 et
1657 4237 1822 4295 ltodbertus

137 4342 180 4385 ecs
199 4330 292 4382 statim
306 4328 542 4394 circumcingemus
564 4331 589 4380 et
607 4327 809 4396 praevalebimus
828 4332 853 4381 et
872 4326 953 4397 suffc-
1006 4327 1197 4395 Flandrensis,
1214 4330 1242 4382 et
1255 4328 1334 4399 llugo
1348 4328 1474 4399 ldaguus,
1485 4329 1568 4400 juxta
1587 4331 1696 4386 flumen
1712 4333 1822 4405 equita·

139 4423 268 4478 achimus.
288 4419 437 4475 Christiani
457 4436 524 4475 vero
544 4419 685 4490 gradatim
706 4419 797 4489 ibant,
818 4436 869 4476 nec
882 4420 1089 4498 aliuthant,
1117 4420 1166 4475 ubi
1190 4436 1286 4475 rursus
1311 4420 1466 4476 maximam
1492 4423 1684 4495 pugnantium
1710 4425 1822 4497 copiam

139 4513 228 4572 alium
248 4513 406 4570 inordinate
426 4513 669 4585 praeproperabat.
685 4513 886 4572 curbarannus
901 4530 951 4569 aa·
1004 4520 1150 4569 noverant.
1170 4513 1213 4578 lli,
1236 4516 1396 4569 constanter
1416 4514 1545 4571 ethnicos
1562 4517 1702 4588 aggressi,
1716 4519 1822 4575 unani·

138 4613 209 4678 tem,
230 4612 379 4681 postquam
400 4606 470 4662 vidit
484 4623 533 4662 eos
552 4607 686 4663 decenter
704 4607 733 4662 in
753 4607 840 4662 armis
858 4624 954 4679 proce·
1004 4607 1088 4663 miter
1107 4606 1289 4679 repellebant.
1312 4605 1456 4663 lnstahant
1478 4608 1600 4680 gentiles
1620 4610 1820 4684 pertinaciter,

140 4703 217 4770 dere,
237 4719 288 4758 nec
306 4717 437 4773 usquam,
456 4717 506 4756 ceu
527 4699 735 4768 formidolosos,
757 4700 882 4769 deviare,
904 4701 953 4757 sed
1003 4704 1030 4758 et
1054 4700 1187 4772 atriaque
1210 4701 1391 4771 preliabatnr
1414 4701 1673 4760 irremediabiliter.
1697 4705 1821 4763 Resona·

139 4813 238 4868 gressu
253 4798 396 4851 maturato
414 4793 577 4866 procedere,
592 4794 697 4849 iterum
718 4810 774 4849 non
790 4794 954 4850 erubuitdi·
1002 4795 1073 4851 bant
1093 4810 1181 4849 aeneae
1207 4791 1343 4864 cassides,
1368 4798 1502 4868 tanquam
1525 4813 1667 4869 percussa
1692 4799 1820 4856 incudes.

138 4906 203 4945 cere
218 4907 224 4944 :
242 4890 303 4945 lstae
318 4888 538 4958 comtemptibiles
557 4889 686 4943 cooicuta
699 4889 732 4943 de
751 4889 818 4943 bello
835 4890 954 4956 forsitan
1003 4888 1161 4944 ldinatatim
1186 4888 1357 4944 scintillabat
1380 4888 1469 4961 iguis,
1495 4890 1702 4948 mutilabantur
1726 4910 1821 4951 enses.

137 4984 278 5039 certabunt
291 4985 475 5053 presumere?
490 4982 567 5036 'ltine
582 4986 659 5036 metu
678 4980 795 5053 diriguit
808 4987 835 5036 et
849 4981 954 5037 viribus
1002 4982 1077 5037 lllisa
1099 4981 1228 5049 cerebro,
1252 4982 1332 5036 humi
1357 4982 1585 5052 procumbebant
1602 4984 1747 5044 homines.
1768 4989 1823 5046 ho·

138 5076 266 5148 corporis
287 5075 396 5145 solutis,
420 5074 515 5131 animo
533 5074 643 5147 friguit.
663 5075 741 5131 Clam
756 5075 955 5147 igiturprccu·
1003 5075 1069 5131 ricae
1091 5075 1311 5146 rumpebantur,
1331 5079 1393 5131 exta
1414 5076 1623 5147 fundebantur,
1644 5080 1712 5152 equi
1735 5083 1822 5139 suda·

139 5170 228 5225 rator-i
248 5186 307 5237 suo,
325 5184 411 5240 quem
429 5168 609 5223 admiralium
622 5174 733 5237 vocant,
753 5168 898 5224 mandavit
913 5174 952 5238 ut,
1003 5169 1072 5224 baut
1100 5169 1277 5238 fatiscentem
1306 5185 1359 5225 uec
1384 5170 1482 5241 equis,
1510 5187 1561 5226 nec
1589 5173 1735 5245 equitibus
1763 5177 1822 5232 ulla

140 5264 163 5318 si
177 5263 206 5317 iu
221 5261 312 5334 capite
324 5261 461 5316 exercitus
472 5262 515 5316 sui
532 5261 631 5333 ignem
645 5278 793 5318 accensum
813 5261 954 5333 fumigare
1003 5263 1187 5335 prestabatur
1202 5262 1325 5334 requies.
1346 5263 1470 5336 Agmina
1482 5268 1614 5320 conserta
1634 5268 1717 5324 tearri
1730 5286 1822 5326 armo

39 5366 42 5371 ⁴
140 5355 263 5423 videret,
288 5371 353 5411 suos
379 5371 429 5426 pro
453 5360 531 5410 certo
556 5359 703 5426 superatos
729 5356 828 5424 sciret,
855 5361 884 5411 et
906 5354 953 5411 ille
1004 5373 1067 5411 rura
1087 5350 1250 5412 discrimine
1265 5357 1342 5412 rixa
1358 5373 1388 5412 se
1408 5356 1476 5428 ipsis
1499 5358 1652 5416 distabant.
1667 5361 1723 5418 atii
1738 5363 1823 5436 siqui·

140 5448 298 5518 confestim,
328 5448 395 5504 dato
420 5445 511 5520 signo,
539 5448 652 5520 suisque
673 5449 806 5505 omnibus
826 5449 953 5519 sublatis,
1004 5450 1068 5506 dem
1089 5449 1158 5505 alios
1179 5450 1307 5506 cominus
1327 5449 1536 5523 impingebant,
1558 5456 1586 5508 et
1606 5468 1712 5512 manus
1733 5458 1823 5514 maai·

37 5610 40 5615 .
140 5543 283 5598 recederet
289 5559 298 5613 ;
319 5558 356 5597 ne
376 5541 451 5597 forte
468 5541 601 5613 populus,
621 5541 672 5614 qui
688 5559 753 5599 cum
770 5559 804 5599 eo
821 5548 893 5613 erat,
911 5543 954 5599 rel
1003 5544 1067 5612 bns,
1088 5543 1176 5616 pedes
1196 5542 1329 5615 pedihus,
1346 5548 1375 5600 et
1392 5560 1511 5618 corpore
1528 5546 1709 5618 repellebant
1725 5565 1824 5624 corpo-

141 5638 170 5694 iu
198 5634 396 5709 papilionibus,
419 5637 495 5691 totus
517 5631 672 5706 deperiret.
695 5634 803 5693 Deinde
828 5639 861 5694 at
883 5637 955 5694 acies
1003 5637 1092 5693 ribus.
1110 5637 1207 5694 Timor
1225 5640 1332 5718 tamen,
1355 5653 1442 5711 super
1461 5640 1566 5696 Tereos
1584 5639 1722 5699 diunitas
1741 5642 1823 5719 illap-

142 5728 299 5801 ordiuatas‚
319 5733 348 5786 et
365 5726 488 5805 majores
505 5742 592 5803 quam
613 5726 743 5788 audierat
760 5730 855 5805 copias
874 5730 954 5804 vidit,
1004 5747 1062 5804 sus,
1086 5746 1133 5789 scs
1157 5731 1304 5802 exterruit,
1326 5734 1356 5789 et
1380 5732 1537 5791 mactantis
1559 5732 1734 5796 invindhflis
1757 5735 1820 5803 thu
