3750 6046
59 232 129 286 toea

504 222 674 283 EPISTOLAE
693 226 735 281 ET
753 224 952 282 eumitren.
973 255 1008 266 -
1025 226 1080 283 ΑΝ.
1103 226 1267 284 tter-tlte.

1668 220 1735 285 toea

56 354 140 410 rabili
154 353 268 408 tratri...
286 349 462 406 atrebatensi
475 348 616 421 episcopo,
630 349 748 404 salutem
764 356 789 405 et
804 365 870 420 apo·
882 361 909 435 Α
921 349 980 419 ipse
1006 351 1064 405 ricc
1090 355 1195 418 nostra,
1219 350 1298 405 orani
1324 348 1516 423 appellatione
1539 352 1568 406 et
1587 351 1735 407 occasione

56 448 187 505 stolicam
204 445 441 501 benedictionem.

95 541 170 596 itlius
187 540 343 594 devotionis
358 544 385 592 et
404 537 570 592 sinceritatis
591 537 706 602 intuitu,
724 553 810 607 quara
833 537 872 591 di·

56 636 156 700 lectns,
173 633 249 688 titius
264 637 359 687 noster
373 632 452 701 ttugo
469 630 629 684 charissimi
645 630 694 683 tilii
707 630 796 685 nostri
818 634 871 686 Lu·

57 724 151 778 devici
170 722 286 777 illustris
309 722 483 775 Francorum
504 719 580 789 regis
598 719 783 773 cancellarius
797 720 873 774 circa

56 823 266 872 sacrosanctam
286 816 445 869 lloiaanam
466 812 635 883 Ecclesiam,
651 818 746 867 etuas
763 815 838 883 ipsos
856 830 873 867 a

56 911 154 965 multis
183 908 333 963 retroactis
361 905 538 976 temporibus
565 906 690 960 noscitur
720 905 870 974 habuisse3

56 1019 110 1075 pro
126 1003 212 1074 ipsias
226 1016 342 1072 qnoque
356 1001 506 1056 honestate
521 1004 548 1054 et
569 999 711 1069 probitate
730 1014 871 1069 personae,

56 1097 196 1167 majorem
213 1094 488 1158 archidiaconatum,
504 1096 530 1146 te
543 1092 628 1146 etiam
648 1093 672 1146 ei
689 1093 767 1162 prius
783 1108 871 1162 spon·

56 1190 156 1255 dente,
177 1189 282 1259 absque
305 1186 381 1241 einai
409 1185 582 1251 conditione,
605 1190 634 1240 et
655 1185 774 1255 aliquns
798 1185 872 1254 pacti

56 1282 240 1353 obligatione,
254 1282 348 1336 cidem
367 1296 420 1334 aas
442 1280 592 1333 recolimus
616 1279 685 1332 oliva
708 1278 737 1332 in
758 1279 872 1333 Atreba-

56 1376 130 1431 tcasi
144 1375 266 1430 Ecclesia
280 1354 462 1444 postmodum
480 1372 642 1425 contulisse.
662 1373 702 1425 Tu
722 1388 789 1426 raro
803 1387 870 1426 coa-

56 1475 101 1524 tra
116 1469 269 1539 puritatem
284 1467 476 1538 episcopatem
490 1474 518 1520 et
535 1465 620 1519 nimis
640 1466 796 1520 secuudum
817 1464 870 1519 ho-

57 1562 165 1617 minem
188 1561 346 1626 ambulans,
368 1559 607 1630 impedimentum
624 1558 648 1612 ei
669 1559 764 1612 voleus
788 1575 873 1628 super

56 1656 113 1711 hac
132 1655 313 1711 concessione
335 1660 479 1724 praestare,
496 1653 589 1723 ipsum
604 1653 780 1721 juramento,
801 1652 872 1705 sicut

58 1749 172 1815 dicitnr,
188 1747 328 1817 obligasti,
349 1747 436 1817 quod,
457 1762 522 1800 cura
544 1745 593 1799 tihi
612 1745 746 1816 placeret,
766 1727 912 1799 cancel-B

57 1843 159 1897 lariani
173 1841 280 1912 absque
293 1839 526 1895 coritradictiouis
537 1839 682 1893 obstaculo
702 1839 871 1909 resignaret.

58 1937 137 1991 Unde
166 1935 300 2006 quoniam
329 1938 387 1988 tam
415 1932 545 1987 illicitum
572 1933 766 2001 juramentum
797 1932 874 1986 auha

57 2029 142 2084 debet
156 2028 287 2083 tirmitate
301 2031 440 2092 curistare,
455 2026 624 2096 pradictum
637 2025 725 2079 tilium
742 2030 872 2080 nostrum

57 2123 259 2178 cancellarium
273 2122 307 2174 ab
322 2120 409 2192 ipsius
421 2119 576 2189 juramenti
592 2118 688 2173 debito
705 2119 874 2172 arietaritate

57 2215 220 2287 apostolicae
233 2214 309 2268 sedis
322 2213 504 2281 absolvimus,
519 2216 548 2266 et
563 2212 741 2266 conditiones
753 2213 781 2265 ia
799 2212 873 2281 eJus·

58 2311 124 2365 deni
147 2308 393 2362 archidiaconatus
414 2306 563 2360 collatione
583 2312 679 2360 coritra
699 2309 872 2376 praeceptum

57 2407 187 2457 nostrum
203 2401 317 2472 positas,
336 2401 430 2453 irritae
444 2399 536 2453 modis
552 2400 682 2453 umuilms
703 2415 763 2452 csse
780 2415 872 2452 reuse·

58 2513 134 2552 mus.
151 2495 327 2549 Frateruitati
342 2500 398 2548 tuse
421 2509 473 2563 per
494 2493 644 2564 apostatica
664 2492 768 2563 scripta
791 2509 872 2545 maa-

57 2592 169 2657 dantes,
184 2594 323 2662 quatenus
337 2605 402 2644 eum
417 2590 453 2643 dc
468 2593 571 2643 caetero
591 2588 625 2643 ad
646 2587 873 2642 observationem

57 2685 178 2758 praestiti
190 2684 347 2754 juramenti
363 2699 465 2753 cogere
485 2682 559 2737 riiilta
580 2681 689 2736 ratione
707 2697 872 2753 praesumas.

96 2781 198 2833 Datum
217 2778 356 2843 Laterani,
373 2793 388 2829 v
406 2776 469 2830 idus
483 2775 556 2831 hlaii.

390 2890 543 2945 ccxxxiii.

58 2992 105 3048 Ad
118 2992 270 3047 samsonem
288 2992 437 3045 Rcramsem
455 2990 693 3060 (arehiepiscopum.
711 3019 745 3028 —
767 2990 801 3044 Ut
822 2991 874 3044 Hu-

95 3074 161 3140 pom'
174 3070 335 3124 eiarrcetlurio
350 3072 479 3124 restituat
490 3071 579 3124 riltrvre
591 3070 665 3139 quod
682 3072 736 3139 ipsi
754 3070 871 3123 abstula·

96 3157 150 3205 rat.

319 3220 471 3292 (Laterani,
486 3220 546 3275 Μιιίἰ
563 3220 616 3290 tt.)

341 3323 434 3393 inea,
451 3322 503 3376 col.
520 3323 594 3392 aaa]

96 3439 236 3493 Annianus
254 3437 409 3506 episcopus,
425 3449 521 3487 servas
541 3449 685 3487 servorum
706 3433 764 3501 liei,
787 3450 872 3489 rene·

59 3530 143 3587 rabili
163 3530 243 3584 tratri
264 3529 385 3584 Siusoru
405 3527 538 3583 ttcmeusi
561 3525 785 3597 archiepiscope,
806 3544 874 3597 apo-

59 3625 167 3679 stolicae
181 3623 255 3677 sertis
276 3624 378 3694 legato,
396 3622 518 3675 satutem
541 3627 571 3674 et
586 3621 771 3689 apostoticam
786 3622 873 3676 bene·

61 3717 225 3774 dictionem.

98 3811 220 3865 Dilectus
233 3810 307 3864 titius
321 3816 420 3863 noster
435 3810 526 3877 tinge,
542 3807 700 3862 charissimi
717 3808 768 3862 lilii
788 3809 874 3863 nostri

60 3904 194 3961 Lndovici
224 3903 339 3957 illustris
368 3904 540 3957 Francorum
568 3901 643 3972 regis
670 3901 874 3969 cancellarius,

60 3998 226 4055 transmissi
252 3996 333 4051 uobis
358 3996 509 4062 relatione,
538 3997 704 4050 monstravit
727 4013 756 4049 se
784 3997 875 4050 altare

61 4091 207 4164 quoddam
227 4092 255 4145 in
268 4089 447 4146 atrebatensi
466 4090 629 4159 episcopatu
650 4106 682 4142 ei
702 4089 777 4143 dono
793 4089 874 4143 tlvisi

60 4186 145 4241 bonas
163 4185 304 4239 raemoriae
318 4184 511 4238 attrebatensis
524 4183 669 4254 quondam
685 4183 808 4254 episcopi
824 4183 874 4237 ha-

60 4279 171 4346 buisse;
189 4286 215 4334 at
230 4295 319 4349 usquo
338 4277 372 4332 ad
390 4278 457 4331 illud
473 4280 595 4347 tenipus,
611 4292 667 4346 quo
682 4276 876 4331 investituram

61 4373 178 4442 majoris
192 4372 437 4426 archidiaconatus
457 4370 483 4424 ia
506 4370 682 4424 atrebatensi
701 4369 821 4425 Ecclesia
842 4370 876 4425 de

923 450 1060 507 cessante,
1078 444 1132 498 hoc
1146 462 1201 498 riou
1218 444 1332 499 differas
1347 444 1459 501 attactui
1475 445 1648 516 mancipare.

958 539 1056 591 Italum
1071 538 1199 593 Laterani
1215 554 1229 589 v
1243 538 1310 593 ldus
1323 538 1394 593 htaii.

1257 645 1405 699 cclxxxiv.

923 737 1103 793 Getesaalcum
1137 739 1287 807 episcopum
1312 738 1513 794 trecassensem
1540 739 1574 794 ile
1601 742 1738 810 superiore

1150 818 1262 886 epistota
1274 821 1412 872 certiorem
1427 821 1508 887 serait.

1181 915 1330 984 tharacam,
1344 916 1407 971 ttaii
1424 920 1475 984 tt.)

1199 1014 1294 1083 [rara.
1310 1014 1365 1069 col.
1381 1013 1454 1085 802]

958 1123 1094 1175 annianus
1112 1121 1271 1191 episcopus,
1291 1137 1388 1174 seruus
1405 1137 1548 1175 servorum
1569 1122 1627 1187 Dei,
1649 1138 1734 1178 rone·

923 1213 1001 1267 rabili
1023 1213 1158 1268 fratri.....
1183 1214 1359 1269 attrebatensi
1379 1215 1532 1285 episcopo,
1562 1216 1683 1270 satutem
1708 1220 1737 1271 et

922 1308 1104 1378 apostolicam
1119 1307 1358 1363 benedictionem.

959 1400 1081 1454 Dilectus
1094 1401 1167 1454 titius
1183 1405 1280 1455 noster
1296 1403 1376 1471 litigo
1395 1402 1554 1457 charissimi
1576 1405 1627 1458 titii
1648 1404 1737 1460 nostri

923 1510 1000 1563 regis
1023 1495 1195 1547 Francorum
1219 1496 1409 1562 caracellarius,
1435 1496 1544 1551 directa
1568 1500 1650 1553 nolas
1672 1500 1737 1554 iusi·

924 1588 1060 1642 nuatione
1077 1586 1251 1651 iiioastrarit,
1267 1589 1340 1658 quod
1356 1589 1443 1644 altare
1458 1590 1493 1643 de
1512 1593 1639 1646 astuosa
1654 1593 1736 1648 bonas

925 1681 1072 1735 memoriae
1092 1681 1126 1735 u.
1147 1680 1353 1751 praedecessore
1373 1684 1421 1736 tuo
1444 1686 1576 1739 caiiouice
1595 1686 1648 1739 sitii
1668 1703 1736 1741 eon-

924 1790 1033 1827 cessum
1056 1773 1132 1845 quad
1161 1773 1246 1827 etiam
1272 1774 1300 1828 in
1327 1779 1456 1845 tempore
1482 1779 1655 1846 prelationis
1682 1783 1738 1835 ture

924 1868 1020 1937 quiete
1042 1867 1144 1921 dicitur
1163 1868 1298 1937 tenuisse,
1322 1868 1383 1923 sine
1406 1869 1565 1924 rationabili
1588 1888 1688 1936 caasa,
1708 1877 1739 1928 et

924 1960 1004 2015 nulio
1035 1960 1243 2015 interveniente
1270 1960 1390 2031 judicio,
1423 1962 1450 2016 ei
1476 1963 1625 2018 abstulisti.
1658 1966 1738 2021 Unde

924 2060 1032 2126 quanto
1048 2054 1123 2108 idern
1139 2054 1323 2109 cancellarius
1337 2055 1461 2127 amplius
1475 2058 1577 2127 majori
1591 2064 1633 2113 cst
1650 2059 1737 2114 devo-

924 2148 1002 2203 tione
1016 2152 1044 2202 et
1056 2146 1193 2202 fidelitate
1208 2152 1390 2204 sacrosanctas
1414 2151 1546 2205 Romanae
1566 2152 1696 2208 Ecclesiae
1710 2159 1739 2209 et

923 2241 1006 2297 nobis
1020 2242 1088 2313 ipsis
1099 2243 1237 2310 astrictas,
1255 2246 1333 2297 tanto
1353 2243 1445 2315 magis
1459 2261 1508 2298 sni
1522 2245 1653 2315 juranos
1668 2265 1736 2303 con·
1788 2246 1792 2251 ’

924 2336 1002 2390 venit
1022 2336 1157 2390 attentius
1177 2336 1283 2390 illibata
1297 2341 1326 2390 et
1338 2337 1451 2407 integra
1471 2354 1645 2395 conservare.
1670 2342 1735 2397 Fra·

924 2430 1049 2484 teruitati
1075 2435 1132 2484 tuae
1159 2446 1210 2500 pcr
1235 2431 1389 2502 apostolica
1417 2432 1521 2502 scripta
1547 2434 1738 2505 precipiendo

924 2522 1101 2590 mandamns,
1117 2529 1268 2595 quatenns,
1283 2525 1305 2577 si
1319 2524 1357 2578 ita
1371 2528 1423 2591 est,
1438 2525 1527 2580 altare
1539 2527 1642 2597 ipsum,
1657 2529 1736 2584 omni

923 2617 1056 2673 ditatione
1079 2622 1108 2671 et
1131 2617 1324 2688 appellatione
1347 2622 1469 2686 remota,
1494 2626 1654 2676 memorato
1677 2621 1735 2678 tilio

923 2713 1019 2764 nostro
1034 2711 1175 2765 restituas.

960 2805 1061 2859 ttatirm
1076 2806 1205 2860 Lateraa.
1218 2806 1276 2860 ltal.
1290 2807 1425 2861 Novemb.

1261 2911 1398 2967 cettan.

924 3007 1038 3068 Deciano,
1055 3008 1160 3060 coateri
1175 3012 1200 3060 et
1215 3009 1337 3060 rruiecrso
1360 3007 1479 3075 capituto
1498 3007 1648 3065 Parisicasi
1666 3026 1736 3081 prae·

883 3093 910 3168 C
958 3087 1024 3154 cipit
1045 3092 1076 3140 ut
1096 3087 1302 3155 praeposituram
1323 3101 1382 3154 quae
1402 3088 1430 3139 ia
1453 3088 1600 3143 Parisieasi
1622 3090 1738 3146 Ecclesia

957 3170 1102 3227 cireaeera't,
1123 3167 1232 3234 lluqeai
1249 3167 1412 3220 Francorum
1429 3169 1487 3235 reqi
1507 3168 1668 3224 cariceltario
1691 3171 1737 3224 tri·

962 3246 1056 3298 basiat.

1182 3315 1334 3385 (Laterani,
1349 3315 1410 3370 htaii
1428 3315 1482 3385 tt.)

1207 3411 1298 3483 [thid.
1315 3413 1367 3467 col.
1383 3413 1456 3486 ela]

961 3526 1102 3579 Anniaurs
1113 3523 1273 3594 episcopus,
1286 3541 1383 3579 servus
1399 3541 1543 3580 servorum
1558 3527 1616 3594 Dei,
1631 3527 1740 3584 dilectis

925 3617 999 3683 titiis,
1014 3617 1130 3674 decano.
1143 3618 1251 3671 curatori
1262 3624 1290 3671 ct
1302 3619 1432 3672 uiuverso
1445 3620 1567 3689 capitulo
1577 3622 1738 3691 Parisicasi,

925 3713 1043 3765 satutem
1058 3713 1086 3765 et
1100 3710 1283 3781 apostoticam
1300 3711 1540 3771 licaedictioaeui.

963 3805 1169 3861 Ecclesiasticus
1195 3821 1345 3875 personas,
1376 3822 1445 3876 quas
1473 3815 1656 3864 sacrosanctae
1684 3812 1739 3866 no-

926 3914 1020 3952 maaoe
1046 3898 1177 3952 Ecclesiae
1199 3897 1359 3953 devotiores
1387 3916 1447 3954 csse
1473 3903 1688 3971 cognoscimus,
1713 3911 1743 3959 et

925 3992 960 4046 ad
980 3992 1041 4063 ejus
1056 3992 1225 4062 obsequium
1244 3992 1433 4063 promptiores
1456 3994 1633 4065 inspicimus,
1654 4013 1739 4068 opor·

925 4090 966 4140 tet
986 4102 1037 4140 nos
1062 4084 1175 4157 speciali
1202 4086 1323 4156 quadam
1355 4089 1541 4159 praerogativa
1564 4089 1695 4162 diligere,
1714 4096 1742 4149 et

926 4180 1065 4234 honorem
1085 4179 1125 4233 eis
1146 4179 1274 4234 debitum
1301 4178 1477 4248 exhibentes,
1504 4183 1579 4253 ipsas
1602 4184 1742 4241 dehemus

927 4273 1119 4328 ecclesiasticis
1143 4273 1303 4341 herieticiis,
1328 4280 1411 4345 pararit
1437 4276 1569 4346 expedire
1595 4277 1741 4349 cognosci·

928 4384 1001 4429 mus,
1013 4368 1161 4438 ampliare.
1173 4368 1295 4423 [tilectus
1304 4368 1446 4439 siquidem
1455 4369 1532 4424 titius
1541 4378 1638 4425 aostcr
1648 4373 1741 4443 lingo,

60 4465 200 4521 mandato
214 4471 311 4520 nostra
326 4465 417 4519 luerat
431 4470 623 4534 suscepturus,
639 4463 741 4518 asserit
755 4479 785 4517 se
800 4463 875 4517 idem
886 4463 914 4535 D
926 4460 1084 4515 charissimi
1104 4460 1152 4515 ulit
1176 4461 1264 4516 nostri
1286 4461 1415 4516 [udovici
1436 4462 1550 4518 illustris
1571 4464 1742 4526 Francorum

62 4559 151 4614 altare
164 4558 258 4629 quiete
271 4574 303 4611 ac
314 4557 428 4629 pacifice
443 4558 609 4628 possedisse.
625 4557 796 4613 imminente
811 4573 875 4612 vero

63 4652 120 4718 die,
147 4667 203 4723 quo
234 4652 268 4705 de
299 4652 361 4722 ipso
389 4652 615 4707 archidiaconatu
648 4650 768 4708 debebat
794 4651 876 4722 juxta

62 4746 230 4801 mandatum
247 4752 386 4811 nostram,
400 4744 471 4798 sicut
484 4745 619 4813 diximus,
634 4746 772 4814 investiri,
787 4746 877 4801 irater

62 4845 161 4895 noster
184 4837 387 4905 atrebatensis,
413 4843 497 4908 prout
520 4838 602 4893 nobis
624 4839 797 4910 suggeritur,
823 4839 877 4894 nisi

63 4934 164 4988 eedem
180 4932 262 4986 altari
275 4932 327 4985 sibi
342 4930 475 5002 primitus
489 4931 630 4999 restituto,
641 4933 838 4989 investituram
850 4933 876 4988 ei

63 5028 157 5083 tacere
171 5026 271 5092 noluit,
290 5029 319 5081 et
334 5025 428 5080 taliter
443 5026 479 5080 ab
500 5042 534 5079 eo
556 5026 648 5096 ipsum
669 5027 757 5081 attare
774 5026 879 5081 dicitur

63 5121 220 5176 extorsisse.
240 5119 310 5183 Quia
328 5135 394 5174 vero
415 5118 581 5190 hujusmodi
603 5119 806 5175 circumventio
831 5136 876 5174 ra·

63 5215 134 5270 tioni
154 5212 295 5268 eoiitraria
318 5219 369 5280 est,
390 5220 419 5267 et
438 5230 454 5266 a
472 5213 625 5284 pontiticali
650 5212 742 5267 cilicio
764 5213 878 5284 pertitas

62 5309 168 5376 alisna,
182 5307 275 5362 cidem
296 5308 428 5378 episcopo
445 5306 576 5362 dedimus
590 5307 618 5362 ia
637 5307 782 5362 mandatis
798 5313 838 5374 ut,
854 5307 877 5362 ai

63 5419 108 5459 res
122 5404 162 5457 ita
177 5420 205 5457 se
221 5403 314 5464 tiabat,
330 5402 422 5472 ipsum
437 5403 528 5455 altare
537 5401 598 5472 jam
617 5400 693 5455 dicto
709 5400 767 5455 titio
781 5406 877 5456 nostro

63 5497 176 5568 Hugoai
197 5496 366 5550 cancellario
386 5495 461 5551 intra
481 5495 541 5549 dies
556 5497 589 5550 to
610 5498 673 5566 post
692 5494 796 5549 harum
820 5511 877 5549 sus-

64 5592 234 5662 ceptionem,
256 5590 333 5644 orarii
357 5589 551 5660 appellatione
573 5595 712 5656 cessante,
735 5589 875 5644 restituat.

64 5686 147 5750 Quod
176 5687 199 5739 si
224 5685 285 5756 ipse
309 5685 403 5739 facere
428 5684 501 5739 lecte
527 5683 681 5752 distulerit,
706 5682 878 5739 fraternitati

64 5785 122 5838 tna
140 5796 191 5857 per
210 5779 363 5855 apostolica
376 5779 482 5854 scripta
503 5777 672 5865 mandamus
687 5781 826 5853 quatenus
847 5781 877 5835 tu

925 4556 1001 4625 regis
1019 4555 1214 4615 cancellarius,
1233 4559 1338 4626 quanto
1364 4555 1444 4609 iiobis
1466 4557 1503 4610 sit
1524 4558 1635 4611 viuculo
1655 4559 1742 4615 devo·

925 4649 1009 4704 tionis
1022 4651 1159 4716 astrictus,
1175 4656 1203 4703 et
1216 4667 1267 4722 pro
1281 4651 1435 4705 commodo
1451 4655 1536 4722 atque
1556 4652 1666 4708 honore
1682 4670 1742 4709 ma·

927 4743 976 4798 tris
996 4760 1054 4797 sitve
1070 4748 1254 4798 sacrosancta
1271 4745 1405 4799 Romnum
1426 4744 1565 4813 Ecclesia,
1582 4745 1743 4818 ubicunqne

927 4839 1079 4892 necessitas
1097 4837 1194 4909 exigit,
1214 4854 1301 4909 quara
1323 4837 1447 4892 lidcliter
1465 4854 1493 4893 sc
1512 4846 1647 4909 opponat,
1664 4845 1692 4895 et
1707 4839 1743 4894 de

926 4930 1015 5003 ipsius
1028 4931 1139 4985 studeat
1155 4930 1329 4986 incremento
1344 4938 1474 4996 tractare,
1496 4949 1548 4986 nos
1565 4932 1616 5003 ipsi
1631 4932 1667 4987 ad
1683 4934 1741 5005 pte·

927 5042 995 5080 num
1019 5027 1158 5092 novimus,
1183 5031 1210 5079 ct
1231 5025 1429 5080 discretionem
1456 5032 1579 5080 vestram
1603 5028 1630 5080 id
1656 5028 1742 5083 credi·

928 5137 990 5174 aius
1011 5136 1069 5174 nea
1090 5120 1187 5173 latere.
1212 5118 1281 5173 iride
1302 5120 1401 5189 artique
1424 5126 1476 5188 est,
1501 5120 1576 5191 (μιιιιΙ
1600 5137 1744 5188 aeneum

928 5214 1038 5268 sincera
1051 5213 1080 5266 ia
1101 5212 1217 5266 lliimiaa
1232 5213 1368 5266 charitate
1388 5213 1548 5285 diligentes,
1570 5214 1662 5285 ipsam
1684 5215 1744 5286 qui-

927 5308 980 5363 bus
993 5307 1085 5361 modis
1095 5323 1159 5361 cum
1172 5308 1229 5361 Deo
1243 5323 1391 5377 possuauis
1404 5307 1579 5362 intendimus
1590 5309 1744 5373 honorare,

928 5404 957 5456 et
977 5401 1064 5456 nostri
1079 5401 1214 5472 propositi
1240 5406 1291 5467 est,
1315 5400 1407 5455 eidem
1432 5401 1460 5457 iu
1484 5403 1744 5472 opportunitatitnrs

928 5495 985 5549 suis
1000 5495 1106 5549 utiliter
1120 5494 1279 5565 providere.
1298 5494 1336 5549 ne
1356 5494 1433 5548 ιιιιιιιί
1454 5495 1549 5566 itaque
1564 5498 1648 5551 rastri
1664 5498 1745 5552 devo·

927 5589 1005 5644 tione
1034 5588 1186 5660 plurimum
1219 5588 1413 5657 confidentes,
1442 5590 1617 5645 universitati
1643 5598 1744 5645 vestrm

928 5682 1119 5756 preacipiendo
1138 5698 1190 5753 per
1213 5682 1366 5753 apostoliea
1390 5682 1491 5754 scripta
1514 5683 1693 5749 mandamus,
1716 5688 1745 5736 et

927 5774 1091 5835 mandando
1116 5775 1318 5851 praecipimus,
1345 5779 1489 5849 quatenus
1513 5776 1744 5849 preposituram,
