3750 6046
154 220 223 276 {275
738 221 884 281 llUGONlS
901 223 1044 281 METEle
1062 223 1243 281 EPlSTOLAE.
1769 220 1835 276 ltro

148 365 200 405 cur
213 365 271 404 non
303 352 399 421 potest
420 366 502 421 paors
521 367 628 407 mensae
652 355 756 407 nostrae
780 352 967 407 sanctificatus
977 364 1104 437 Aquam
1119 368 1177 407 non
1191 350 1277 406 nostis
1301 349 1444 416 noveritis,
1461 353 1488 404 et
1508 365 1573 403 curn
1596 346 1764 413 didiceritis,
1786 364 1839 403 nou

147 442 298 497 sacerdotis
322 443 480 499 oratione?
503 445 538 499 de
565 462 622 516 quo
648 447 796 516 Apostolus
821 446 857 501 ad
880 446 971 501 limo
1020 448 1057 503 ad
1070 446 1209 518 judicium
1223 445 1394 516 percipiatis.
1406 445 1458 511 Oui
1473 445 1544 498 enirn
1564 443 1716 497 munducat
1734 448 1760 496 ei
1776 443 1840 498 bibit

149 536 247 590 theom
263 536 319 592 ait:
335 537 427 593 Omnis
444 544 569 594 creatura
583 541 632 594 llci
645 541 713 594 hono
734 547 783 604 est,
804 547 829 594 rt
844 541 915 594 nibil
928 555 969 594 re·
1020 542 1141 609 indigne,
1152 539 1289 610 judicium
1304 538 1513 594 sthimonducct
1531 542 1556 592 et
1571 537 1649 591 bibit.
1675 557 1689 584 s
1706 536 1747 590 Ne
1767 536 1838 590 arbi·

143 630 306 698 jiciendum,
334 633 408 700 quod
433 648 492 687 cum
513 636 668 701 gratiarum
687 637 793 689 actione
810 636 970 704 percipitur.
1021 635 1104 688 trieris
1120 635 1172 688 hoc
1195 649 1261 688 enm
1277 632 1378 687 dixisse
1399 632 1433 685 de
1450 646 1522 701 pane
1536 630 1633 684 altaris
1649 628 1837 697 sanctificato,

146 725 339 794 Sanctificetur
366 729 438 781 enim
468 743 517 796 prr
548 729 660 782 uerbum
685 730 734 782 Det
765 734 789 782 et
823 730 972 782 orationem
1020 728 1069 783 sed
1083 728 1118 783 de
1131 744 1248 799 corpore
1261 726 1364 783 Christi
1383 741 1458 779 vero.
1481 724 1509 779 Si
1524 723 1601 777 enim
1622 723 1708 795 panis
1728 725 1837 776 tanturn

147 816 330 888 (lTim.,1r).
360 819 483 875 Verbum
510 820 586 875 enirn
607 820 771 890 sanctificat,
797 821 886 876 oratio
914 820 970 874 im·
1021 827 1103 890 esset,
1121 822 1371 894 quispanemnon
1392 817 1671 890 cognoscerct‘lCur
1694 816 1780 889 panis
1798 816 1836 870 di·

148 915 252 983 petrat.
269 913 350 967 Panis
372 914 429 980 ille,
454 914 536 985 panis
557 920 585 970 ct
608 914 676 969 iste:
696 914 885 970 sanctificatus
912 915 970 987 ille,
1020 917 1105 984 citur,
1120 921 1148 968 et
1162 931 1219 969 non
1235 914 1423 968 omnesillum
1448 928 1540 966 nosse.
1556 910 1609 966 Sed
1626 910 1789 965 sinedubio
1812 911 1836 964 in

148 1005 338 1060 sanctificatus
360 1011 389 1061 et
409 1007 473 1062 iste.
498 1008 591 1073 Quare
611 1009 675 1080 plus
703 1012 795 1079 potest
812 1008 860 1063 ille
882 1025 970 1081 quam
1021 1010 1116 1081 specie
1131 1008 1213 1080 panis
1227 1024 1330 1079 corpus
1349 1006 1452 1063 Christi
1476 1021 1535 1058 esse
1557 1005 1712 1065 intellexit,
1727 1010 1758 1060 et
1778 1003 1836 1059 ideo

149 1097 223 1153 iste‘l
239 1101 329 1163 Quare
347 1100 396 1155 ille
418 1105 514 1173 potest
531 1107 646 1172 peccata
670 1103 809 1165 relaxare,
826 1119 882 1156 non
902 1103 971 1157 ista?
1021 1102 1139 1173 indigne
1155 1105 1298 1156 sumentes
1311 1100 1348 1154 ad
1360 1099 1501 1170 Judicium
1517 1114 1629 1152 sumere
1645 1097 1729 1152 dixit.

150 1190 176 1246 Si
197 1192 297 1261 nescis,
310 1193 437 1263 aperiam
450 1194 509 1249 tibi.
525 1195 619 1265 Super
633 1196 721 1249 altare
744 1196 793 1267 qui
814 1195 973 1250 sanctificat
1057 1196 1128 1251 Redi
1152 1195 1185 1250 ad
1207 1199 1244 1262 le,
1260 1194 1356 1258 irater,
1381 1193 1452 1260 redi,
1474 1208 1574 1246 revoca
1599 1193 1729 1246 animum
1761 1196 1835 1246 tuum

149 1291 177 1341 et
202 1286 250 1357 qui
277 1287 468 1342 sanctificatur
494 1288 570 1343 idem
596 1294 647 1344 cst.
664 1288 743 1344 ldem
767 1292 810 1343 est
842 1290 971 1343 sacerdos
1021 1291 1051 1345 in
1067 1291 1211 1362 regionem
1230 1288 1416 1360 longinquam
1431 1302 1551 1358 peregre
1572 1284 1761 1356 proiectum:
1785 1287 1837 1340 noli

151 1383 180 1434 ct
195 1380 309 1448 oblatio,
332 1381 409 1436 idern
435 1382 483 1453 qui
511 1382 642 1437 immolat
665 1386 694 1437 et
720 1383 768 1455 qui
794 1382 969 1449 immolatur,
1021 1386 1170 1441 comedere
1184 1382 1300 1454 siliquas
1315 1397 1479 1451 porcorum,
1502 1379 1559 1434 noli
1583 1379 1739 1433 comedere
1766 1380 1836 1450 quis·

149 1472 228 1529 idem
247 1475 320 1529 [leus
339 1478 368 1531 et
385 1475 483 1531 bomo.
499 1478 564 1531 llaec
582 1483 647 1530 sunt
669 1476 717 1533 Dei
737 1477 890 1548 magnalia,
918 1492 969 1531 no·
1020 1479 1121 1552 quilias
1142 1476 1291 1532 frumenti.
1319 1475 1417 1529 Nonne
1440 1473 1518 1529 vides
1540 1489 1622 1528 mane
1645 1472 1706 1526 sole
1732 1473 1838 1528 oriente

150 1582 218 1622 men
231 1568 293 1639 ejus
306 1568 446 1625 elevantia
454 1586 528 1638 ;non
540 1569 739 1642 impossibilia,
755 1570 804 1626 scd
814 1570 952 1625 terribilia
963 1587 970 1636 ;
1020 1568 1309 1644 primumilluminari
1317 1571 1436 1633 montes,
1447 1566 1632 1637 postmodum
1639 1566 1839 1620 vallesh'onne

150 1675 204 1713 nec
228 1659 406 1731 argumentis
426 1660 614 1725 discutienda,
639 1660 688 1715 sed
718 1661 773 1715 fide
800 1659 969 1729 veneranda,
1021 1666 1100 1720 vides
1113 1663 1260 1735 religiosos
1275 1662 1349 1717 viros
1363 1667 1391 1716 et
1405 1660 1502 1731 magui
1517 1659 1642 1715 nominis
1666 1660 1838 1715 doctoresin

149 1751 221 1816 Quid
233 1753 387 1808 terribilius
398 1769 483 1825 qiiam
501 1754 587 1825 quod,
603 1757 704 1810 orante
723 1753 805 1809 beato
823 1753 968 1826 Gregorio,
980 1738 1008 1809 Β
1021 1760 1074 1815 hac
1100 1758 1240 1813 sententia
1254 1761 1337 1824 stare,
1363 1756 1392 1810 in
1418 1756 1472 1810 hac
1497 1753 1553 1809 lide
1577 1757 1722 1825 perstare,
1738 1770 1839 1824 panem

149 1846 230 1917 panis
256 1847 351 1902 altaris
373 1848 481 1919 accepit
505 1848 627 1919 figuram
648 1848 763 1903 carnis?
784 1848 900 1902 Factum
925 1850 968 1901 cst
1017 1851 1344 1911 atmrissanctrsreatnm,
1366 1866 1423 1903 non
1439 1849 1500 1920 jam
1522 1864 1639 1919 panem,
1665 1847 1715 1902 sed
1743 1864 1839 1901 rerum

149 1940 202 1995 hoc
227 1957 243 1995 a
269 1941 386 1997 Domino
414 1958 465 2013 pro
492 1941 619 1998 tollendo
644 1945 691 1996 tuo
722 1941 868 2013 ambigue.
895 1940 966 1994 Redi
1017 1963 1120 2017 corpus
1133 1944 1235 2000 Christi
1251 1944 1339 1999 esset
1358 1943 1436 2008 Quod
1459 1943 1479 1996 si
1503 1957 1604 1995 verum
1623 1945 1675 2006 est,
1696 1940 1758 1995 imo
1779 1942 1841 2011 qnia

148 2033 254 2106 itaque.
1016 2054 1116 2094 verum
1132 2043 1174 2092 est
1189 2054 1240 2108 pro
1254 2036 1310 2091 fide
1334 2035 1410 2090 Petri
1425 2034 1611 2090 sustentanda
1624 2033 1777 2089 Christum
1791 2036 1837 2088 Pa-

185 2127 260 2183 nudi
281 2131 419 2199 practerea
441 2130 509 2200 qnid
524 2130 615 2185 adhuc
645 2129 720 2183 dicat
739 2131 875 2200 patronus
901 2133 966 2183 tuus
1015 2139 1088 2188 trem
1102 2135 1274 2203 rogassezet
1289 2130 1310 2184 si
1326 2146 1424 2184 verum
1440 2135 1492 2194 est,
1506 2128 1564 2183 irno
1580 2127 1647 2200 quia
1668 2143 1774 2183 verum
1790 2133 1840 2195 est,

149 2221 336 2292 Augustinus.
363 2222 435 2278 Audi
452 2223 519 2294 quid
545 2223 619 2277 dicat
643 2239 729 2293 super
749 2239 860 2277 versum
886 2222 966 2277 illurn
1015 2227 1100 2281 fidem
1123 2225 1198 2280 Petri
1216 2224 1252 2278 de
1271 2239 1389 2295 corpore
1404 2225 1432 2277 et
1451 2223 1590 2291 sanguine
1613 2221 1730 2276 Domini
1750 2221 1787 2276 ab
1808 2237 1840 2275 eo

149 2314 391 2388 psalmigraphi:
417 2316 583 2385 Srrcrittu'um
603 2323 629 2370 et
656 2316 817 2371 oblationem
842 2317 964 2379 antitisti,
1016 2320 1169 2375 derivatam
1197 2334 1286 2390 usque
1311 2318 1344 2370 ad
1372 2321 1503 2387 tempora
1527 2322 1624 2369 nostra
1651 2331 1704 2386 per
1733 2331 1840 2370 sueces-

150 2424 246 2479 corpus
259 2415 349 2464 autem
372 2412 474 2479 optasti
488 2411 556 2464 milii
571 2411 654 2481 (Psul.
670 2412 779 2480 xxxiii:
796 2431 809 2457 «
831 2411 965 2480 Aptatum
1015 2414 1108 2469 siones
1130 2411 1351 2484 apostolicorum
1373 2410 1500 2464 virorum
1523 2426 1655 2464 manasse
1681 2409 1838 2464 intemera-

151 2502 321 2574 esuinqnit,
344 2520 433 2557 unum
455 2503 634 2570 sacrillcium,
654 2504 715 2557 loco
739 2503 896 2557 multorum
919 2519 963 2556 sn-
1015 2513 1087 2571 tang
1112 2506 1188 2579 quin,
1215 2506 1342 2576 inquam,
1369 2519 1468 2558 rerum
1494 2508 1545 2570 est,
1573 2518 1650 2558 cessa
1680 2502 1717 2556 ab
1746 2517 1838 2557 errore

149 2595 321 2651 criticiorum
341 2596 487 2667 legalium.
508 2596 589 2660 Quod
612 2595 727 2651 unum?
739 2597 845 2667 Corpus
859 2595 966 2649 scilicet
1015 2606 1074 2666 tuo,
1092 2602 1151 2655 imo
1167 2600 1294 2666 horrore,
1305 2602 1334 2652 et
1343 2598 1445 2652 festina
1461 2596 1548 2651 lldem
1562 2596 1649 2663 Petri,
1665 2597 1756 2652 iidem
1768 2596 1838 2651 sedis

150 2688 262 2757 Christi,
287 2690 360 2762 quod
378 2689 475 2756 nostis,
498 2690 572 2760 qnod
602 2707 657 2743 non
679 2707 776 2744 omnes
800 2689 909 2754 nostis;
937 2693 966 2743 et
1015 2695 1151 2749 Romamn
1171 2695 1359 2748 excrustatam
1375 2706 1424 2762 per
1440 2695 1467 2745 te
1483 2691 1511 2744 in
1526 2696 1554 2745 te
1578 2690 1751 2757 reformare,
1767 2695 1795 2745 et
1813 2695 1836 2744 te

150 2783 260 2838 utinam
284 2783 331 2854 qui
360 2784 458 2847 nostis,
477 2801 532 2837 trion
557 2784 591 2838 ad
609 2783 747 2855 judicium
775 2782 927 2837 noveritis!
950 2804 963 2832 n
1016 2788 1100 2842 matri
1121 2786 1251 2842 Ecclesia}
1275 2787 1402 2841 connire,
1431 2788 1598 2839 Sanctorum
1624 2785 1743 2838 Patr-um
1768 2784 1836 2839 sedis

149 2876 214 2931 Tria
245 2877 378 2948 proponit
404 2894 411 2932 :
441 2894 543 2948 corpus
570 2877 671 2932 Christi
701 2877 841 2948 quosdam
870 2892 963 2942 nosse,
1015 2883 1151 2937 Romanas
1165 2898 1250 2950 super
1265 2881 1318 2934 hac
1331 2879 1388 2933 side
1399 2879 1521 2950 plurima
1535 2878 1668 2947 exempla
1679 2894 1796 2949 possem
1810 2879 1834 2932 in

150 2970 618 3041 tl¹¹⁰⁵dt¹¹¹¹¹1011¹¹⁰⁵⁸⁹iel⁰1stat
641 2976 672 3024 ¹¹t
695 2971 743 3041 qui
768 2973 883 3036 ¹¹0t⁰sst,
905 2987 963 3024 nou
1015 2976 1141 3031 medinm
1163 2973 1379 3039 adducere;scd
1407 2972 1475 3043 quia
1499 2972 1530 3025 in
1558 2971 1615 3026 alia
1643 2971 1768 3042 epistola
1791 2971 1834 3026 tibi

151 3064 340 3135 adjudicium
356 3065 496 3120 noverint.
517 3065 570 3132 Qut
588 3067 657 3119 cuim
678 3063 826 3119 manducat
847 3069 873 3118 et
898 3064 965 3118 bibit
1016 3067 1367 3134 notiticandaroadunavi,
1387 3073 1415 3120 et
1438 3065 1619 3136 congregavi,
1648 3065 1831 3137 superseden-

149 3159 271 3227 a'udigne,
286 3160 422 3228 judicium
443 3159 495 3214 sibi
518 3158 665 3213 munducat
684 3162 710 3212 et
736 3158 812 3212 bibit.
828 3158 863 3211 Et
880 3157 965 3227 paulo
1016 3164 1085 3219 dum
1100 3162 1147 3217 hic
1162 3160 1330 3216 existimari.

151 3258 215 3324 post
246 3251 350 3307 ibidem
384 3269 391 3306 :
427 3273 441 3302 u
473 3251 555 3316 Quod
589 3251 742 3323 accipimus
775 3250 917 3318 novimus,
940 3256 969 3305 et
