3750 6046
33 170 36 177 '
144 182 216 241 trus
675 168 822 238 nussum
841 178 1136 238 nnvmnencnrvsrs
1152 168 1257 236 ertsc.
1754 176 1819 236 rtet
1863 232 1865 253 ἰ

146 312 211 367 nica
222 308 399 382 professione
414 304 558 375 fratribus,
574 309 666 362 totam
681 306 760 362 illam
781 307 956 379 provinciam
966 321 996 393 Α
1040 305 1161 361 Proinde
1181 305 1212 361 in
1235 290 1414 377 Burgundio,
1428 304 1459 361 in
1482 303 1543 360 loco
1562 302 1613 377 qui
1634 307 1759 361 vocatur
1780 304 1823 361 Gi·

144 405 238 478 primo
253 402 433 470 illuminavit,
449 406 479 456 et
492 401 630 473 paulatim
644 403 775 457 eamdem
788 402 956 473 religionem
1007 401 1151 467 storcium,
1166 401 1226 455 fere
1239 400 1343 455 nostris
1353 398 1531 471 temporibus
1544 399 1667 455 surrexit
1680 398 1740 455 alia
1753 414 1822 453 nova

145 499 176 554 in
191 498 318 553 diversas
326 496 459 567 regiones
467 494 670 550 disseminavit.
681 495 807 551 Surrexit
817 495 846 550 in
855 495 957 549 eadem
1006 495 1190 565 congregatio
1210 494 1432 561 monachorum,
1452 493 1487 548 ab
1504 492 1636 548 omnibns
1655 492 1705 563 qni
1722 490 1821 547 dicun·

143 590 332 665 professione,
349 596 377 644 et
395 589 425 644 in
445 589 606 660 apostolicae
627 590 692 644 vitae
711 588 871 645 imitatione
890 587 954 660 qui·
1006 593 1053 643 tur
1065 592 1093 643 et
1109 587 1335 656 strutmonacbi,
1353 587 1456 643 ordine
1471 589 1501 641 et
1512 587 1613 643 babitu
1629 585 1780 642 differens.
1790 586 1824 641 st

143 687 211 742 dam
225 684 375 757 presbyter
387 682 552 755 religiosus,
567 681 683 738 nomine
701 682 866 750 lt'orbertus,
883 687 954 737 tem·
1007 681 1143 753 quoniam
1157 681 1262 736 virtute
1277 681 1433 753 patientiae,
1448 687 1476 737 et
1489 681 1646 753 abjectione
1657 679 1783 748 babitus,
1795 682 1823 736 et

143 795 212 852 pore
222 793 304 850 pnpae
318 776 429 846 Gelasii,
447 775 496 848 qui
510 781 718 848 proptersuam
733 775 914 848 religionem,
928 779 956 831 et
1007 775 1114 848 reguloe
1127 774 1258 846 diligenti
1271 774 1476 843 observatione,
1489 781 1517 830 et
1526 778 1633 830 sanctae
1642 773 1822 847 paupertatis

144 872 253 929 multas
272 869 459 927 enormitates
478 874 507 923 et
524 869 676 924 schismata
689 885 753 940 quse
770 872 839 925 tunc
850 868 957 924 fiebant
1007 886 1115 937 amore,
1130 872 1158 924 et
1171 868 1372 924 ardentissima
1386 868 1526 940 religione
1545 868 1616 923 alios
1632 867 1822 940 proeminere

143 967 174 1023 in
188 964 363 1022 Occidentnli
377 962 509 1029 Ecclesia,
523 978 540 1016 a
553 963 680 1018 Romano
699 962 830 1033 pontifice
848 961 956 1016 Gelasio
1006 962 1142 1018 videntur
1157 967 1187 1018 et
1197 962 1350 1031 excellunt,
1365 963 1530 1018 innumeros
1549 978 1608 1017 suae
1628 960 1781 1032 religionis
1796 964 1823 1017 et

59 1104 62 1111 .
143 1060 252 1116 litteras
271 1063 301 1113 et
326 1055 525 1112 auctoritatem
550 1055 725 1127 praedicandi
750 1055 868 1127 accepit.
890 1058 955 1124 lste,
1005 1056 1106 1112 forme
1119 1056 1277 1111 imitatores
1289 1055 1396 1111 habent
1410 1074 1416 1110 :
1431 1055 1507 1111 inter
1525 1071 1597 1127 quus
1621 1054 1730 1109 nestris
1751 1058 1821 1109 term

130 1153 203 1209 'suis
216 1149 396 1222 temporibus
408 1150 437 1204 in
451 1149 588 1219 religione
602 1148 772 1204 clarissimus
784 1152 812 1204 et
823 1147 954 1203 famosis·
1007 1149 1125 1222 poribus
1139 1150 1272 1221 apparuit
1284 1148 1400 1221 quidam
1416 1149 1513 1218 abbas,
1529 1149 1557 1203 in
1571 1149 1637 1204 loeo
1651 1147 1703 1220 qui
1718 1147 1820 1203 dicitnr

144 1246 245 1311 simus,
260 1245 384 1300 diversas
398 1241 557 1316 provincias
577 1242 759 1314 praedicando
782 1242 955 1315 peragravit,
1007 1243 1180 1309 claravallis,
1195 1243 1311 1298 nomine
1330 1243 1499 1310 Bernardus,
1516 1241 1558 1296 vir
1579 1241 1820 1313 religiosissimus,

145 1356 202 1397 non
221 1355 336 1412 parvam
360 1336 474 1392 turbam
493 1336 691 1408 religiosorum
712 1336 837 1408 collegit,
852 1336 957 1391 multas
1007 1338 1110 1393 virtute
1133 1336 1334 1392 miraculorum
1352 1336 1482 1408 insignis,
1504 1336 1540 1391 ab
1560 1336 1717 1393 Occidente
1735 1350 1820 1407 usque

145 1432 386 1507 congregationes
407 1431 539 1500 instituit,
562 1434 591 1486 et
618 1447 667 1486 eas
693 1430 728 1485 ad
749 1430 955 1501 perfectionem
1005 1431 1035 1486 in
1049 1430 1196 1487 Orientem
1211 1447 1261 1502 pro
1275 1429 1318 1485 sui
1330 1430 1477 1485 sanctitate
1489 1429 1721 1497 famosissimus;
1738 1445 1820 1501 quem

146 1527 307 1600 apostolicae
322 1526 388 1581 vitoe
405 1524 492 1580 verbo
514 1528 543 1581 et
562 1525 694 1595 exemplo
715 1523 887 1579 informavit.
903 1522 956 1589 Qui
1005 1524 1179 1580 venerabilis
1192 1540 1268 1595 papa
1283 1524 1437 1595 Eugenius,
1448 1522 1821 1595 quondamsnimonasterii

145 1623 235 1678 etiam
248 1624 358 1676 tantam
370 1620 493 1691 gratiam
507 1618 606 1673 habuit
616 1634 713 1674 coram
727 1620 783 1673 lieo
794 1623 822 1673 et
835 1617 957 1673 bomini·
1008 1618 1176 1685 monachus,
1191 1618 1220 1672 in
1234 1617 1361 1673 conciliis
1374 1617 1529 1672 multorum
1543 1617 1748 1689 episcoporum
1761 1631 1822 1672 con·

144 1716 208 1784 bus,
230 1717 264 1769 ut
281 1729 347 1769 vere
367 1712 466 1768 beatos
483 1728 513 1767 se
533 1711 669 1779 dicerent,
683 1711 731 1784 qui
750 1711 792 1766 illi
812 1686 1095 1784 adhaereressdigua
1112 1712 1270 1766 reverentia
1286 1710 1455 1783 plerumque
1468 1710 1629 1767 honoravit.

144 1813 270 1883 possent.
290 1809 387 1863 Postea
408 1807 438 1863 in
460 1805 696 1878 Magdeburgensi
718 1805 840 1861 Ecclesia
861 1806 956 1860 archi·
1044 1807 1116 1860 item
1140 1805 1223 1877 paulo
1250 1810 1317 1861 ante
1342 1805 1402 1860 baec
1425 1810 1555 1876 tempora
1578 1805 1820 1877 coepitssqutedam

147 1903 298 1976 episcopus
318 1902 409 1957 factus
429 1906 481 1968 est,
497 1901 577 1972 cujus
594 1916 696 1972 eorpus
719 1902 845 1954 sanctum
865 1906 893 1955 et
912 1916 960 1954 ve·
1008 1916 1082 1955 nova
1097 1899 1245 1971 religionis
1261 1899 1402 1956 institutio
1415 1899 1445 1954 in
1458 1899 1613 1955 Jerusalem
1630 1898 1750 1955 civitate
1766 1899 1821 1954 Dei.

146 1995 273 2051 nerabile
289 1994 445 2067 requiescit
457 1994 487 2049 in
507 1994 625 2050 ecclesia
642 1995 734 2049 Beatae
751 1992 843 2048 itariae
859 1993 888 2047 in
908 2008 959 2047 sua
1007 1995 1114 2066 Nempe
1137 1993 1307 2065 congregati
1330 1999 1397 2048 sunt
1417 1993 1457 2048 ibi
1479 1993 1553 2061 laici,
1566 1992 1620 2048 viri
1645 1992 1785 2065 religiosi,
1796 1999 1822 2049 et

147 2091 310 2162 metropoli,
331 2089 377 2144 ubi
397 2088 456 2160 ipse
477 2088 578 2143 fratres
590 2104 649 2143 suae
670 2087 815 2159 religionis
839 2086 959 2142 ordina·
1007 2091 1108 2144 vocant
1120 2104 1149 2142 se
1164 2087 1270 2143 milites
1282 2086 1317 2143 de
1331 2086 1460 2159 Templo,
1475 2086 1534 2158 qui,
1549 2086 1654 2142 relictis
1665 2086 1823 2158 proprieta-

146 2189 237 2240 verat.
249 2182 446 2256 lgitnrreligio
456 2198 508 2254 per
518 2198 585 2238 eum
596 2184 730 2237 renovata
740 2180 864 2236 maxima
875 2180 959 2252 coepit
1009 2182 1096 2249 tibus,
1113 2182 1163 2253 qui
1175 2181 1233 2236 vita
1245 2181 1343 2236 vivunt
1358 2181 1406 2252 (a),
1421 2180 1473 2235 sub
1487 2180 1652 2236 obedientia
1668 2180 1756 2236 unius
1770 2197 1824 2235 rna·

144 2278 249 2333 habere
263 2278 454 2347 incrementa,
472 2281 501 2332 et
513 2275 619 2347 ubique
633 2282 776 2331 terrarum
791 2275 894 2330 diffusa
906 2280 957 2341 est,
1009 2275 1088 2347 gistri
1101 2274 1234 2342 militant,
1251 2273 1477 2346 superfluitatem
1492 2278 1521 2330 et
1533 2274 1748 2347 pretiositatem
1767 2290 1822 2329 res·

145 2372 217 2427 adeo
234 2375 265 2427 ut
285 2371 363 2426 nulla
383 2370 444 2425 fere
458 2369 604 2442 provincia
627 2369 665 2423 sit
685 2369 714 2424 in
737 2368 865 2441 partibus
879 2368 958 2423 Ooei·
1007 2370 1080 2425 tium
1101 2369 1153 2424 sibi
1173 2368 1361 2435 absciderunt,
1378 2367 1467 2438 parati
1484 2368 1521 2422 ad
1534 2366 1753 2423 defendendum
1765 2368 1820 2440 glo·

147 2464 251 2530 dentis,
266 2465 316 2520 ubi
330 2464 457 2536 ejusdem
476 2462 624 2535 religionis
644 2462 882 2535 congregationes
901 2478 958 2516 non
1008 2465 1116 2519 riosum
1131 2463 1248 2518 flumini
1261 2461 1421 2534 sepulcrum
1442 2464 1540 2517 contra
1558 2462 1690 2518 incursus
1709 2463 1821 2518 Sarace-

33 2578 37 2583 ·
145 2558 328 2614 inveniantur
355 2575 361 2613 :
395 2557 534 2625 Francia,
568 2557 737 2624 Germania,
771 2555 957 2627 Burgundio,
1008 2573 1111 2612 norum
1120 2557 1217 2626 ;domi
1232 2555 1350 2628 pacifici,
1362 2555 1430 2611 foris
1442 2555 1593 2611 bellatores
1606 2556 1823 2626 strenui3domi

145 2651 309 2723 Aquitania,
325 2651 438 2707 citerior
456 2650 600 2722 Hispania,
616 2650 762 2707 Britannia
781 2651 886 2717 minor,
902 2654 958 2704 rtu-
1010 2650 1176 2706 obedientes
1189 2649 1218 2704 in
1236 2649 1384 2720 disciplina
1397 2648 1532 2720 regulari,
1545 2649 1613 2704 foris
1625 2648 1822 2721 obtemperan-

148 2746 216 2817 glia.
241 2745 338 2813 bacin,
362 2743 492 2811 Saxonis,
513 2743 643 2813 leutitia,
670 2743 796 2812 Polonia,
824 2742 957 2810 bloraria,
1008 2742 1820 2815 tesdisciplinoemilitari3domisanctosilentioinstructi,

148 2838 283 2907 Eavvaria,
300 2837 409 2906 Suevin,
430 2837 586 2904 Pannonia,
605 2852 670 2908 quae
692 2842 721 2891 et
740 2837 874 2908 llungria,
891 2836 960 2891 Lon·
1008 2838 1077 2893 foris
1090 2838 1123 2892 nd
1139 2837 1256 2893 bellicos
1268 2835 1404 2907 strepitus
1418 2839 1447 2890 el
1467 2836 1593 2908 impetus
1613 2836 1818 2908 imperterrita

146 2932 295 3003 gobardia,
316 2931 440 3002 Liguria,
464 2931 584 2995 Etruria,
602 2947 666 3002 quac
686 2935 728 2985 est
745 2930 875 2985 Tbuseia.
890 2929 958 2984 Om·
1010 2935 1039 2987 et
1053 2937 1085 2987 ut
1098 2931 1223 2986 breviter
1236 2931 1408 3001 compleam,
1421 2930 1455 2985 ad
1472 2930 1599 2985 universa
1609 2947 1676 3001 quer
1685 2930 1821 3002 jubentur

145 3043 207 3093 nes,
222 3026 350 3096 inquam,
365 3024 411 3079 hae
430 3024 582 3095 provineiae
600 3023 706 3079 babent
723 3023 958 3095 congregationes
1009 3026 1113 3092 faeere,
1129 3026 1207 3080 inlus
1220 3041 1252 3080 ac
1266 3025 1337 3081 foris
1347 3025 1375 3080 in
1387 3024 1509 3096 simplici
1522 3024 1684 3080 obedientia
1694 3041 1822 3080 consum·

144 3119 270 3192 prafatta
284 3117 438 3189 religionis,
454 3133 576 3190 quorum
592 3118 678 3172 etiam
695 3117 831 3189 exemplis
846 3120 876 3171 et
894 3133 956 3172 orn·
1010 3119 1090 3174 niati.
1105 3120 1211 3174 Horum
1226 3119 1352 3174 vitamet
1365 3118 1543 3190 propositum
1558 3118 1656 3190 primo
1670 3119 1820 3173 confirma-

147 3211 272 3268 tionibus
296 3210 445 3267 conlidunt
467 3211 639 3266 incessanter
662 3210 801 3282 adjuvari.
826 3209 959 3265 Extendit
1008 3213 1047 3267 vit
1061 3229 1134 3284 papa
1153 3212 1284 3268 Urbanus
1298 3212 1415 3268 consilio
1436 3212 1590 3267 multorum
1609 3211 1819 3283 episcoporum,

144 3306 231 3361 etiam
245 3305 376 3377 palmites
389 3305 450 3360 haec
465 3305 563 3360 eudem
580 3310 675 3360 sancta
689 3304 809 3360 societas
824 3304 852 3358 iu
863 3309 958 3375 partes
1008 3322 1080 3378 quos
1108 3305 1145 3360 ad
1168 3306 1221 3362 boc
1249 3305 1342 3377 ipsum
1367 3308 1571 3360 convocaverat
1593 3304 1630 3360 ad
1656 3306 1820 3372 concilium,

47 3464 51 3473 Ι
146 3399 292 3455 Orientis:
308 3416 376 3454 nam
401 3399 431 3453 in
445 3398 610 3455 Bethlehem
626 3415 693 3466 nna,
707 3405 736 3453 et
748 3397 776 3453 in
792 3398 853 3453 loco
868 3414 957 3470 quent
1008 3405 1137 3456 statuens
1150 3409 1181 3456 ut
1192 3401 1356 3472 quicunque
1377 3400 1406 3455 in
1422 3400 1496 3455 banc
1517 3399 1682 3455 societatem
1706 3403 1821 3472 propter

143 3497 244 3549 vocant
257 3495 284 3550 S.
300 3492 439 3561 llabacuc,
455 3492 510 3548 alia
522 3491 706 3565 congregatio
719 3495 770 3548 est.
1008 3512 1089 3566 spem
1104 3496 1169 3550 vitre
1185 3500 1301 3549 aeternae
1315 3511 1346 3549 se
1367 3493 1544 3566 colligerent,
1558 3493 1632 3548 etin
1647 3509 1683 3549 ea
1701 3494 1821 3550 fideliter

181 3587 311 3644 Surrexit
325 3603 437 3659 quoqne
449 3587 478 3641 in
495 3587 653 3643 monastico
672 3586 773 3641 ordine
790 3587 892 3641 Eeatus
907 3585 957 3641 Be·
1008 3594 1234 3662 perseverarent,
1249 3587 1449 3643 remissionem
1463 3587 1592 3644 omnium
1605 3586 1750 3644 baberent
1762 3604 1822 3660 pee-

148 3683 278 3739 uedictus
290 3685 353 3754 post
364 3682 470 3737 multos
482 3683 577 3736 Patres
589 3681 794 3736 monachorum
808 3680 837 3735 in
852 3680 957 3751 AEgyp-
1009 3689 1151 3750 catorum,
1168 3683 1316 3738 affirmans
1330 3698 1379 3737 eos
1399 3698 1457 3737 nou
1471 3698 1531 3737 esse
1551 3681 1699 3737 inferioris
1717 3681 1819 3752 meriti,

142 3778 173 3832 to
193 3775 444 3844 commorantium,
458 3774 501 3829 vir
519 3776 573 3829 ileo
598 3775 711 3847 dignus,
732 3773 842 3847 Spiritu
861 3780 958 3828 saneto
1008 3794 1096 3850 quam
1110 3777 1155 3831 vel
1170 3777 1336 3845 monachos,
1350 3776 1393 3832 vel
1406 3775 1570 3832 communis
1581 3776 1646 3831 ritae
1660 3777 1820 3833 canonicos.

144 3871 247 3944 plenus
264 3887 271 3924 ε
287 3870 321 3924 de
337 3885 434 3923 eremo
448 3868 567 3936 Nursiae,
582 3868 630 3923 ubi
645 3869 779 3935 latuerat,
791 3867 957 3935 abstractus,
1046 3868 1637 3940 lteminOrientaliEcclesia,apudGroecos
1647 3872 1822 3926 etArmenos

145 3969 174 4019 et
198 3964 227 4018 in
246 3962 413 4034 Campania,
436 3963 465 4016 in
486 3962 727 4031 montecassino,
749 3963 957 4017 monachorum
1010 3968 1039 4020 et
1055 3965 1150 4036 Syros,
1164 3965 1272 4020 diversa
1286 3968 1352 4018 sunt
1367 3978 1474 4035 genera
1491 3962 1705 4034 religiosorum,
1723 3965 1773 4036 qui
1793 3965 1821 4019 iu

143 4056 231 4112 abbas
240 4057 331 4111 factus
343 4061 395 4110 est.
404 4056 505 4124 lste,in
516 4056 653 4126 religione
663 4055 897 4124 ferventissimus,
906 4058 959 4111 Re·
1008 4076 1065 4115 una
1081 4058 1197 4131 quidem
1211 4058 1266 4113 fide
1280 4057 1418 4113 catholiea
1431 4056 1615 4125 concordant,
1629 4074 1663 4112 ac
1681 4058 1821 4113 tamenin

145 4150 243 4222 gulam
257 4150 324 4217 suis,
342 4149 467 4204 dictante
483 4149 592 4221 Spiritu
605 4153 714 4217 saneto,
728 4149 912 4222 prescripsit,
930 4155 959 4206 et
1008 4153 1145 4221 moribus,
1166 4153 1195 4207 in
1221 4152 1332 4220 ordine,
1346 4151 1376 4205 in
1397 4150 1506 4218 habitu,
1527 4150 1555 4206 in
1571 4151 1658 4219 rictu,
1676 4151 1709 4207 in
1731 4151 1822 4208 officio

146 4243 277 4299 ordinem
298 4244 490 4299 monasticum
509 4244 570 4314 jam
590 4248 651 4298 tum
671 4242 850 4299 vacillantem
872 4260 956 4299 reno·
1007 4246 1146 4319 psallendi
1169 4262 1226 4301 non
1248 4261 1350 4318 parum
1371 4244 1546 4301 abinvicem
1571 4244 1745 4316 discrepant.
1765 4247 1822 4318 Ego

144 4337 219 4394 vavit
235 4345 259 4393 et
281 4338 416 4393 firmarit.
434 4337 486 4402 Oui
505 4338 599 4405 etium,
618 4342 679 4393 tum
702 4355 752 4409 per
776 4354 816 4405 se,
832 4345 891 4393 turn
908 4355 958 4410 per
1008 4356 1072 4396 cunr
1087 4357 1178 4396 essem
1199 4340 1229 4394 in
1252 4339 1324 4394 urbe
1347 4338 1426 4411 regia
1444 4338 1692 4410 Constantinopoli
1712 4339 1821 4412 apocri·

144 4433 284 4505 Regulam
305 4449 399 4501 suam,
413 4437 478 4504 post
499 4449 529 4487 se
553 4432 644 4487 multa
668 4433 877 4488 monachorum
899 4429 1109 4503 meDsiarius
1130 4434 1256 4490 Lotharii
1274 4433 1380 4505 llagni,
1403 4441 1432 4489 et
1449 4432 1679 4490 christianissimi
1699 4434 1823 4492 Romani

143 4527 269 4583 nasteria
282 4528 311 4583 in
326 4526 443 4582 diversis
455 4526 620 4598 regionibus
634 4527 813 4582 instaurarit.
827 4526 957 4583 Surrexit
1007 4529 1203 4602 imperatoris,
1217 4529 1254 4584 ad
1276 4528 1484 4600 Kalojoanuem
1502 4527 1631 4600 ejusdem
1650 4528 1740 4601 regiae
1759 4529 1823 4585 civi·

144 4622 232 4678 otiam
245 4621 390 4678 modernis
408 4621 585 4693 temporibus
598 4621 627 4675 in
640 4620 770 4687 Tbnscia,
786 4621 817 4675 in
833 4621 895 4676 loco
906 4621 957 4693 qui
1007 4623 1074 4680 tatis
1096 4624 1311 4696 imperatorem,
1328 4628 1358 4677 et
1378 4638 1469 4677 essem
1491 4620 1591 4677 avidus
1610 4622 1776 4693 explorator
1795 4627 1823 4679 et

141 4720 260 4771 vocatur
285 4715 468 4782 Gamaldiela,
494 4715 538 4769 vir
564 4715 715 4786 religiosus
736 4714 852 4769 nomine
876 4716 958 4770 toan·
1007 4718 1131 4789 diligens
1152 4717 1302 4789 inquisitor
1316 4717 1490 4772 diversarum
1508 4715 1693 4787 religionum,
1708 4717 1767 4772 ridi
1784 4717 1822 4772 ibi

141 4825 194 4865 nes
219 4809 267 4882 (St,
290 4810 343 4864 sub
365 4810 535 4865 monastirie
560 4807 747 4881 professionis
771 4808 861 4876 titulo,
886 4824 957 4864 novo
1008 4813 1111 4867 multos
1125 4812 1241 4867 ordines
1254 4810 1420 4868 Christiana
1434 4809 1590 4882 religionis.
1600 4810 1632 4865 ln
1643 4812 1822 4868 monasterio

140 4903 251 4959 fervore
266 4920 369 4959 novum
385 4903 515 4959 habitum
526 4902 737 4959 cumfratribus
746 4902 804 4957 suis
812 4902 958 4957 monachis
1007 4905 1083 4979 quod
1107 4905 1212 4960 dicitur·
1234 4907 1462 4973 Pantocratoros,
1483 4904 1511 4959 id
1535 4907 1588 4971 est,
1611 4904 1822 4975 omnipotentis,

141 4997 274 5066 induens,
290 5003 318 5053 et
338 4997 443 5054 multos
456 4997 607 5069 discipulos
625 5013 685 5051 sure
704 4996 806 5051 formae
822 5012 958 5068 sequaces
1007 4999 1064 5055 vidi
1079 4999 1279 5071 septingentos
1292 5000 1383 5055 ferme
1396 4998 1551 5055 monachos
1563 4997 1615 5052 sub
1629 4999 1734 5070 regula
1745 5000 1823 5056 beati

140 5091 261 5147 babens.
279 5093 334 5147 Nec
350 5092 398 5147 diu
413 5094 464 5159 est,
479 5091 556 5164 quod
573 5092 602 5145 iu
615 5091 670 5146 alio
685 5090 749 5146 loeo
769 5090 819 5162 qui
842 5095 958 5145 vocatur
1007 5093 1121 5149 Antonii
1134 5094 1298 5148 militantes.
1312 5094 1344 5147 ln
1361 5093 1534 5148 monasterio
1549 5091 1628 5164 quod
1642 5092 1749 5148 dieitur
1761 5094 1824 5150 Plri-

139 5184 385 5254 VallisUmbrosa,
406 5186 490 5257 juxta
514 5186 665 5240 Perusinos
690 5192 810 5254 montes,
834 5184 958 5240 surrexit
1006 5188 1190 5259 lantbropou,
1206 5190 1325 5243 omittetis
1337 5188 1480 5251 feminam,
1491 5186 1550 5241 vidi
1561 5203 1619 5241 non
1633 5187 1731 5243 minus
1742 5188 1824 5260 quin·

141 5277 326 5350 congregatio
348 5294 421 5333 nora
442 5280 649 5335 monachorum
671 5279 752 5335 valde
775 5278 918 5351 religiosa,
941 5295 957 5332 a
1008 5287 1111 5354 gentos
1124 5281 1277 5336 monachos
1293 5280 1344 5336 snb
1368 5281 1469 5353 regula
1490 5279 1567 5337 beati
1587 5281 1737 5338 Pachumii
1749 5281 1824 5338 rnili-

141 5372 251 5429 eaeteris
263 5373 312 5445 qui
327 5379 464 5429 vorantur
476 5374 614 5429 monachi
627 5390 700 5430 novo
722 5373 822 5429 ordine
841 5376 870 5428 et
883 5389 958 5429 noro
1007 5378 1109 5431 lantes.
1125 5375 1186 5430 Vidi
1201 5379 1231 5429 ot
1245 5374 1430 5446 quamplures
1450 5375 1686 5448 congregationes
1707 5376 1762 5435 suh
1775 5392 1822 5433 re·

140 5466 240 5522 habitu
262 5466 436 5534 differentes,
459 5472 488 5524 et
509 5468 615 5524 multos
638 5467 747 5524 habent
772 5483 832 5523 suae
856 5467 957 5523 former
1007 5470 1074 5541 gula
1096 5469 1171 5524 beati
1196 5468 1289 5525 Basilii
1308 5469 1401 5542 blagni
1427 5472 1456 5525 et
1476 5468 1631 5526 doctissimi
1644 5469 1698 5527 viri
1719 5470 1822 5528 devote

140 5576 284 5633 sequaces.
1007 5562 1176 5619 militantes.

152 5681 192 5746 (8)
211 5680 332 5734 Nomius
350 5682 479 5737 Iouam.
500 5682 545 5738 De
567 5681 727 5739 Romualdo
749 5682 886 5753 loquitur,
903 5680 962 5736 troc
1041 5683 1076 5746 let
1093 5683 1145 5746 Qut
1152 5683 1210 5734 otto
1220 5683 1323 5734 otouut.
1340 5685 1384 5737 An
1400 5686 1533 5737 murnum
1548 5685 1608 5737 etto
1623 5684 1743 5738 eleum
1754 5683 1822 5739 ltlbl

103 5754 231 5807 nomine
242 5756 406 5811 notissimo.
1018 5753 1324 5827 quidemttavtdetux.
