3750 6046
53 200 108 255 ses
493 193 649 255 nvsronn
669 196 934 256 uccrnsnsncn.
949 223 983 235 -
999 192 1086 251 snas
1108 194 1128 248 ι.
1145 223 1179 235 -
1194 195 1257 250 ιιιι.
1279 194 1312 250 ιι.
1698 174 1750 251 ιἰιι

53 328 118 377 tear
134 322 225 377 inunt
236 321 407 377 submittitis
425 321 488 376 cale
502 325 532 376 in
551 329 661 385 terrain,
682 325 712 376 iu
730 336 782 392 que
801 327 880 375 erant
890 333 920 406 Α
929 325 1080 387 venerunt,
1108 325 1132 372 et
1156 335 1261 373 arnrurn
1289 323 1374 373 toturn
1397 321 1427 372 in
1451 320 1571 373 Ecclesia
1596 323 1750 374 cannen-suti

52 419 149 473 mus
175 415 371 487 qnedmpeds'a
395 421 422 472 et
444 420 580 486 serpentia
604 422 681 473 terra
703 420 729 472 et
754 416 880 472 uotrstilia
929 420 1004 477 stent,
1024 415 1183 483 turbamque
1197 414 1310 467 multem
1329 413 1486 468 docuerunt.
1508 415 1600 484 ibique
1618 415 1749 484 discipuli

53 511 127 567 eati.
146 512 183 566 Bt
200 512 279 578 facte
296 514 335 565 est
349 525 405 565 oon
422 511 459 565 ed
471 526 532 566 curn
547 529 556 566 ι
570 510 666 581 Surqe,
686 512 773 573 Patre,
791 510 880 567 occide
926 509 1048 578 primm
1061 507 1211 562 Christiani
1219 506 1420 577 cognominati
1430 508 1497 560 sunt
1508 508 1591 575 (Act,
1606 523 1645 572 xv,
1662 496 1746 577 tib).

54 611 80 661 st
93 604 247 661 manduca
264 606 360 660 Petrus
378 611 470 659 crutern
483 606 524 660 ait
538 623 548 659 .·
562 606 656 661 absit!
672 606 795 669 Domine,
815 606 880 675 quia
965 602 1041 655 Tune
1053 600 1168 673 Agabus
1181 606 1270 667 vates,
1286 617 1360 656 unus
1374 617 1408 655 er
1427 600 1471 655 his
1487 602 1536 672 qni
1555 601 1589 655 de
1607 601 1746 673 lerosoly-

54 715 205 769 nunqnam
217 699 386 754 nurnducaui
398 714 535 755 commune
547 706 573 753 et
587 700 766 754 immundum.
782 702 817 755 Et
827 716 880 754 eoa
928 695 985 750 mis
997 697 1145 765 venerant,
1165 694 1323 767 prophetis,
1343 711 1479 766 magnam
1495 696 1600 751 samem
1620 695 1747 751 futuram

55 795 159 849 itenan
185 793 301 848 emeno
323 792 361 847 ad
380 808 441 848 eune
461 809 468 847 ι
491 794 554 861 Qua
576 795 705 849 Dominus
723 795 881 864 purificavit
929 789 1034 844 divinis
1045 789 1224 862 praesagabat
1243 788 1374 844 oraculis.
1391 789 1493 844 Saulus
1512 806 1580 844 vero
1597 796 1625 844 et
1640 790 1745 844 Rasna·

58 902 92 942 as
110 894 143 941 tu
164 902 303 943 comune
325 886 438 942 dmum.
461 889 517 943 Hac
536 893 627 943 autern
650 891 690 942 ter
710 889 815 955 facturn
828 892 878 949 est,
928 882 979 938 bas
993 898 1058 938 cum
1074 883 1234 938 ministerio
1250 900 1266 937 a
1281 882 1417 937 iratribus
1433 883 1543 951 collato,
1566 883 1644 955 qnod
1663 900 1745 938 sane·

58 986 84 1036 rt
96 983 197 1037 straten
213 996 263 1036 uus
280 983 311 1035 in
329 981 424 1035 coetum
442 985 578 1051 receptum
598 986 647 1036 cst.
670 981 727 1036 llac
743 980 880 1036 nimirum
929 979 1026 1031 torum
1048 977 1145 1032 usibus
1170 976 1337 1047 deserviret,
1361 976 1544 1049 ierosolymis
1567 977 1747 1032 destinantur

59 1074 237 1131 revelatione
253 1075 338 1130 Petro
360 1074 491 1146 gentium
511 1074 657 1130 conversio
680 1074 814 1131 divinitus
833 1075 879 1130 in·
930 1070 1020 1139 libid..
1036 1071 1137 1140 ἳ7-30).

59 1169 174 1223 anneta
197 1173 257 1235 est,
280 1184 346 1240 quse
369 1184 421 1239 per
445 1172 568 1239 quatem
592 1168 692 1224 mundi
713 1169 829 1225 climata
851 1170 880 1225 in
930 1163 977 1218 lll.
1003 1165 1100 1234 Opinio
1131 1167 1245 1220 Romani
1275 1171 1384 1221 serratus
1411 1166 1443 1220 dc
1469 1166 1584 1223 Glssnto.
1615 1165 1749 1219 Fenrrera

59 1262 141 1317 omni
154 1262 253 1331 lingua
268 1267 297 1317 et
309 1261 387 1317 trihu
405 1261 477 1317 iacta
491 1265 545 1329 est,
560 1266 590 1317 et
600 1278 618 1316 a
630 1264 699 1331 Deo,
718 1279 755 1318 ne
777 1279 878 1335 quem·
1111 1258 1226 1313 Herodis
1245 1262 1315 1327 repis
1334 1261 1362 1313 in
1383 1261 1559 1317 Christianos.

59 1355 130 1412 libet
138 1355 268 1411 converti
277 1356 422 1411 volentem
436 1360 593 1426 respueret,
605 1355 754 1411 evidenter
763 1358 880 1413 edoctus
967 1350 1076 1405 lnteren
1093 1351 1224 1406 Tiberius
1240 1353 1385 1423 Angustus
1403 1352 1513 1407 duohns
1528 1356 1556 1406 et
1570 1352 1669 1423 viginti
1690 1352 1746 1407 cir-

59 1453 110 1505 est.
141 1450 268 1505 Soenrns
298 1464 368 1521 ergo
394 1453 424 1504 et
451 1448 580 1520 garrdens
608 1449 723 1505 nuntios
755 1451 879 1507 Cornelii
930 1444 1001 1500 citer
1020 1445 1104 1500 annis
1124 1446 1264 1516 regnavit.
1288 1447 1373 1517 Cujus
1397 1447 1511 1518 imperii
1531 1463 1593 1500 xvrn
1607 1463 1693 1513 anno,
1715 1451 1746 1503 ut

60 1543 185 1615 hospitio
197 1544 228 1599 in
241 1543 327 1599 domo
342 1543 468 1599 Simonis
485 1542 605 1600 Coriarii
618 1543 750 1615 suscepit,
767 1548 796 1599 et
813 1561 880 1601 eum
929 1538 1020 1593 fidelis
1034 1539 1137 1594 notitia
1156 1539 1294 1594 veraciter
1307 1540 1416 1609 asserit,
1433 1540 1568 1596 Dominus
1583 1543 1743 1597 nosterle-

62 1637 117 1692 inis
129 1637 265 1709 sequenti
282 1637 331 1692 die
345 1637 375 1692 in
388 1636 548 1693 Cesaream
565 1637 723 1693 Palestinae
741 1638 877 1708 perrexit.
929 1649 977 1687 sus
991 1632 1118 1688 Christus
1138 1649 1236 1704 panus
1254 1636 1296 1688 est
1314 1638 1343 1689 et
1361 1634 1515 1690 resurrexit
1534 1638 1563 1689 et
1584 1634 1672 1690 multa
1690 1634 1745 1690 mi·

65 1729 131 1786 lllnc
150 1729 310 1803 ingressus,
331 1729 495 1786 Cornelium
518 1732 547 1785 et
568 1734 704 1802 cognatos
728 1731 790 1802 ejus
813 1747 879 1787 cum
890 1703 919 1775 Β
930 1726 1027 1781 rabilia
1041 1725 1180 1782 ineffabili
1196 1727 1372 1795 madefecit,
1387 1728 1524 1800 quaejam
1538 1728 1622 1799 longe
1636 1729 1745 1801 lateque
1798 1786 1807 1801 ‚

62 1823 231 1881 necessariis
251 1824 353 1880 amicis
373 1824 485 1879 invenit
504 1827 535 1878 at
556 1829 675 1895 rogatus
695 1824 731 1879 ah
753 1825 810 1892 eis,
831 1826 879 1897 qui
930 1819 1097 1892 pervulgata
1106 1821 1212 1875 Pilatus
1222 1820 1333 1876 Tiberio
1346 1821 1452 1890 retulit,
1465 1827 1494 1878 et
1505 1821 1584 1893 qnod
1594 1839 1647 1893 pro
1661 1823 1744 1877 innu-

60 1918 94 1973 ad
106 1918 288 1974 audiendum
300 1922 329 1973 et
341 1917 534 1974 obediendum
549 1917 642 1988 parati
655 1921 749 1986 erant,
760 1919 880 1975 verbum
931 1916 1018 1969 meris
1032 1915 1213 1985 magnalibus
1227 1914 1255 1968 in
1269 1916 1330 1986 ejus
1345 1916 1461 1971 nominc
1478 1916 1600 1987 peractis
1615 1933 1632 1971 a
1647 1933 1746 1987 qnam-

61 2012 126 2066 vitar
137 2011 231 2084 loqui,
244 2011 292 2082 pie
304 2011 515 2082 obtemperavit
527 2009 613 2082 (Act,
629 2026 657 2079 1,
676 2014 757 2081 laet.
931 2008 1062 2078 plurimis
1077 2009 1141 2079 jans
1163 2009 1236 2063 Deus
1257 2025 1317 2064 esse
1336 2010 1509 2077 crederetur,
1530 2010 1643 2082 adjecit.
1663 2011 1745 2066 Tibe-

94 2107 230 2177 Aperiens
243 2105 323 2162 enim
335 2107 432 2161 Petrus
448 2120 477 2160 os
496 2120 584 2168 aaron
603 2105 698 2161 dian:
720 2107 881 2163 iuuentute
930 2101 989 2157 rius
1002 2118 1066 2174 quse
1078 2106 1259 2175 compererat
1270 2104 1381 2158 senatui
1395 2103 1501 2159 retulit.
1517 2104 1637 2160 Senatus
1649 2108 1747 2159 autem

60 2202 179 2270 comperi
196 2200 328 2269 quoniam
345 2214 402 2254 non
419 2203 458 2255 est
470 2213 651 2268 personarunt
662 2204 785 2269 acceptor
799 2203 880 2264 Dein,
930 2195 1075 2252 Christum
1095 2196 1232 2267 sprevisse
1247 2197 1361 2265 dicitur,
1376 2203 1408 2252 ut
1421 2198 1613 2253 Tertullianus
1627 2198 1656 2253 in
1672 2200 1744 2269 Ape·

61 2293 108 2349 sed
124 2296 157 2349 in
178 2295 255 2348 onesi
272 2298 359 2362 pean,
380 2295 429 2363 qui
447 2295 522 2348 timet
540 2308 602 2348 eum
620 2298 646 2348 et
659 2298 788 2364 opermw
796 2294 880 2364 justi·
931 2290 1041 2357 leeetico
1054 2304 1103 2344 suo
1116 2289 1223 2357 scribit,
1237 2307 1290 2362 pro
1308 2308 1341 2346 eo
1362 2291 1438 2362 quod
1451 2292 1537 2363 hujus
1552 2292 1594 2346 rei
1604 2292 1746 2363 judicium

63 2390 138 2449 nem,
165 2393 292 2458 succeptus
315 2391 355 2442 eet
375 2387 429 2441 itii.
457 2386 576 2443 Verbum
598 2388 671 2442 misit
690 2387 755 2456 filiis
779 2389 879 2456 braet,
930 2399 988 2439 non
1014 2383 1068 2438 sibi
1095 2383 1174 2455 prius
1198 2384 1326 2439 delatum
1348 2385 1443 2452 inerit,
1471 2386 1518 2440 sed
1548 2387 1747 2454 auctoritatem

65 2483 235 2536 memiana
250 2495 345 2551 mmm
362 2495 412 2550 per
429 2482 519 2537 tmen
538 2481 682 2539 Christum.
697 2483 747 2537 llic
768 2487 806 2537 est
828 2497 882 2537 om·
930 2493 1012 2532 suam
1026 2477 1104 2547 vulgi
1117 2478 1259 2533 sententia
1272 2479 1451 2550 praevenerit.
1466 2480 1522 2533 Lex
1537 2480 1616 2534 enim
1628 2485 1747 2535 eratan-

63 2572 138 2625 ninsa
149 2571 290 2626 bernaus.
304 2570 432 2641 Cumque
448 2570 548 2623 Petrus
562 2569 623 2624 haec
636 2570 666 2625 et
682 2569 737 2624 alia
751 2570 832 2642 plura
845 2570 881 2626 de
930 2570 1051 2642 tiqnitns
1063 2570 1225 2643 designata,
1241 2588 1277 2626 ne
1291 2572 1354 2643 quis
1368 2573 1442 2644 apud
1459 2574 1604 2628 Romanos
1617 2574 1686 2629 deris
1699 2575 1747 2629 ha-

60 2663 185 2721 adventn
218 2662 374 2719 Sdrntoris
399 2667 428 2718 et
455 2662 578 2733 perenni
608 2662 666 2718 vita
693 2663 879 2735 praedicaret,
930 2665 1058 2731 beretnr,
1078 2664 1132 2719 nisi
1158 2669 1273 2721 mantus
1292 2666 1408 2721 decreto
1430 2672 1459 2722 et
1479 2666 1618 2721 sententia
1640 2670 1744 2722 conth-

63 2758 243 2830 mnltnmque
264 2756 426 2813 sitientibus
450 2756 584 2812 delente
604 2757 726 2813 ccelesiis
743 2758 881 2814 doctrinae
933 2763 1036 2813 matus.
1055 2759 1152 2828 Porro,
1174 2765 1205 2816 ut
1222 2759 1404 2815 Caesariensis
1423 2760 1559 2815 Eusebius
1574 2763 1604 2815 in
1622 2763 1747 2816 seeundo

64 2851 164 2924 pocnla
181 2851 248 2907 ritae
263 2850 443 2923 propinaret,
459 2849 580 2921 ὅρι’νιῖιιι
601 2856 713 2908 sanctus
733 2867 814 2923 super
829 2868 882 2909 one
931 2853 1124 2907 Eecbsiastica
1148 2856 1275 2909 Historia
1300 2854 1372 2908 libro
1400 2854 1511 2921 asserit,
1535 2855 1590 2909 hoc
1613 2863 1674 2911 erat
1697 2873 1748 2927 pro

63 2961 108 3001 sss
125 2947 176 3016 qui
193 2946 346 3001 audiebam
364 2945 475 3001 cabum
495 2945 592 3001 erudit
610 2949 638 3000 et
656 2945 805 3002 scientiam
826 2946 880 3001 lin·
931 2962 996 3001 vero
1016 2946 1091 3018 qnod
1110 2946 1259 3019 agebatur,
1276 2962 1312 3002 ne
1332 2947 1428 3003 divina
1445 2948 1534 3003 virtus
1552 2949 1685 3003 humanis
1703 2966 1747 3005 as-

64 3055 187 3111 gnarum
198 3039 255 3095 illis
267 3042 389 3112 repento
403 3037 533 3095 contulit.
549 3038 649 3094 Petrus
661 3043 768 3110 autem,
782 3040 880 3096 obstu·
891 3074 919 3148 C
932 3041 1088 3096 sartoribus
1109 3040 1239 3113 indigere
1260 3047 1416 3114 putaretur.
1438 3045 1567 3114 Cumque
1592 3044 1748 3099 secundum

64 3133 198 3206 pentibus
211 3133 245 3189 iis
259 3132 388 3205 quicum
405 3149 439 3187 eo
452 3149 485 3189 ex
500 3131 718 3189 circumcisione
731 3140 880 3199 venerant,
933 3152 966 3190 ea
982 3151 1046 3207 quse
1062 3152 1149 3207 snpra
1169 3135 1303 3204 diximus,
1320 3136 1459 3192 renuisset
1474 3139 1600 3204 senatus,
1619 3137 1749 3192 Tiberius

64 3227 217 3299 baptizavit
231 3226 397 3284 Cornelium
413 3230 442 3282 et
456 3242 556 3282 omnes
576 3227 625 3298 qni
646 3244 711 3283 cnm
732 3245 767 3283 ee
788 3228 880 3284 credi·
931 3235 1028 3284 tamen
1051 3229 1144 3284 tonuit
1163 3229 1338 3284 sententiam
1358 3247 1453 3298 suam,
1474 3247 1510 3285 ne
1532 3230 1595 3302 quis
1615 3230 1751 3286 adversus

65 3321 167 3377 duent
181 3321 275 3393 (itia,
290 3320 398 3392 3448).
933 3322 1092 3378 doctrinam
1105 3322 1209 3380 Christi
1223 3324 1399 3379 eontrarium
1413 3324 1572 3380 moliretur.
1587 3324 1668 3389 Quod
1679 3342 1748 3397 pro·

98 3414 191 3485 idem,
205 3419 358 3486 postquam
375 3413 410 3469 ab
429 3413 587 3470 illustribus
603 3415 754 3488 neophytis
766 3421 883 3488 rogatus
932 3418 1004 3473 fecto
1018 3416 1113 3472 divina
1127 3417 1277 3489 prudentia
1291 3416 1328 3473 ita
1347 3421 1415 3473 tuac
1427 3418 1546 3473 Cesaris
1560 3418 1689 3474 sensibus
1702 3418 1747 3473 in-

66 3508 172 3582 aliqnot
195 3507 299 3563 diebus
322 3509 458 3564 Caesareae
483 3509 597 3576 mansit,
616 3509 793 3565 confirmatis
817 3510 881 3579 illis,
933 3511 1021 3583 gessit
1035 3514 1074 3578 ut,
1095 3511 1203 3583 ahsqne
1222 3512 1278 3567 ullo
1297 3512 1453 3580 obstaculo,
1468 3512 1498 3566 in
1520 3512 1588 3583 ipsis
1609 3512 1748 3567 duntaxat

64 3602 222 3659 tennalem
233 3600 366 3657 ascendit
378 3605 407 3656 et
418 3601 587 3674 coapostolis
597 3602 654 3657 sais
669 3604 882 3661 conversionem
932 3605 1031 3675 initiis,
1056 3605 1199 3676 Evangelii
1220 3622 1315 3660 sermo
1335 3621 1537 3677 usquequaque
1559 3609 1748 3676 percurreret.

67 3697 197 3768 gastim
217 3695 374 3753 enarravit.
394 3696 472 3751 Tunc
492 3696 609 3768 quidam
626 3712 660 3751 eo
682 3699 884 3755 circumcisione
933 3699 1012 3755 Unde
1028 3702 1057 3753 et
1073 3698 1179 3753 lactum
1197 3702 1287 3753 estut
1302 3702 1418 3769 repente
1433 3698 1513 3769 spissi
1528 3699 1749 3753 coetitnslnmcn

65 3797 162 3847 contra
181 3791 263 3846 illusa
281 3790 482 3861 inceptabant,
497 3790 616 3846 dueretcs
633 3793 744 3858 :Quare
764 3794 884 3848 introisti
933 3792 1339 3861 ostensum,ant1·ndiussolis
1358 3808 1521 3862 erumpens,
1539 3797 1629 3847 totum
1649 3792 1748 3847 orhern

66 3885 884 3955 adcirmroeputinnrbabcntessstmanducasticumittis?
933 3886 1061 3943 claritate
1087 3887 1202 3958 superni
1227 3885 1344 3940 luminis
1369 3885 1534 3955 illustraret,
1557 3886 1750 3956 compleretur

68 3978 165 4033 Petras
187 3982 288 4033 antem
310 3977 435 4032 seriatim
456 3977 610 4050 explanare
631 3979 717 4049 erepit
737 3979 882 4050 quomodo
933 3984 962 4036 et
984 3981 1033 4036 illa
1059 3980 1210 4052 prophetia
1234 3996 1298 4051 quse
1321 3980 1431 4034 dixerat
1447 3997 1454 4034 :
1472 3982 1504 4034 ln
1523 3996 1626 4035 emerem
1649 3984 1749 4035 terram

64 4071 179 4145 jejunus
196 4073 289 4144 ioppe
302 4072 436 4139 oraverit,
453 4071 550 4144 ibique
571 4072 601 4127 in
619 4072 721 4128 exstasi
741 4073 882 4128 visionem
933 4078 1017 4131 seivit
1035 4090 1116 4131 sonus
1134 4090 1235 4138 concers,
1250 4080 1275 4129 et
1293 4077 1323 4128 in
1342 4076 1406 4143 fieres
1425 4075 1496 4128 orbis
1517 4079 1593 4129 terrac
1610 4074 1691 4129 uerba
1710 4090 1753 4129 co·

67 4166 169 4222 viderit
187 4181 246 4238 qun
265 4166 343 4220 Deus
364 4165 404 4221 illi
422 4166 598 4221 vocationem
621 4168 651 4220 et
669 4167 884 4223 conversionem
933 4186 994 4224 rum
1008 4170 1092 4240 (Psoi,
1106 4185 1180 4232 ιιιιιι,
1197 4170 1331 4238 53Rern.,
1345 4180 1371 4235 n,
1395 4170 1446 4238 ta).
1462 4168 1501 4222 Ex
1516 4183 1572 4240 quo
1586 4183 1638 4239 per
1651 4183 1751 4223 omnes

68 4261 197 4332 gentium
210 4274 351 4331 suamque
364 4259 581 4331 opitulationem
594 4259 841 4329 demonstraverit,
855 4266 884 4317 et
933 4263 1058 4318 civitates
1072 4278 1103 4316 ac
1118 4262 1193 4317 vicos
1207 4261 1356 4317 immensae
1370 4261 1572 4329 multitudinis,
1584 4261 1663 4315 velnt
1677 4277 1749 4316 snes-

68 4354 173 4426 reliqua
192 4369 259 4425 qnae
278 4352 454 4425 contigerint
474 4354 585 4409 sincera
605 4354 768 4410 narratione
787 4354 882 4409 mani·
934 4356 1007 4411 sium
1016 4359 1146 4427 tempore
1156 4355 1347 4411 frumentaed
1359 4371 1449 4421 areas,
1460 4354 1499 4409 ita
1511 4353 1548 4409 ad
1558 4354 1692 4409 eeclesias
1703 4371 1751 4425 pe·

66 4448 186 4503 iestarit.
198 4449 248 4504 ilis
261 4447 378 4513 aeduis,
389 4454 544 4511 tacuerunt,
555 4451 585 4502 et
597 4448 664 4518 quia
678 4449 805 4505 fraterna
816 4449 879 4504 cha·
891 4445 920 4518 D
931 4449 1259 4522 pulicongregabantur.
1269 4448 1437 4519 Quicunque
1447 4447 1689 4519 illiaparentihns
1697 4453 1750 4500 tra-

65 4542 149 4597 ritate
159 4541 319 4609 fervebant,
329 4541 417 4597 loetati
430 4546 505 4610 sunt,
517 4541 741 4614 hominumque,
752 4543 800 4615 qui
814 4560 882 4615 gen·
932 4544 998 4599 ditae
1008 4543 1059 4598 sihi
1072 4543 1209 4598 morbidae
1219 4541 1557 4614 superstitionisvinculis
1566 4540 1748 4606 tenebantur,

68 4638 107 4692 tes
124 4635 214 4692 etiam
236 4651 289 4707 per
309 4635 506 4707 penitentiam
527 4636 630 4703 salvat,
650 4638 880 4706 glorificaverunt.
933 4655 982 4710 per
995 4638 1154 4693 doctrinam
1168 4636 1270 4691 Christi
1291 4635 1375 4690 simul
1397 4641 1425 4689 et
1444 4633 1582 4689 virtutum
1603 4633 1751 4699 miracula,

66 4731 159 4800 cepres
171 4743 288 4800 quoqne
300 4733 326 4784 et
340 4727 463 4798 Cyrenai
479 4729 587 4796 fideles,
602 4729 705 4801 aliique
724 4731 816 4799 quiin
830 4733 882 4785 tri·
933 4750 997 4805 quae
1011 4732 1070 4786 lieri
1084 4731 1228 4798 videbant,
1245 4731 1381 4801 percepta
1396 4727 1474 4783 verbi
1490 4726 1540 4783 Dei
1555 4727 1668 4794 notitia,
1684 4733 1747 4783 tnn-

65 4823 203 4879 bnictione
215 4824 266 4880 sub
286 4822 424 4894 Stephano
437 4826 515 4892 sacta
529 4823 646 4893 dispersi
665 4822 784 4879 inerunt
799 4840 883 4895 usquc
933 4842 1021 4899 qnam
1032 4843 1048 4880 a
1060 4824 1213 4897 tyrannicis
1224 4821 1347 4879 dominis
1357 4822 1482 4890 liberati,
1496 4820 1532 4876 ad
1547 4838 1638 4877 unrrm
1651 4836 1751 4877 verum

62 4918 225 4982 Pbmsicesn,
245 4922 271 4973 et
291 4916 421 4988 Cyprum,
441 4922 467 4972 et
488 4918 664 4974 nuncetiam
680 4919 884 4989 perambulans·
933 4921 1022 4975 ileum
1035 4925 1063 4976 ct
1076 4918 1239 4985 Dominum,
1250 4918 1469 4987 creatoremque
1484 4932 1579 4983 suuni,
1594 4915 1696 4971 vetusti
1710 4932 1752 4969 cr·

63 5019 139 5077 runt,
154 5017 185 5069 et
199 5012 267 5068 sotis
283 5011 384 5068 iudaeis
396 5012 508 5068 nubum
522 5010 588 5067 fidei
605 5011 691 5067 locuti
705 5014 781 5067 snut.
796 5013 883 5069 Porro
933 5014 1006 5070 roris
1022 5013 1201 5085 prenitentes,
1214 5011 1293 5067 lideli
1310 5026 1375 5065 cunr
1391 5009 1570 5065 confessione
1588 5009 1752 5065 veniebant.

63 5106 187 5179 ingressi
203 5104 395 5174 Aahoehiam,
408 5104 512 5162 Graecis
528 5107 775 5161 annuntiaverunt
792 5109 882 5163 uems'-
969 5109 1105 5164 Defuncto
1119 5106 1241 5173 Tiberio,
1253 5104 1336 5160 Caius
1348 5104 1476 5175 Caligula
1490 5104 1644 5176 imperinm
1660 5118 1754 5159 susce-

62 5217 130 5257 nusn
148 5203 250 5266 lencm,
271 5200 424 5272 multusqroe
443 5215 570 5256 nunnrus
591 5200 757 5256 medentium
777 5217 883 5258 conver·
933 5204 976 5276 pit
989 5209 1017 5259 ct
1036 5220 1063 5259 ιι
1080 5201 1162 5257 annis
1176 5217 1229 5254 nec
1252 5198 1372 5270 integris
1398 5198 1553 5270 usurpavit.
1572 5199 1620 5251 llic
1638 5196 1751 5252 tardeno-

62 5311 108 5353 srcs
124 5302 166 5353 est
181 5294 220 5351 aa
236 5297 387 5352 mininam.
403 5295 461 5350 lloc
473 5292 594 5350 audiens
612 5294 737 5351 Ecclesia
756 5311 821 5367 qum
837 5298 882 5351 te·
933 5314 997 5352 rum
1012 5296 1203 5368 principatum
1218 5293 1320 5348 llerodi
1342 5292 1486 5365 Agrippae,
1506 5290 1661 5362 aristobuli
1680 5289 1751 5359 filie,

62 5390 301 5463 resclymiserat,
318 5387 485 5444 innomine
503 5389 664 5458 exsultavit,
683 5392 711 5444 et
728 5390 883 5445 barnabum
933 5391 1061 5459 tradidit,
1080 5389 1220 5460 simulque
1239 5386 1364 5459 Philippi
1383 5391 1411 5441 et
1433 5385 1561 5457 Lysaniae
1586 5384 1755 5440 tetrarchiae

62 5486 157 5541 virnm
171 5483 282 5541 honum
293 5484 555 5555 uanoqmspirna
564 5489 590 5539 ct
599 5483 652 5552 tide
664 5483 783 5554 plenum
797 5484 881 5538 misit.
933 5484 1063 5552 contulit,
1079 5481 1198 5538 llerodis
1213 5496 1327 5554 quoqne
1343 5479 1426 5551 paulo
1445 5482 1508 5551 post
1524 5477 1642 5533 addidit.
1659 5479 1754 5550 lpsnm

61 5581 115 5650 (tei
132 5594 195 5636 aaa
209 5579 342 5643 emeret,
361 5582 387 5634 et
406 5579 529 5649 qratiam
551 5579 598 5634 bei
617 5576 748 5642 uidisset,
772 5579 884 5648 paunus
934 5593 1000 5634 vero
1019 5577 1172 5644 Herodem,
1192 5576 1241 5648 qui
1262 5574 1379 5630 loannis
1402 5572 1534 5645 Baptistae
1557 5572 1635 5626 necis
1655 5575 1755 5628 auctor

62 5681 113 5740 est,
135 5678 168 5731 et
185 5671 353 5730 confortatis
374 5670 519 5743 omnibns,
536 5671 664 5741 Tarsum,
687 5674 721 5727 ut
740 5674 885 5745 quaereret
934 5672 1090 5743 exstiterat,
1106 5672 1149 5728 vel
1168 5670 1198 5726 in
1213 5669 1344 5743 passione
1363 5666 1478 5723 Domini
1498 5666 1687 5722 subsannator
1707 5667 1754 5722 in·

62 5768 197 5841 Sunium
205 5767 353 5843 proiectus
363 5773 417 5825 est.
430 5767 499 5827 lade
508 5766 594 5827 simul
603 5766 691 5825 ambo
703 5766 884 5825 Andmhnm
934 5766 1083 5839 terruerat,
1099 5764 1200 5823 meltis
1211 5760 1410 5824 excruciatum
1420 5759 1533 5836 modas,
1543 5756 1769 5818 sternentis·
