3750 6046
11 1275 14 1282 ’
95 1278 97 1282 ⁴
151 1285 231 1342 tione
243 1285 382 1353 fidelium,
396 1302 446 1340 seu
465 1285 527 1340 aliis
541 1285 627 1356 justis
643 1284 744 1355 modis,
760 1287 817 1341 Deo
833 1285 966 1357 propitio,

159 214 228 273 {075
826 220 999 278 anastasii
1018 221 1050 279 iv
1071 221 1168 277 PAPAE
1774 221 1833 276 loli

158 343 290 417 cipimus,
308 348 336 398 et
358 344 507 416 praesentis
525 343 622 417 scripti
645 344 791 417 privilegio
813 346 971 401 communi·
981 362 1011 436 Α
1056 347 1115 418 ligo
1128 346 1253 401 loannes
1266 345 1359 418 presb.
1374 345 1452 401 card.
1472 348 1505 400 u.
1526 347 1553 402 S.
1575 343 1690 401 ltartini
1704 345 1736 399 in
1750 345 1832 402 tlonte

154 454 229 494 mus.
250 437 322 503 Quia
343 454 409 495 vero
432 440 602 495 canonicum
624 439 753 494 ordinem
774 438 922 494 observare
943 446 971 496 et
1022 458 1059 496 ss.

156 531 313 588 secundum
327 533 405 588 Beati
415 532 564 605 Augustini
578 533 717 604 Regulam
733 531 826 588 vivere
841 532 969 588 devovis-
1056 537 1115 606 Ego
1128 534 1218 591 Gnido
1232 533 1307 606 diae.
1322 535 1398 590 card.
1416 534 1444 591 S.
1459 533 1551 590 llariae
1561 534 1591 588 in
1603 533 1722 590 Porliou
1736 549 1772 588 ss.

155 625 203 697 tis,
222 626 295 681 votis
312 627 412 681 vestris
425 626 547 683 libenter
560 626 722 693 annuimus,
736 632 765 682 el
782 626 875 698 ipsum
891 628 968 682 ordi·
1056 631 1115 701 Ego
1130 629 1191 684 Odo
1210 628 1282 684 diae.
1302 628 1378 683 card.
1403 629 1430 684 S.
1454 627 1560 684 Nicolai
1579 627 1611 682 in
1631 629 1754 684 carcere
1775 627 1830 683 Tul·

154 736 225 776 nem
239 720 268 776 in
282 720 383 776 eadem
396 721 518 777 Ecclesia
531 720 676 792 perpetuis
689 721 868 792 temporibus
877 720 968 776 invio·
1019 721 1097 778 liano
1114 740 1151 778 ss.

154 814 279 872 labiliter
303 831 470 888 permanere
496 814 649 886 apostolica
679 814 848 871 anctoritate
879 815 969 870 sanci·
1054 819 1157 872 Datum
1182 816 1519 888 Laterani,permanum
1544 814 1668 872 Rolandi
1693 815 1723 870 S.
1749 815 1782 871 R.
1802 817 1827 871 ll.

152 925 218 966 mus
232 929 240 965 ε
256 912 412 966 statuentes
425 915 458 964 ut
476 925 660 981 quascunque
680 909 880 980 possessiones,
894 927 969 982 quae-
1006 911 1114 984 presb.
1133 910 1211 966 card.
1226 917 1255 966 el
1270 911 1432 967 cancellarii
1457 909 1523 982 (ib),
1547 927 1574 966 vi
1597 909 1663 965 Kal.
1687 908 1775 979 lunii,
1789 910 1827 964 in-

153 1020 267 1076 cunque
280 1007 359 1059 bona
371 1003 475 1060 eadem
494 1004 613 1059 ecclesia
628 1003 877 1074 inpraesentiarum
891 1004 968 1074 juste
1018 1005 1139 1062 dictione
1170 1021 1204 1073 ii,
1238 1005 1439 1060 lucariiationis
1471 1004 1628 1060 Dominicis
1653 1019 1731 1059 anno
1757 1005 1826 1059 liti.

153 1104 182 1154 et
205 1097 339 1153 canonice
359 1098 493 1168 possidet,
509 1100 558 1152 aut
579 1097 608 1151 in
629 1096 760 1152 futurum
784 1098 967 1153 concessione
1018 1098 1202 1154 Pontificatus
1216 1114 1281 1153 vero
1294 1098 1324 1153 D.
1338 1097 1479 1155 unasusii
1494 1113 1567 1171 papa
1581 1098 1623 1166 lV,
1637 1113 1717 1153 anno
1735 1096 1825 1169 primo.

154 1191 335 1264 pontificum,
357 1191 505 1263 largitione
519 1207 620 1263 regum
633 1191 676 1246 vel
696 1191 873 1264 principum,
894 1192 968 1247 obla·
1380 1215 1475 1271 LXXX·

945 1379 950 1390 .
1017 1328 1063 1388 Au
1078 1329 1197 1386 iliricum
1213 1329 1367 1399 episcopum
1383 1333 1409 1383 et
1422 1330 1564 1383 cononicus
1578 1328 1708 1384 Ecclesia
1720 1327 1825 1382 llollcr

11 1376 14 1383 ’
36 1416 41 1425 .
150 1378 258 1451 poterit
276 1379 404 1452 adipisci,
422 1379 505 1434 lirina
524 1379 603 1434 vobis
623 1379 780 1451 vestrisque
798 1395 967 1435 successori·
1353 1409 1496 1465 swam,

150 1472 204 1529 bus
218 1478 248 1528 el
258 1472 367 1529 illibata
379 1477 569 1545 permaneant
583 1472 650 1546 (il).
1148 1503 1264 1572 fflomae,
1280 1503 1357 1574 apud
1370 1503 1396 1559 s¹
1415 1504 1540 1571 petrum,
1556 1504 1621 1558 Jun,
1640 1501 1699 1573 ll.)

187 1569 301 1623 Partem
312 1583 426 1639 quoque
437 1567 614 1622 decimarum
624 1567 659 1623 de
668 1567 847 1639 parochianis
855 1567 965 1635 vestris,
1126 1596 1296 1670 [Leuekselq
1313 1599 1451 1668 miqui,
1467 1597 1634 1661 heldenses,
1648 1597 1728 1667 m]

151 1678 216 1734 quie
237 1661 394 1716 secundum
417 1676 508 1716 sacros
532 1677 656 1716 canones
680 1664 709 1715 et
733 1664 893 1716 sanctorum
914 1663 965 1717 Pa-

150 1760 229 1811 trum
250 1755 466 1810 constitutiones
489 1749 611 1810 vestram
634 1754 776 1826 contingit
800 1745 1136 1859 eeclesiam,Bnerabili
1149 1803 1230 1858 fratri
1248 1805 1349 1860 Um
1368 1804 1512 1875 episcopo,
1530 1809 1558 1858 θι
1576 1802 1690 1858 dilectis
1711 1801 1776 1857 filiis
1792 1818 1827 1856 ea·

149 1848 228 1905 vobis
242 1848 427 1904 nihilominus
439 1848 648 1904 confirmamus.
662 1848 809 1904 addentes
821 1849 910 1904 etiam
925 1848 967 1902 in·
1078 1897 1110 1908 ,.
1360 1898 1366 1908 ,
1409 1899 1417 1916 1
1495 1896 1500 1907 .

148 1943 315 2000 terdicimus
329 1943 440 2014 nequis
454 1943 484 1998 in
496 1943 559 2015 ipsa
573 1943 690 1998 eeclesia
702 1942 831 2014 qnalibet
844 1942 965 2014 subrep-
1015 1896 1382 2047 Εὲἒὲῗὲῗὲἰῖᾟῗέθῖω
1397 1897 1537 1967 Ecclefflae’
1549 1898 1674 1952 mmm
1688 1903 1717 1952 et
1729 1900 1828 1968 ⁸9⁰³&

148 2036 236 2092 tionis
251 2037 364 2106 astutia,
384 2037 428 2092 vel
443 2035 578 2092 violentia
594 2041 786 2108 praeponatur,
803 2036 859 2091 nisi
879 2052 966 2109 quem

148 2132 252 2187 fratres
276 2130 364 2203 ipsius
388 2130 441 2186 loci
467 2130 665 2198 communiter,
689 2130 732 2184 vel
758 2146 824 2201 pars
849 2129 966 2185 sanioris

149 2224 261 2280 consilii
280 2223 414 2280 canonice
434 2223 610 2295 providerint
630 2223 806 2295 eligendum.
830 2222 965 2294 Sepultu-

148 2335 211 2373 ram
233 2334 301 2374 sane
324 2318 413 2389 ipsius
436 2318 489 2372 loci
515 2318 637 2373 liberam
664 2335 725 2372 esse
752 2318 904 2385 sancimus,
935 2323 966 2373 ut

150 2428 248 2467 eorum
262 2412 312 2482 qui
330 2428 360 2466 se
378 2412 434 2467 illic
452 2410 564 2483 sepeliri
584 2411 803 2467 deliberaverint
821 2411 966 2467 devotioni
1015 2367 1200 2472 §mmmm
1216 2385 1246 2422 ¹⁰
1260 2367 1332 2436 Μ’
1350 2385 1398 2439 ‘1⁰¹
1414 2367 1563 2424 slanstede
1576 2373 1708 2438 meam*
1731 2386 1830 2442 ΨΜ

149 2509 178 2561 et
190 2511 324 2561 extremae
337 2505 483 2572 voluntati,
499 2505 552 2560 nisi
566 2506 639 2560 torte
653 2506 901 2573 excommunicati,
918 2505 964 2559 vel
1015 2477 1128 2516 ⁵¹⁰⁰em
1154 2461 1305 2532 quamdam
1329 2478 1359 2516 ¹¹¹
1378 2462 1485 2534 ³y¹¹⁰d⁰
1507 2463 1685 2518 Balbemmd·
1707 2464 1735 2518 εἰ
1759 2465 1830 2537 “dju'

151 2599 157 2611 .
247 2599 251 2609 .
285 2599 290 2609 .
323 2599 328 2609 .
557 2599 562 2609 .
859 2599 864 2609 .
917 2599 944 2610 ..
1016 2554 1139 2611 dicatam
1172 2555 1303 2624 obtinuit,
1336 2573 1393 2628 qua
1420 2557 1507 2628 longo
1535 2561 1668 2629 tempore
1699 2558 1830 2614 violenter

148 2599 292 2655 interdicti
308 2602 374 2667 sint,
392 2598 486 2654 nullus
503 2598 631 2668 obsistat,
647 2600 837 2654 salvatamen
854 2602 965 2670 Justitia
1081 2649 1085 2658 .
1183 2649 1187 2658 .
1316 2649 1321 2660 ‚
1364 2650 1368 2660 ,
1394 2651 1399 2661 ,
1467 2651 1472 2661 ,
1499 2651 1504 2662 ,

148 2693 247 2749 matris
268 2693 403 2748 ecclesiae.
424 2693 544 2750 Clericos
563 2709 630 2747 vero
652 2709 702 2747 seu
722 2693 808 2749 laicos
829 2692 965 2748 liberoso
1014 2649 1101 2705 fuera
1119 2649 1245 2721 mnam
1269 2649 1340 2714 ΟΜ
1362 2654 1451 2721 ¹g¹lur
1464 2655 1604 2721 “qustum
1626 2656 1682 2720 ἤι’
1706 2655 1742 2708 nt
1761 2671 1828 2726 μεθ’

149 2787 252 2842 saeculo
272 2787 412 2858 fugientes
432 2786 513 2841 liceat
531 2785 609 2841 vobis
627 2786 689 2840 sine
711 2786 830 2857 alicujus
850 2790 963 2842 contra·
1016 2742 1091 2798 dieta
1110 2742 1227 2798 6001θὸἰᾶ
1247 2760 1333 2815 super
1353 2744 1406 2799 ¹¹⁰⁰
1427 2745 1461 2800 de
1479 2749 1582 2800 mntem
1601 2745 1763 2817 infesmur'
1786 2765 1830 2820 W

148 2881 282 2948 dictione,
304 2880 340 2935 ad
361 2880 580 2936 conversionem
602 2880 757 2951 suscipere.
780 2880 965 2935 Prohibemus
1014 2840 1167 2942 pfaesffnpff
1195 2838 1275 2941 ΨΒ
1301 2843 1405 2943 scripta
1432 2839 1615 2946 mandamuf'
1643 2847 1788 2946 qufmmus
1811 2860 1829 2896 ⁵¹

147 2980 255 3041 autem,
270 2979 303 3029 ut
323 2974 394 3029 nulli
415 2974 537 3028 fratrum
560 2980 623 3044 post
643 2974 746 3029 factam
768 2975 797 3028 in
820 2975 882 3029 10⁰⁰
904 2974 964 3045 ipso
1015 2930 1105 3001 aliqui
1126 2934 1272 3001 injustitiae
1287 2932 1405 2989 forsitan
1427 2939 1570 2990 amatores
1580 2951 1642 3005 Jam
1665 2936 1775 2992 dictam
1789 2955 1828 2992 ec-

147 3068 354 3140 proiessionem
366 3068 472 3140 absque
487 3067 577 3139 priori
588 3068 703 3123 licentia
713 3068 756 3122 ias
766 3067 802 3123 sil
811 3074 918 3124 temere
928 3069 963 3124 de

148 3163 269 3217 claustro
295 3161 450 3216 discedere.
475 3162 673 3216 Discedenlem
697 3178 780 3229 vero,
805 3161 865 3217 sine
890 3178 964 3217 com·

152 3257 234 3311 muni
248 3256 408 3311 litterarum
421 3255 551 3311 cautione
565 3255 660 3310 nullus
674 3256 778 3311 audeat
792 3255 927 3311 retinere.
1062 3306 1067 3316 ,
1101 3307 1105 3316 ,
1138 3306 1143 3316 ,
1351 3309 1356 3320 ,
1516 3311 1520 3321 ,
1662 3314 1667 3324 ,

186 3350 371 3405 ”mamimus
385 3366 465 3421 ergo,
481 3355 510 3405 ut
529 3350 599 3404 nulli
620 3350 736 3405 omnino
757 3350 909 3405 hominum
929 3349 963 3405 li·
1014 3306 1121 3363 facialis
1136 3324 1227 3379 ipsam
1239 3325 1447 3379 possessionem
1459 3312 1577 3382 pacifice
1592 3313 1756 3384 possidere.

148 3446 212 3501 caat
233 3444 381 3516 praefatam
404 3444 553 3500 ecclesiam
575 3447 685 3499 temero
704 3444 884 3516 perturbare,
914 3450 963 3499 aut
1051 3402 1122 3457 Dm
1136 3403 1242 3472 R⁰mae'
1256 3403 1479 3475 apadsancmm
1493 3407 1621 3478 Pam
1636 3410 1829 3468 mmmm·

147 3538 210 3609 ejus
225 3538 413 3609 possessiones
426 3538 551 3607 auferre,
567 3539 610 3593 vel
631 3537 739 3593 ablatas
754 3538 889 3607 retinere,
908 3537 963 3594 mi·
1015 3495 1092 3551 '⁰¹¹¹'

146 3648 246 3701 nuere,
262 3635 313 3687 aiil
332 3632 474 3706 aliquibus
495 3632 641 3687 molestiiis
659 3632 792 3702 fatigare,
809 3648 860 3687 nec
875 3632 964 3703 ipsius

147 3725 274 3781 ecclesiae
288 3725 480 3796 parochianos
495 3725 593 3780 illicite
609 3725 752 3796 suscipere
767 3725 811 3779 vel
830 3726 962 3781 relinere.
1371 3709 1478 3764 ΜΠ·

87 3881 90 3885 ,
146 3812 200 3876 Sed
216 3820 312 3874 omnia
324 3819 438 3890 integra
448 3822 652 3874 conserventur
662 3834 763 3874 eorum
777 3835 829 3890 pro
840 3835 962 3891 quorum
1014 3815 1155 3886 Hospitate
1167 3816 1355 3888 Altipusscuse
1368 3823 1498 3877 tuendum
1512 3826 1625 3894 susupu
1638 3825 1751 3897 ejsuque
1766 3828 1831 3882 bona

148 3913 355 3984 gubernatione
377 3930 410 3967 ae
428 3913 636 3967 sustentatione
659 3929 793 3968 concessa
815 3919 890 3981 sunt,
908 3916 963 3968 usi·
1246 3905 1271 3953 ⁶⁸
1286 3900 1432 3969 priuilegio
1447 3906 1598 3972 ⁰0²²fiimiti·

147 4007 201 4062 bus
228 4006 399 4060 omnimodis
424 4006 582 4076 protutura,
607 4007 682 4061 salva
704 4006 781 4061 sedis
803 4009 964 4078 apostolicae
1074 3990 1193 4060 (stilfflfflv
1208 3992 1284 4063 ⁸9³⁶
1299 3992 1328 4048 3·
1343 3994 1461 4050 Mariam
1474 3997 1650 4067 R⁰i¹1¹¹d³mi
1665 4002 1721 4057 ³¹¹¹·
1738 4003 1779 4075 3·)

145 4097 313 4154 anctoritate
325 4102 354 4154 et
367 4098 519 4155 dioecesani
543 4100 667 4173 episcopi
687 4103 821 4155 canonica
839 4101 962 4172 justitia.
1015 4092 1524 4169 [1lfem07500d00umtttidilpritit⁰·
1542 4103 1665 4167 Mittit»
1683 4106 1728 4174 iv,
1745 4123 1767 4176 ¹,
1779 4106 1831 4176 ²52]

184 4190 212 4246 Si
226 4209 283 4263 qua
295 4192 393 4264 igitur,
410 4199 464 4249 etc.
1049 4206 1218 4262 Auisrisins
1229 4207 1388 4281 episcopus,
1402 4227 1497 4266 servus
1511 4228 1660 4270 servorum
1675 4216 1738 4284 Dei,
1753 4218 1831 4274 dilec-

183 4287 243 4358 Ego
258 4287 421 4342 Anastasius
441 4288 588 4343 catholicin
607 4287 736 4343 Ecclesiae
757 4289 905 4361 episcopus
925 4306 963 4345 ss.
1014 4296 1050 4352 lis
1062 4297 1127 4353 tiliis
1139 4299 1253 4356 Guiooui
1272 4304 1374 4359 rectori
1387 4304 1535 4377 hospitalis
1548 4307 1696 4381 altipassi,
1713 4312 1831 4386 ejusque

184 4382 243 4452 Ego
257 4381 366 4437 lmarus
380 4381 596 4437 fusculanensis
609 4380 758 4454 episcopus
774 4400 810 4436 ss.
1015 4390 1151 4448 iratribus
1164 4399 1221 4449 tum
1235 4397 1422 4467 praesentibus
1437 4416 1523 4471 quem
1539 4402 1655 4469 suturis,
1670 4405 1769 4462 divino
1782 4407 1831 4462 'ibi-

185 4477 244 4547 Ego
259 4477 319 4547 Ugo
333 4475 470 4532 Ostiensis
482 4475 631 4547 episcopus
644 4493 679 4530 ss.
973 4486 1080 4569 Ddem
1091 4487 1203 4543 servitio
1219 4491 1396 4561 mancipetis,
1412 4493 1442 4548 in
1457 4502 1638 4566 perpetuum.

185 4571 244 4641 Ego
259 4569 379 4625 Ceneius
389 4569 553 4625 Portuensis
567 4569 716 4641 episcopus
727 4574 754 4625 el
765 4570 794 4626 S.
807 4569 915 4627 uonna
926 4587 962 4627 ss.
1051 4580 1199 4653 Religiosis
1216 4583 1361 4640 desideriis
1376 4587 1495 4659 dignum
1514 4596 1556 4645 est
1571 4589 1689 4648 facilem
1705 4598 1831 4667 praebere

183 4665 242 4734 Ego
254 4663 395 4718 Guarinus
410 4663 600 4718 Praenestinus
614 4662 761 4734 episcopus
776 4681 811 4718 ss.
1015 4688 1184 4729 consensum
1204 4682 1236 4730 ul
1257 4676 1384 4733 fidelium
1413 4680 1524 4738 devotio
1550 4684 1677 4742 celerem
1700 4689 1833 4745 sortiatur

186 4758 244 4827 Ego
255 4759 299 4812 W.
316 4756 409 4828 presb.
424 4757 500 4812 eard.
514 4760 546 4811 u.
563 4756 658 4813 Calisti
671 4773 708 4812 ss.
1016 4765 1159 4822 etleotuin.
1175 4770 1342 4842 Eapropter,
1357 4773 1450 4830 dilecti
1463 4776 1493 4830 in
1504 4778 1628 4835 Domino
1648 4782 1710 4850 lilii,
1735 4785 1830 4840 vestris

184 4853 243 4922 Ego
257 4850 348 4906 Guido
364 4851 457 4922 presb.
472 4851 546 4905 card.
562 4853 593 4906 u.
609 4851 637 4907 S.
650 4851 826 4924 Chrysogoni
840 4870 875 4907 ss.
1012 4860 1096 4932 justis
1109 4864 1344 4934 postulationibus
1363 4869 1519 4926 elementer
1530 4874 1697 4944 annuimus,
1715 4883 1746 4933 et
1758 4896 1829 4950 prae·

183 4947 243 5017 Ego
268 4944 402 5000 Giraidus
428 4943 523 5016 presb.
551 4945 626 5000 card.
656 4948 689 5000 u.
718 4946 744 5001 S.
774 4946 912 5018 Slephani
936 4947 965 5003 in
1015 4954 1106 5009 iatum
1116 4955 1265 5029 hospitale,
1278 4961 1306 5014 in
1321 4977 1377 5033 quo
1391 4962 1485 5019 divino
1501 4967 1658 5040 mancipati
1674 4972 1744 5027 estis
1756 4974 1831 5029 obse·

148 5040 236 5095 Coelio
250 5045 349 5094 monte
365 5055 401 5093 ss.
443 5060 447 5069 ·
1016 5050 1093 5119 quio,
1113 5050 1148 5104 ad
1167 5054 1316 5124 exemplar
1334 5057 1551 5127 praedecessoris
1565 5063 1656 5117 nostri
1669 5064 1764 5122 felicis
1778 5085 1833 5123 me·

185 5136 244 5206 Ego
259 5132 428 5189 Octavianus
441 5132 535 5205 presb.
551 5133 628 5189 card.
644 5138 677 5190 u.
692 5135 720 5191 S.
734 5135 854 5191 Caciliae
867 5152 903 5192 ss.
1017 5142 1117 5198 moriae
1132 5145 1253 5216 Eugenii
1265 5164 1349 5220 papae
1363 5149 1415 5205 sub
1430 5150 1507 5206 beati
1520 5154 1596 5209 l‘etri
1608 5163 1636 5211 et
1654 5165 1753 5216 nostra
1767 5179 1830 5233 pro·

184 5229 244 5300 Ego
259 5227 347 5282 lulius
362 5227 456 5298 presb.
472 5228 548 5283 card.
564 5232 596 5282 tt.
612 5228 640 5284 S.
657 5228 778 5284 llarcelli
791 5246 827 5284 ss.
1017 5235 1142 5292 tectione
1164 5239 1333 5312 suscipimus
1349 5247 1378 5298 et
1395 5248 1544 5314 praesentis
1564 5250 1665 5321 scripti
1682 5253 1830 5328 privilegio

185 5323 244 5393 Ego
260 5321 419 5377 Beriiardus
433 5321 528 5394 presb.
543 5322 619 5377 card.
635 5327 666 5379 u.
681 5323 710 5379 S.
726 5323 929 5407 Clementisss.
1017 5331 1246 5403 communimus,
1272 5339 1427 5393 statuentes
1453 5344 1484 5394 iit
1510 5358 1699 5418 quascunque
1723 5364 1830 5421 posses·

183 5416 243 5487 Ego
263 5415 400 5470 llenricus
421 5412 514 5486 presb.
538 5416 615 5473 card.
639 5419 670 5472 u.
696 5417 864 5474 Sanctorum
885 5420 967 5476 Nerei
1017 5423 1121 5494 siones,
1136 5442 1316 5502 quacunque
1329 5431 1402 5488 bona
1416 5433 1496 5491 idem
1509 5435 1649 5509 hospitale
1662 5440 1692 5497 in
1706 5459 1828 5515 praesen·

150 5509 180 5568 S.
195 5507 313 5565 Achillei
326 5525 363 5564 ss.
1018 5517 1123 5573 tiorum
1133 5518 1209 5591 juste
1228 5527 1257 5578 et
1270 5525 1404 5583 canonice
1422 5529 1555 5603 possidet,
1578 5538 1629 5589 eut
1650 5534 1681 5592 in
1703 5536 1828 5595 futurum

1052 1715 1219 1767 duisrisins
1241 1709 1400 1782 episeopus,
1421 1725 1517 1764 servus
1538 1724 1687 1765 servorum
1709 1708 1769 1775 Dei,
1788 1725 1826 1762 ve-

1053 2085 1122 2151 Quei
1137 2085 1304 2141 canonicato
1319 2085 1428 2157 judicio
1445 2085 1531 2140 alicui
1549 2084 1677 2141 ccclesiae
1696 2087 1741 2140 est
1759 2085 1830 2157 adju·

1016 2180 1108 2235 dicata
1122 2179 1270 2252 possessio,
1285 2185 1315 2235 et
1331 2178 1416 2236 debet
1428 2179 1487 2235 sine
1501 2179 1594 2251 aliqua
1607 2179 1829 2236 contradictione

1015 2274 1148 2345 relinqui.
1173 2274 1303 2329 Pervenit
1328 2273 1443 2346 quidem
1467 2275 1502 2330 ad
1524 2289 1592 2345 nos,
1613 2273 1693 2346 quod
1715 2274 1830 2359 Ecclesia

1015 3024 1128 3079 alesiam
1144 3042 1194 3096 pro
1210 3026 1312 3080 eadem
1328 3028 1508 3099 possessione
1521 3028 1681 3101 inquietare
1700 3032 1828 3087 decreve-

973 3118 1081 3198 Crint,
1102 3135 1151 3173 vos
1165 3119 1200 3173 ab
1216 3120 1346 3190 ipsorum
1364 3121 1545 3179 infestatione
1567 3127 1768 3181 memoratam
1790 3144 1829 3182 ec·

1016 3212 1130 3268 clesiam
1149 3230 1199 3284 pro
1213 3213 1310 3269 debito
1325 3216 1411 3271 vestri
1426 3215 1510 3272 officii
1530 3217 1705 3288 defendatis,
1724 3226 1753 3276 et
1773 3238 1829 3277 eam

1098 3590 1145 3646 SS.
1166 3592 1280 3648 Parius.
1301 3593 1417 3650 Pinnos.
1437 3599 1603 3654 Asisrasius
1623 3615 1650 3654 iv
1671 3615 1753 3657 ries.

159 5693 281 5759 (idei'c
295 5693 404 5748 desinit
424 5697 678 5766 Morzagrugnius;
697 5699 749 5767 qui
770 5700 912 5771 reliquam
931 5701 1095 5774 diplomatis
1105 5707 1217 5775 partem
1224 5708 1413 5777 pretermisit.

136 5764 197 5834 (15)
204 5765 268 5831 Hie
276 5771 385 5836 posteo
403 5771 460 5827 tui't
470 5772 644 5831 Alexander
654 5789 733 5848 pepe
744 5775 794 5832 lll.
