3750 6046
62 236 109 302 ait

483 230 641 299 ntsrotua
660 229 925 299 metastasnua.
939 266 974 279 -
990 232 1077 295 ratas
1098 228 1144 294 ιιι.
1159 266 1194 279 -
1209 227 1273 295 tle.
1289 226 1320 294 tr.

1694 226 1746 292 re
1822 186 1828 193 ’

57 374 124 437 dite,
144 377 170 428 et
184 388 246 427 cnm
263 372 411 427 mcessario
431 374 520 443 ripere
539 387 629 428 omnes
648 372 707 426 illic
725 370 763 426 ad
777 370 949 451 prrcemAct
963 366 1064 422 t‘lrristi
1079 370 1186 435 carent,
1204 381 1255 422 nec
1269 364 1372 422 ludaeis
1393 382 1446 422 nec
1463 365 1627 424 Christianis
1643 364 1740 420 adhro-
1824 434 1827 439 Ι

57 472 190 538 macete3
212 468 268 530 sert,
290 475 425 539 quantum
440 469 593 538 potueritis,
616 468 650 522 ab
671 465 797 536 effusione
810 482 875 523 sarn-

55 565 150 633 quinis
167 577 265 619 munus
281 549 384 619 oestrus
398 563 525 618 cobibete.
548 562 747 618 Prouidentiam
761 566 787 618 et
804 564 875 631 repi-

55 674 117 714 men
130 657 228 714 bonam
244 673 303 729 qua
318 656 387 719 dico,
405 657 465 721 tibi,
481 656 586 712 domine
600 654 767 722 buamunde,
782 657 830 727 qui
848 657 877 711 in

52 753 185 824 pluribus
210 756 335 823 emotus
357 766 393 815 es,
418 751 581 814 cornmendo,
608 751 687 820 cujus
708 752 877 805 mulieritatis

55 852 81 902 et
96 862 191 903 seusus
202 847 263 902 tersas
280 850 320 901 est
333 848 362 901 in
382 845 443 901 orbe
458 847 592 901 uniuerso.
614 845 716 901 Amodo
733 846 877 915 insepara-

55 941 120 996 bilis
137 947 229 997 oestro
246 955 321 997 soror
335 956 389 1003 ero,
409 944 434 994 et
454 940 518 995 tata
533 954 579 994 seu
596 941 686 994 tristia
698 938 833 994 nobiscum
846 939 876 992 in

53 1035 110 1106 fide
122 1037 233 1091 Domini
244 1036 306 1090 lesu
320 1034 423 1091 Christi
434 1034 580 1090 sustinebo.

92 1139 226 1196 Gaudeus
251 1138 340 1211 igitur
369 1138 555 1196 buamundus
582 1137 783 1193 Dalimanaum
811 1151 876 1191 cum

55 1234 116 1290 suis
131 1232 264 1289 omnibus
279 1233 308 1288 in
324 1232 451 1305 quadam
465 1248 579 1287 camera
595 1231 736 1287 violenter
750 1229 875 1297 intrusit,

55 1329 211 1401 ipsumque
242 1327 335 1384 cubile
364 1327 481 1382 armatis
512 1325 679 1381 custodibus
710 1324 874 1395 assignavit.

55 1422 167 1478 Deinde
183 1422 253 1477 alios
268 1421 373 1476 milites
389 1437 440 1492 per
459 1420 569 1476 diversa
589 1418 700 1486 locavit,
717 1423 745 1474 et
764 1419 874 1474 unicui·

56 1534 116 1591 que
130 1516 200 1590 quid
215 1532 301 1588 agere
318 1514 435 1571 deberet
451 1513 611 1582 insinuavit,
627 1518 713 1586 atquc
736 1512 775 1568 sic
796 1511 874 1585 prin·

56 1611 149 1683 cipale
163 1609 310 1682 palatium,
323 1625 389 1664 cum
403 1608 536 1664 omnibus
550 1607 720 1663 intrinsecus
736 1606 874 1662 constitu-

57 1706 107 1774 tis,
130 1705 191 1761 lere
210 1721 245 1758 xv
263 1702 363 1758 diebus
385 1701 563 1773 gubernavit.
588 1702 696 1757 Uxores
721 1716 821 1755 eorum
847 1703 877 1754 ct

56 1798 244 1872 pedissequas
261 1800 290 1853 el
307 1797 429 1853 inermes
444 1796 590 1852 eunivchos
608 1795 738 1867 permisit
758 1794 876 1862 intrare,

57 1894 158 1965 eisque
174 1891 303 1948 ciborum
317 1890 507 1947 sufficientem
521 1893 701 1962 apparatum,
715 1895 743 1944 et
755 1888 878 1944 aliorum

59 2003 125 2060 quaa
150 1985 309 2042 necessaria
336 1988 429 2052 erant,
455 1983 667 2039 administrare.
695 1981 878 2038 llutimnnuus

57 2080 203 2153 ingemuit
222 2078 355 2151 graviter,
371 2077 447 2150 quod
469 2078 572 2132 domus
592 2094 643 2132 sua
668 2075 721 2131 sibi
743 2077 815 2131 lacta
836 2081 879 2130 est

58 2190 166 2242 carcer,
188 2177 217 2229 ct
235 2173 294 2228 lilia
309 2189 360 2227 sua
378 2188 486 2239 censor,
505 2187 572 2226 enm
591 2169 790 2243 constringens
805 2169 877 2225 aeri-

58 2274 113 2324 ter.
139 2266 219 2324 Unde
243 2267 450 2332 ldahometem,
479 2265 570 2320 Derim
596 2281 698 2331 saraim,
727 2263 877 2319 maledice·

59 2362 110 2419 bat
130 2362 258 2428 sortiter,
281 2366 309 2416 et
332 2377 431 2415 omnes
453 2359 574 2428 aulicos,
598 2358 786 2431 hominesque
813 2374 878 2412 suos

59 2459 147 2529 atque
173 2455 401 2511 commilitaneos
425 2452 633 2509 condemnabat
657 2450 877 2519 exsecrabiliter,

60 2549 112 2623 qni
128 2566 194 2605 eum
210 2549 239 2604 in
253 2549 348 2604 medio
369 2547 451 2620 regui
468 2547 512 2602 sui
530 2547 689 2602 sinebanta
704 2545 799 2618 paucis
812 2562 877 2617 cap·

60 2643 136 2711 tivis,
150 2642 323 2714 advenisque
345 2640 457 2697 tractari
478 2640 689 2696 miserabiliter.
704 2638 805 2695 Inclusi
827 2637 877 2693 ba-

926 465 1002 516 rent.

926 601 1015 659 xxru.
1037 602 1124 657 uena
1146 603 1177 671 n
1201 601 1358 656 correnum
1376 607 1402 656 er
1421 617 1481 656 eum
1500 603 1602 671 noceo
1622 601 1678 670 uu
1692 602 1743 658 nr·
1827 582 1830 587 ’

962 684 1059 739 ebrardi
1072 684 1105 738 de
1121 684 1280 753 Principale
1299 682 1449 739 boemundi
1464 685 1668 752 mmrmpuineo,
1682 698 1740 737 mn·

965 765 1089 818 trimonio
1104 763 1285 834 corparnpitur.

962 892 1070 946 interea
1092 888 1276 944 Buamundus
1298 889 1466 961 frequenter
1488 904 1554 945 cum
1579 889 1746 944 ttulimaano
1774 947 1778 961 ,

925 983 1109 1055 loquebatur,
1125 986 1155 1038 et
1166 982 1324 1054 affabiliter,
1342 987 1373 1038 ιιι
1384 990 1450 1039 erat
1466 984 1582 1055 sapiens
1598 988 1626 1038 et
1640 983 1749 1038 modes·
1851 970 1854 975 ’

927 1080 981 1143 tus,
1001 1077 1026 1131 ei
1046 1076 1248 1144 famulabatur,
1271 1079 1300 1132 et
1325 1093 1376 1149 pro
1404 1077 1554 1148 refrigerio
1580 1076 1747 1144 multorum,
1847 1136 1850 1141 ,

926 1186 999 1243 quos
1014 1170 1090 1226 idam
1106 1173 1243 1242 tyrannus
1256 1171 1342 1226 nimis
1357 1171 1525 1243 opprimere·
1537 1174 1659 1242 poterat,
1676 1185 1744 1226 con·

925 1264 1075 1321 venientar
1093 1263 1273 1321 adulabatur.
1294 1264 1441 1336 obsequiis
1459 1270 1488 1320 et
1506 1264 1636 1320 dulcibus
1654 1263 1749 1319 verbis

926 1364 984 1416 tam
1002 1360 1094 1430 ipsum
1114 1374 1199 1430 quam
1216 1374 1317 1413 omncs
1337 1357 1463 1430 quicum
1480 1358 1540 1430 ipso
1560 1362 1651 1425 erant,
1674 1357 1746 1414 deli·

926 1453 1007 1521 nivit,
1030 1458 1059 1507 ct
1078 1451 1215 1506 modestae
1237 1452 1461 1507 conversationis
1483 1453 1633 1508 sedulitate
1653 1451 1746 1507 adsui

925 1562 1053 1602 amorem
1080 1544 1179 1600 illexit.
1205 1545 1345 1600 Paulatim
1372 1545 1559 1617 provinciales
1586 1545 1692 1601 tribuni
1718 1547 1748 1602 et

925 1640 1079 1712 optimates
1092 1640 1285 1711 cognitionem
1306 1639 1373 1695 nori
1394 1639 1509 1695 rectoris
1531 1638 1706 1708 ediscebant,
1721 1644 1750 1695 ct

887 1739 1076 1819 Bexlernum
1099 1733 1270 1807 principem,
1291 1733 1407 1805 genuini
1431 1732 1566 1805 principis
1593 1733 1636 1788 sui
1661 1731 1752 1788 domi·

930 1846 1009 1897 nram,
1034 1829 1172 1901 speculari
1196 1844 1379 1898 summopere
1403 1826 1604 1898 quaritabant,
1629 1826 1748 1898 ejusque

928 1923 1068 1995 permissu
1082 1940 1146 1978 oum
1160 1923 1277 1978 domino
1290 1938 1342 1977 suo
1355 1920 1583 2005 confabulantes,
1598 1920 1691 1992 ipsum
1708 1934 1750 1975 sa-
1849 1996 1852 2001 ι

929 2017 965 2073 tis
987 2016 1198 2073 collaudabant.
1223 2018 1330 2083 Quem,
1355 2015 1441 2071 veluti
1465 2015 1625 2070 naturalem
1649 2014 1751 2069 herram
1849 2084 1855 2095 1

929 2127 1024 2178 suum,
1048 2110 1084 2166 ad
1107 2109 1342 2166 commoditatem
1364 2108 1528 2181 reipublicae
1547 2107 1750 2180 provocabant,

929 2209 957 2261 at
975 2204 1127 2260 amicitiam
1145 2204 1216 2259 tanti
1238 2203 1323 2259 ducis
1339 2201 1511 2258 omnimodis
1526 2207 1656 2274 expetere
1671 2216 1750 2256 com-

929 2297 1093 2367 monebant,
1109 2304 1195 2370 atque
1211 2297 1315 2370 saepius
1335 2296 1404 2352 illud
1423 2295 1522 2352 comici
1543 2295 1651 2352 dictum
1673 2311 1749 2351 com·
1812 2338 1816 2345 .

930 2392 1128 2448 memorabant
1142 2411 1148 2446 :

1024 2530 1182 2593 ...Quoniam
1195 2543 1250 2582 non
1263 2533 1346 2595 potest
1359 2529 1385 2580 id
1396 2528 1457 2593 fieri
1471 2526 1605 2596 quodvis,

978 2603 1007 2654 ld
1022 2601 1085 2653 retr's
1102 2602 1171 2668 qrrod
1183 2602 1297 2667 possit...

1329 2681 1480 2743 (Tanarum,
1495 2680 1588 2739 Andr„
1602 2681 1637 2743 11,
1652 2681 1685 2742 ι.)

61 2754 147 2793 rones
170 2739 375 2809 persuaserunt
390 2735 416 2790 ei
440 2751 505 2790 cum
528 2733 695 2790 Christianis
717 2749 814 2805 pacem
839 2733 878 2787 la·

60 2848 138 2899 cere,
162 2836 195 2886 ut
217 2830 269 2885 sibi
292 2830 393 2885 saltem
416 2829 515 2884 liceret
537 2845 639 2899 parum
661 2826 755 2883 adhuc
775 2827 878 2882 virere.
966 2816 1029 2870 llaec
1050 2814 1137 2870 rllrm
1160 2813 1306 2870 addebant
1327 2837 1332 2867 :
1351 2814 1384 2868 ln
1403 2815 1517 2869 uictoria
1535 2828 1624 2884 nuper
1649 2813 1750 2885 adepta

59 2925 186 2982 Tandem
203 2923 308 2980 diaritia
328 2923 390 2995 ejus
410 2921 536 2977 emollita
559 2924 602 2977 est
623 2937 737 2994 pavore.
757 2922 880 2976 Locutus
929 2910 1000 2965 mule
1013 2908 1102 2965 delusi
1119 2923 1220 2978 rrimus,
1242 2910 1308 2977 quia
1325 2908 1389 2978 leuis
1404 2912 1502 2963 nostra
1523 2906 1693 2962 Mversrrrios
1712 2905 1750 2961 ad

60 3036 128 3075 cum
144 3017 325 3087 buamundo,
340 3033 438 3089 pacem
451 3014 562 3089 petivit,
574 3015 727 3088 ipsumque
741 3031 805 3070 cum
820 3030 880 3070 om·
930 3005 1084 3060 marmiren
1105 3006 1256 3058 'mimium
1274 3003 1394 3071 esilffloel
1410 3002 1573 3056 “tibilim
1591 2999 1750 3062 lullum·
1852 3038 1856 3045 ·

59 3113 147 3170 ninus
161 3111 219 3167 suis
233 3110 355 3167 liberam
369 3111 447 3166 abire
460 3109 571 3177 enutrit,
588 3113 616 3165 er
631 3126 729 3165 omnes
744 3103 957 3195 capillacea
978 3099 1011 3154 ae
1031 3099 1165 3153 commum
1186 3096 1346 3151 aetimare
1368 3098 1491 3166 aequarer
1513 3099 1539 3151 et
1561 3095 1641 3150 crure
1664 3092 1751 3149 mean

61 3206 178 3281 quisub
193 3205 301 3262 ditione
316 3204 391 3260 illius
407 3201 883 3277 gemebant,acaptivitoleabsol·
931 3194 1046 3261 mmsis.
1072 3193 1114 3246 En
1135 3190 1304 3246 rrrrrrssbr'ltr
1321 3189 1467 3251 Mabomes,
1493 3190 1563 3245 Dent
1578 3192 1677 3251 nostem
1701 3202 1750 3244 nos
1858 3228 1862 3237 .

60 3300 117 3370 vit;
133 3300 222 3355 liliam
238 3315 353 3372 quoque
367 3313 447 3354 suam
461 3297 556 3354 cidem
569 3298 729 3370 spopondit.
931 3301 1042 3356 prorsus
1059 3284 1186 3347 deseruit,
1201 3288 1226 3338 et
1241 3288 1305 3339 ente
1325 3286 1407 3338 Deum
1430 3282 1656 3345 Claristianornm,
1677 3282 1754 3337 omni
1842 3286 1845 3297 '

98 3403 206 3462 Callida
230 3403 330 3473 ltelaz,
356 3405 388 3458 ut
414 3401 474 3456 baec
500 3401 622 3470 audivit,
648 3399 785 3457 referenti
811 3401 881 3454 ilua·
931 3382 1032 3435 ”illm
1047 3381 1157 3441 “missar
1173 3378 1292 3433 ⁰⁰m¹lii
1308 3377 1374 3431 ΕΜ
1387 3378 1456 3431 mim
1476 3375 1564 3439 ΜΘ,
1583 3376 1751 3445 i¹¹⁰⁵⁸m⁶i0

61 3495 175 3554 mundo
188 3495 335 3568 respondit
351 3512 357 3550 :
374 3496 471 3552 Omnia
485 3495 566 3550 acrba
582 3495 665 3562 facite
682 3495 821 3556 dicuntur,
837 3492 884 3548 sed
933 3472 1094 3545 θοίιιιθάῗῑθ8
1126 3473 1155 3526 ⁸⁴²³
1184 3486 1289 3525 cascere
1317 3469 1446 3539 putabas,
1478 3473 1502 3524 ei
1526 3467 1753 3524 lndssffllull'lliet'

62 3608 119 3648 non
140 3592 232 3646 omnia
253 3605 355 3660 semper
374 3588 515 3644 credibilia
538 3589 676 3643 uidentur.
699 3588 806 3644 Blando
825 3590 883 3658 qui-
933 3568 1006 3623 ‘’mn''
1025 3572 1141 3637 ‘emittm
1159 3580 1252 3621 mm
1270 3563 1439 3633 dssp‘ltlssbab
1458 3564 1601 3631 nunninus
1618 3560 1751 3627 cbristus,

62 3685 134 3748 derra
161 3684 207 3740 sed
231 3685 359 3752 lumbique
386 3685 475 3754 putris
498 3685 552 3738 mei
576 3685 710 3753 promissa
740 3688 884 3752 qrntunter
933 3677 1009 3733 tuem
1023 3661 1231 3729 mmmmm
1245 3661 1379 3726 “Wlfflin
1396 3662 1422 3710 ri
1440 3657 1534 3711 ''¹01¹‘'oe
1551 3658 1581 3709 ul
1597 3670 1686 3710 ⁰mr¹⁶⁸
1698 3656 1750 3711 ini·

61 3781 184 3850 ruscipec
206 3793 237 3833 ea
257 3783 347 3832 tamen
368 3793 428 3848 quae
451 3781 533 3842 tenes,
553 3755 701 3845 uipr'luntei
719 3778 814 3839 retine,
833 3777 882 3839 do·
932 3757 995 3811 Μ’
1010 3769 1101 3810 mm
1119 3767 1202 3824 &21²⁰r
1203 3753 1300 3807 lunius
1313 3755 1338 3806 tl
1351 3749 1405 3805 ⁸5⁶5
1415 3750 1486 3805 mole
1500 3750 1631 3812 ttnllwtb
1650 3763 1701 3819 per
1716 3751 1750 3820 tt-

62 3888 112 3929 nec
132 3871 272 3927 stabilitus
293 3871 441 3942 triumphes
462 3875 541 3925 certa
561 3871 714 3925 securitatis
735 3870 882 3926 soliditate.
934 3850 999 3903 liam
1024 3854 1100 3903 ‘llam
1120 3845 1325 3918 inopinabiliter
1344 3844 1470 3906 “bibliis
1491 3848 1611 3899 “immi
1632 3843 1662 3896 ⁸⁸²²
1684 3842 1752 3898 brut

62 3968 207 4025 Notissimi
225 3981 258 4021 en
276 3970 392 4035 utroque
411 3968 491 4036 parte
510 3965 603 4019 nuntii
623 3965 797 4020 Antiochiam
820 3967 882 4021 mit·
933 3942 1086 4012 ‘mmmm
1110 3941 1217 4012 ιΜΡΝ
1239 3939 1411 4010 ilm‘iffl'lf‘r
1433 3952 1527 3993 0²²⁰oe
1546 3936 1671 3992 'lidelmi
1688 3937 1750 4004 sm·

64 4064 169 4120 tuntur.
183 4065 210 4114 et
221 4062 329 4113 armatu
348 4062 455 4113 tuorum
474 4055 566 4112 cobors
584 4057 701 4112 militum
719 4057 882 4121 irrideantur,
933 4042 1006 4093 imm
1020 4041 1045 4093 ⁶⁶
1059 4042 1187 4106 ’lelmfflm
1202 4040 1353 4089 ’²⁰⁸²t'0Wm
1367 4032 1537 4102 rlonpuem
1551 4046 1641 4086 emm
1654 4045 1749 4089 nuen-

64 4154 198 4225 aquibus
217 4152 359 4220 honorifice
376 4153 504 4221 stipatus,
524 4153 582 4206 nne
603 4149 664 4205 doto
683 4149 840 4220 perducaris
853 4152 885 4205 in
935 4133 1012 4186 mvii·
1037 4131 1152 4200 intuite?
1174 4133 1199 4184 ⁸²
1216 4126 1368 4198 Ptfllttlmle
1391 4127 1575 4197 municipium,
1598 4125 1647 4180 “bl
1665 4138 1753 4181 ΟΜ

65 4252 144 4304 tuam
166 4248 311 4315 senionem,
325 4250 350 4301 et
363 4247 482 4300 omniurn
503 4245 603 4300 devites
623 4244 814 4299 malevolorum
833 4243 882 4299 do-
933 4240 1008 4295 pura
1026 4230 1080 4279 ωδ)
1092 4228 1167 4286 sunt,
1187 4224 1224 4277 ⁶ss
1240 4221 1407 4284 trituramur
1428 4226 1453 4275 ⁸⁶
1470 4224 1498 4275 tt
1509 4220 1658 4290 precipuos
1674 4219 1753 4287 rttm'

65 4342 152 4398 losum
173 4341 364 4411 deceptionem.
380 4339 436 4394 lloc
455 4338 588 4394 omnibus
601 4337 749 4393 consilium
764 4336 882 4409 placuit.
935 4320 976 4374 ‘¹¹⁸'
998 4319 1140 4390 ⁰l'lt'm‘1l‘2s
1161 4317 1212 4371 Μ’)
1238 4315 1363 4372 mallim
1388 4330 1479 4370 emm
1502 4313 1626 4375 ‘'wlff‘’
1647 4316 1673 4367 θ’
1694 4313 1753 4367 W

64 4432 223 4491 asariam
239 4433 327 4503 igitur
345 4431 379 4488 ae
400 4432 616 4504 Principalem
634 4431 726 4488 aaran
743 4430 778 4486 aa
792 4432 881 4487 naso·
934 4407 1012 4470 niro,
1030 4406 1104 4461 velut
1119 4405 1237 4461 amoena
1248 4404 1372 4466 restra
1392 4404 1422 4457 ‘¹⁸
1436 4402 1502 4457 “²¹²⁰
1518 4402 1634 4472 rwr'tb
1650 4405 1756 4459 aalma·

64 4531 196 4609 potamia
215 4530 395 4587 Antiochiam
416 4529 494 4586 missi
509 4535 584 4598 sunt,
601 4533 630 4585 et
649 4546 746 4586 rerum
766 4534 883 4587 eventus
894 4492 922 4566 D
932 4500 1064 4604 an
1078 4495 1254 4566 mama·
1268 4493 1375 4560 ”etms
1386 4490 1424 4546 “d
1437 4495 1462 4545 ιθ
1474 4491 1532 4546 ww
1543 4504 1671 4545 mmm
1684 4488 1750 4544 ⁰¹⁸⁶

64 4629 251 4689 Antiochenis
271 4629 477 4685 exsultantibus
497 4628 700 4686 enodaverunt.
714 4631 791 4686 'lianc
808 4631 882 4687 Tan·
932 4605 1094 4660 ”marum
1112 4604 1166 4644 '²⁰²¹
1185 4587 1345 4649 amm
1361 4600 1409 4640 Μ
1426 4585 1514 4639 “uum
1534 4584 1583 4638 ⁸⁸⁶⁸
1601 4582 1752 4639 mmmm

65 4731 180 4798 credas,
201 4729 335 4802 princeps
355 4727 476 4797 militia,
491 4727 596 4784 milites
614 4735 643 4784 st
658 4729 777 4800 gentiles
792 4730 881 4803 capti·

64 4846 125 4895 vos,
148 4827 278 4901 protinus
297 4826 390 4882 missis
411 4827 602 4894 exactoribus,
617 4827 742 4898 collegit,
766 4830 795 4883 et
814 4844 882 4883 con·

66 4933 204 5002 gregatos
229 4926 398 4997 supradictis
421 4924 587 4994 baronibus,
611 4927 642 4979 ul
666 4941 715 4981 eos
741 4926 883 4981 conduce-

66 5029 143 5091 rent,
155 5024 311 5096 deputavit.
323 5024 400 5078 Tunc
409 5023 534 5079 Cassiani
548 5023 605 5078 ralia
615 5023 758 5080 admiralii
769 5024 885 5080 Anthio-

65 5124 139 5179 chiae
153 5122 266 5178 reddita
277 5126 328 5189 est,
341 5138 481 5194 quaecum
495 5121 584 5177 multo
597 5121 709 5194 ploratu
723 5123 758 5178 de
771 5139 883 5178 carcere

64 5221 293 5281 Christianorum
313 5224 436 5275 extracta
458 5225 510 5275 est.
532 5219 617 5290 Quae,
639 5237 702 5276 cum
723 5221 882 5292 interroga·

64 5325 147 5376 retur
159 5335 248 5392 quare
266 5319 303 5373 ita
318 5318 410 5387 flerat,
426 5318 573 5391 respondit
591 5317 669 5391 quod
684 5318 748 5374 ideo
763 5317 802 5374 sic
823 5319 883 5391 plo·

64 5422 156 5486 rarat,
178 5417 244 5490 quia
264 5418 402 5489 optimam
424 5417 503 5490 porci
525 5435 650 5486 carnem,
664 5416 885 5490 quaChristiani

65 5520 199 5586 utuntur,
225 5514 434 5572 manducatura
456 5534 513 5572 non
540 5520 622 5572 esset.
648 5517 730 5573 'larrci
755 5517 832 5573 enim
856 5522 885 5574 et

932 4685 1036 4752 inferre
1047 4684 1179 4739 eatenus.
1195 4681 1294 4738 Contra
1307 4679 1371 4735 illos
1382 4693 1435 4734 nou
1447 4676 1579 4733 nummus
1596 4676 1753 4747 conqtobati

933 4793 1104 4849 concerpere,
1118 4779 1183 4847 quta
1200 4777 1295 4831 stillim
1308 4774 1417 4841 furores
1430 4786 1492 4827 suos
1513 4770 1708 4826 ulciscerentur
1722 4771 1753 4826 tn
1845 4782 1849 4789 ·

934 4875 969 4928 te.
999 4870 1029 4927 St
1055 4873 1125 4926 natm
1152 4884 1265 4939 maenus
1287 4883 1336 4923 rea
1360 4867 1505 4923 Persarum
1534 4864 1665 4921 soldanus
1692 4878 1753 4919 cum

934 4967 1006 5021 omni
1023 4967 1122 5020 uirtute
1134 4979 1186 5020 sua
1200 4962 1370 5023 adventaret,
1384 4966 1410 5015 et
1423 4960 1492 5015 brine
1509 4959 1688 5014 munitionem
1708 4972 1753 5013 aa·

932 5074 1056 5131 papnure
1076 5062 1223 5128 svrtopcret
1245 5060 1322 5110 tanta
1343 5054 1465 5124 probitas
1486 5054 1573 5108 estin
1589 5052 1708 5116 Francia
1725 5054 1753 5107 et

934 5157 989 5208 tum
1009 5151 1122 5222 arandis
1140 5149 1273 5217 fortitudo
1294 5148 1464 5208 munitionis,
1484 5152 1515 5201 ut
1534 5144 1633 5201 ibidem
1651 5144 1697 5200 itti
1712 5159 1753 5200 re·

933 5248 1024 5302 sistere
1050 5243 1182 5299 rrudmenl
1209 5247 1235 5297 et
1258 5245 1404 5311 relinquam
1428 5243 1601 5310 cuperentur,
1628 5239 1754 5307 irruentia

933 5339 1097 5396 nostratibus
1119 5337 1283 5393 detrimenta
1307 5336 1466 5405 inpererent.
1488 5333 1586 5389 Melius
1608 5337 1647 5387 est
1667 5332 1754 5403 mitur

933 5449 1024 5491 umore
1038 5433 1175 5487 iuinricum
1189 5431 1342 5502 pumicare,
1362 5443 1445 5498 quum
1464 5428 1613 5484 tcrneritute
1627 5426 1665 5481 ad
1678 5425 1754 5482 tolbi-

932 5530 1023 5597 terum
1035 5527 1137 5583 rabiem
1150 5526 1276 5580 iacitur.

65 5615 166 5695 pluro}
187 5614 250 5670 uia
269 5613 490 5670 sarracenorum
513 5621 613 5687 gentes
634 5615 746 5671 suillum
768 5631 883 5672 carnem
970 5619 1099 5678 Consiliis
1114 5619 1211 5690 itaque
1225 5615 1389 5690 hujusmodi
1405 5613 1590 5671 llalimanuus
1600 5613 1752 5685 acquievit.

68 5713 236 5782 abhorrent,
251 5712 381 5785 quamvis
391 5730 494 5769 canum
508 5719 536 5769 ct
545 5714 679 5785 luporum
692 5730 791 5770 carnes
804 5712 885 5768 avide
934 5719 1053 5789 Accepta
1073 5730 1143 5787 ergo
1164 5711 1274 5769 strenui
1297 5709 1377 5766 ducis
1398 5708 1606 5777 familiaritate,
1619 5707 1650 5762 in
1668 5705 1754 5762 domo

68 5812 220 5872 devorent.
235 5812 270 5869 Et
287 5810 327 5868 sic
341 5811 500 5887 probantur
519 5812 593 5888 qarod
613 5812 769 5888 omniloga
783 5811 885 5891 ttoysis
934 5825 985 5868 sua
998 5808 1059 5889 jam
1071 5808 1108 5868 da
1120 5805 1274 5867 remmam
1282 5805 1422 5885 pretenta
1429 5802 1529 5861 tmere
1540 5796 1729 5869 smmum.
1741 5794 1778 5844 θ’
