3750 6046
852 206 1014 263 onnttnrnt
1037 202 1167 261 ltTaLts

704 573 1009 668 nuntiaret
1053 570 1318 664 VttaLts

894 779 1108 833 ANGLIGENAE

569 956 807 1037 COENOBH
850 953 1139 1034 UTICENSIS
1181 952 1430 1032 MONACHI

806 1184 1201 1337 PROLOGUS

670 1453 709 1516 ΙΝ
736 1449 1075 1516 lithbliSlilSi’lCdM
1102 1447 1332 1514 tttstolttant.

196 1818 357 1873 anteriores
371 1816 458 1872 nostri
472 1817 508 1871 ab
523 1814 647 1888 antiquis
660 1815 836 1886 temporibus
848 1814 970 1869 tabentis
981 1828 1010 1898 Α
1057 1815 1094 1868 lle
1107 1813 1193 1868 rebns
1206 1811 1407 1880 ecclesiasticis,
1423 1816 1453 1865 nt
1467 1811 1582 1882 simplex
1598 1811 1728 1865 Ecclesiae
1746 1812 1831 1879 titius,

45 1948 50 1958 =
159 1911 253 1965 seculi
279 1927 411 1965 ercnrsns
434 1910 589 1981 prudenter
614 1910 813 1979 inspexerunt,
838 1910 867 1961 et
894 1908 970 1962 bona
1020 1908 1128 1962 sincere
1150 1906 1203 1961 tari
1223 1906 1360 1976 dispono;
1383 1911 1411 1959 et
1432 1905 1536 1977 priscos
1559 1912 1653 1975 patres
1674 1921 1726 1976 pro
1748 1922 1831 1976 prosse

160 2021 208 2059 sen
230 2003 303 2059 mala
321 2003 487 2059 mortalibus
504 2002 699 2072 contingentia
721 2017 772 2072 pro
791 2000 900 2055 catrlela
916 2000 966 2055 lao-
1020 2001 1193 2071 moduloque
1219 2016 1283 2054 tneo
1306 1999 1368 2053 nisu
1393 2015 1515 2069 sequens
1539 1999 1648 2065 sedulo,
1679 1999 1833 2054 modernos

159 2097 271 2151 minum
287 2100 469 2160 notaverunt,
484 2100 512 2151 et
524 2095 627 2150 futuris
640 2109 753 2165 semper
772 2093 903 2165 prodesse
919 2110 966 2146 ro·
1018 2094 1241 2152 Christianorum
1255 2098 1373 2147 eventus
1393 2092 1492 2146 rimari
1509 2096 1536 2146 et
1552 2093 1700 2163 propalare
1718 2099 1830 2164 satago.

157 2189 259 2259 lentes,
274 2189 378 2261 scripta
396 2189 506 2261 scriptis
526 2187 787 2243 accumulaverunt.
807 2190 863 2243 ltoc
879 2187 965 2242 nimi·
1018 2187 1096 2243 Unde
1114 2202 1238 2259 praesens
1255 2186 1424 2257 opusculum
1446 2187 1659 2240 Ecclesiasticcm
1681 2189 1831 2242 Historiam

159 2298 221 2338 rum
239 2282 366 2338 videmus
384 2299 401 2336 a
422 2284 514 2353 Moyse
535 2287 562 2337 et
583 2279 698 2335 Daniele
719 2281 835 2349 factum,
850 2280 971 2352 aliisquo
1017 2281 1152 2352 appellari
1171 2279 1281 2335 affecto.
1302 2279 1435 2344 Onanrris
1458 2279 1533 2333 enirn
1555 2295 1598 2333 res
1614 2280 1829 2345 alexandrinas,

157 2375 370 2447 hagiographis.
392 2377 449 2430 itoe
468 2375 496 2428 in
518 2374 618 2429 Dareta
638 2373 762 2444 Phrygio
781 2378 811 2428 et
833 2374 966 2445 Pompeio
1016 2390 1067 2429 sen
1088 2374 1209 2440 Graecas,
1229 2375 1272 2427 rel
1295 2374 1446 2440 Romanas,
1467 2371 1592 2443 aliesqne
1616 2370 1706 2426 relatu
1729 2372 1830 2439 dignas

17 2480 21 2487 ·
77 2528 81 2533 ,
154 2469 245 2540 Tcogo
262 2468 463 2539 comperimus,
477 2466 596 2539 aliisque
617 2466 767 2537 gentilium
782 2467 965 2538 historiogra-
1015 2467 1152 2537 indagare
1174 2482 1324 2538 nequeam,
1350 2465 1417 2537 qnia
1443 2464 1602 2519 claustralis
1629 2465 1767 2521 coenobita
1796 2483 1830 2521 ex

155 2561 228 2632 phis,
249 2562 304 2615 iloc
322 2560 410 2616 etiam
428 2560 599 2615 advertimus
618 2560 647 2614 in
666 2559 796 2627 Eusebio,
815 2563 845 2614 et
866 2559 965 2615 Orosio
1016 2560 1130 2631 proprio
1148 2566 1211 2614 voto
1232 2575 1318 2630 cogor
1340 2557 1572 2629 irrefragabiliter
1585 2559 1661 2613 terre
1678 2560 1825 2612 monacbi-

152 2654 188 2708 de
206 2653 334 2709 Ormesta
349 2653 387 2724 (7)
403 2652 513 2719 mnndi,
529 2652 703 2724 anglicoque
726 2652 812 2720 Beda,
827 2658 856 2708 el
876 2653 964 2709 Panlo
1015 2653 1072 2709 lem
1089 2654 1314 2719 observantiam
1332 2668 1365 2705 ea
1382 2654 1479 2706 tamen
1500 2667 1563 2722 qnae
1581 2656 1675 2706 nostro
1695 2655 1825 2723 tempore

153 2746 320 2814 Cassinensi,
340 2746 460 2819 aliisque
481 2745 665 2817 scriptoribus
684 2746 886 2802 ecclesiasticis.
908 2748 962 2803 llo·
1015 2746 1081 2814 vidi,
1106 2747 1148 2801 vet
1162 2747 1199 2801 'in
1220 2745 1321 2800 vicinis
1345 2745 1512 2816 regionibns
1531 2743 1665 2799 accidisse
1687 2746 1827 2815 comperi,

153 2856 216 2895 mm
231 2839 418 2911 allegationes
433 2838 638 2894 delectabiliter
650 2840 773 2908 intueor,
788 2838 962 2910 elegantiam
1014 2838 1137 2909 elaboro,
1157 2838 1344 2910 coadjuvante
1364 2840 1398 2908 (9)
1418 2840 1485 2905 Deo,
1508 2837 1676 2910 simpliciter
1695 2842 1723 2893 et
1742 2854 1827 2893 rera-

151 2938 181 2989 et
194 2933 346 2988 utilitatem
360 2936 573 3004 syntagmatum
593 2932 679 2988 laudo
695 2936 724 2987 et
742 2932 879 3000 admiror,
895 2950 962 2988 nos·
1014 2934 1085 2989 citer
1106 2932 1256 2988 enucleare
1278 2936 1456 3004 posterorum
1482 2932 1619 3002 indagini.
1642 2932 1773 2986 Firmiter
1793 2946 1827 2986 ex

152 3026 555 3099 triquelemporissapientes
573 3041 673 3081 eornm
695 3025 817 3081 notabile
833 3026 961 3082 sedimen
1013 3027 1174 3098 conjectura
1206 3026 1414 3098 preteritorum
1452 3026 1555 3097 opinor
1589 3026 1663 3097 quod
1696 3030 1828 3096 exsurget

152 3120 231 3191 sequi
250 3120 396 3175 cohortor.
416 3120 529 3183 Verum,
547 3118 613 3191 qnia
634 3136 692 3175 non
716 3124 758 3175 est
780 3135 877 3174 metim
898 3120 962 3175 eliis
1012 3121 1075 3194 quis
1089 3136 1133 3175 me
1146 3120 1237 3176 multo
1252 3120 1453 3192 perspicacior,
1467 3136 1499 3175 ae
1511 3119 1546 3173 ad
1561 3120 1739 3190 indagandos
1752 3120 1826 3174 mut·

151 3214 302 3284 imperare,
317 3213 417 3268 inutile
431 3213 533 3269 saltem
551 3213 629 3268 nitor
646 3214 734 3269 otium
750 3213 905 3283 declinare,
922 3220 959 3282 et,
971 3189 1000 3261 Β
1012 3213 1197 3281 timodarum,
1212 3230 1275 3284 quac
1294 3229 1345 3285 per
1361 3212 1460 3267 orbem
1475 3212 1558 3280 finnt,
1578 3227 1675 3267 rernm
1697 3214 1825 3275 eventus,

150 3307 348 3378 memetipsum
365 3322 508 3375 exercens,
529 3305 637 3378 aliquid
657 3306 775 3362 actitare
797 3308 873 3378 quod
890 3308 960 3362 meis
1010 3307 1168 3379 potentior,
1193 3308 1243 3379 qni
1267 3306 1383 3361 forsitan
1410 3305 1446 3360 da
1472 3305 1540 3360 meis
1566 3306 1746 3378 aliorumque
1770 3306 1825 3360 mci

149 3399 252 3455 debeat
263 3399 438 3470 simplicibus
452 3399 627 3471 symmaticis
639 3400 762 3470 placere.
1010 3399 1145 3455 similium
1170 3399 1312 3454 schedulis
1338 3398 1449 3453 hauriet
1480 3398 1556 3469 quod
1584 3397 1824 3470 chronographia

186 3494 215 3547 ln
242 3492 392 3561 relatione,
420 3507 507 3563 quam
533 3491 567 3547 de
589 3492 798 3548 restauratione
824 3493 960 3548 Uticensis
1011 3493 1226 3565 narrationique
1247 3509 1305 3546 sua
1328 3491 1483 3562 dignanter
1503 3491 1537 3545 ad
1563 3491 1691 3546 notitiem
1713 3492 1824 3547 tuturo·

149 3585 281 3653 coenobii,
301 3584 423 3655 jubente
449 3585 572 3656 Rogerio
600 3584 702 3640 abbate
725 3586 773 3658 (8),
796 3586 961 3658 simpliciter
1009 3603 1074 3643 rnm
1090 3587 1204 3642 inseret.

150 3682 233 3750 pmnt
257 3694 372 3749 possum
394 3677 486 3733 facere
506 3677 625 3745 institui,
649 3678 717 3734 libet
738 3680 877 3735 veraciter
896 3686 958 3735 tan·
1047 3680 1221 3751 Praecipnam
1237 3694 1341 3750 nempe
1360 3678 1386 3733 in
1404 3678 1456 3733 boc
1475 3677 1607 3733 fiduciam
1629 3678 1730 3747 habeo,
1747 3681 1825 3750 qnod

149 3788 217 3845 gere
233 3771 370 3827 nonnulla
384 3772 419 3826 de
435 3771 515 3826 bonis
530 3787 578 3827 seu
596 3772 680 3827 malis
693 3772 861 3842 primatibus
874 3773 960 3844 hujus
1009 3773 1062 3829 boc
1083 3789 1155 3846 opus
1179 3773 1280 3845 incoepi
1303 3770 1459 3828 venerandi
1481 3771 1555 3827 senis
1577 3771 1692 3843 Rogerii
1715 3771 1825 3826 abbatis

150 3881 273 3937 nequam
288 3865 393 3920 saeculi.
409 3865 471 3920 Non
484 3870 544 3920 arte
559 3864 729 3921 litteratoria
740 3865 838 3935 tultus,
855 3883 906 3923 nec
919 3867 959 3922 ia·
1009 3866 1127 3939 simplici
1148 3870 1302 3937 precepto,
1319 3866 1437 3937 tibique,
1452 3867 1534 3920 Pater
1552 3866 1675 3920 Guarine
1688 3867 1754 3935 (10),
1772 3866 1823 3937 qni

1 3982 2 3986 ¹
58 4004 61 4009 ,
148 3959 253 4015 cundia
274 3958 426 4031 praeditus,
449 3957 499 4012 sed
523 3958 604 4013 bonae
629 3960 780 4015 voluntatis
804 3960 959 4016 intentione
1008 3959 1164 4016 secundnm
1177 3959 1306 4014 Ecclesiae
1317 3958 1403 4013 ritum
1418 3958 1445 4012 ei
1459 3958 1587 4028 legitimo
1601 3958 1736 4027 succedis,
1748 3958 1825 4014 exbi-

149 4055 325 4122 provocatus,
341 4056 447 4122 appeto
466 4066 542 4106 nnnc
559 4051 667 4106 dictare
688 4052 723 4106 de
743 4052 786 4107 his
801 4068 865 4124 qnae
880 4052 956 4109 vide·
1008 4052 1072 4121 beo,
1089 4058 1119 4106 ut
1137 4052 1280 4123 superllua
1301 4051 1404 4118 deleas,
1427 4051 1616 4123 incomposita
1636 4051 1773 4122 corrigas,
1795 4056 1822 4106 et

150 4160 212 4199 nius
226 4161 275 4199 sen
292 4144 455 4199 toleramus.
471 4145 555 4199 Decet
572 4144 670 4214 utique
684 4149 726 4213 nt,
741 4146 813 4200 sicut
825 4163 902 4201 novas
913 4163 958 4201 res
1008 4146 1156 4202 emendata
1170 4151 1267 4200 restrae
1280 4144 1441 4216 sagacitatis
1460 4144 1629 4199 auctoritate
1651 4145 1773 4200 munias.
1791 4147 1821 4200 tn

149 4237 259 4292 mundo
279 4237 405 4309 qnotidie
421 4236 563 4306 accidunt,
581 4238 618 4292 sic
632 4237 667 4291 ad
687 4237 803 4293 landem
823 4240 872 4294 Dei
887 4241 956 4294 assi·
1007 4239 1108 4310 primis
1121 4238 1218 4293 ordior
1232 4238 1266 4294 de
1280 4237 1419 4310 principio
1434 4237 1495 4291 sine
1510 4236 1658 4310 principio,
1673 4239 1754 4309 cnjus
1768 4255 1821 4310 ope

148 4331 203 4386 dne
219 4332 322 4402 scripto
336 4331 485 4386 tradantur
491 4349 499 4400 ;
515 4333 545 4384 nt
566 4334 605 4398 et,
624 4332 696 4386 sicut
715 4331 750 4385 ab
768 4332 958 4387 anterioribus
1007 4331 1042 4387 ed
1056 4332 1150 4404 ipsum
1163 4331 1251 4386 tinem
1267 4332 1327 4386 sine
1347 4331 1403 4386 fine
1416 4331 1565 4403 pervenire
1579 4330 1718 4399 desidero,
1733 4331 1819 4387 dero·

148 4424 290 4496 praeterita
311 4432 390 4496 gesta
407 4440 494 4497 usque
513 4426 547 4480 ad
567 4441 618 4480 nos
635 4425 802 4480 transmissa
823 4430 898 4493 sunl,
919 4427 958 4480 sic
1007 4425 1157 4481 taslandes
1171 4441 1236 4479 com
1250 4425 1360 4497 superis
1373 4427 1402 4478 in
1418 4430 1557 4479 aternum
1569 4429 1732 4480 cantaturus
1744 4426 1820 4495 (Η);

147 4517 234 4573 stiam
248 4517 402 4590 praesentia
420 4534 525 4573 nauca
543 4517 730 4590 praesentibus
745 4519 848 4574 loturae
864 4525 956 4591 poste·
1007 4522 1102 4574 Acerra
1117 4535 1149 4574 ar
1162 4518 1270 4573 Onam.

147 4609 224 4666 rituti
239 4610 395 4666 litterarum
410 4611 559 4666 notamine
574 4610 813 4667 transmittantur.

177 4778 210 4840 (7)
222 4777 341 4829 Historia
352 4779 458 4829 mundi.
1038 4779 1088 4842 (10)
1101 4779 1240 4832 Guarinus
1254 4778 1288 4831 de
1304 4779 1430 4842 bassilla,
1445 4780 1479 4832 de
1494 4793 1550 4846 quo
1562 4783 1617 4844 jam
1630 4795 1722 4848 supra,
1735 4782 1822 4834 abbas

176 4849 209 4912 (8)
234 4848 368 4913 Rogerlns
390 4850 426 4902 de
449 4850 550 4915 sappo,
571 4850 657 4901 abbas
681 4850 774 4902 Sancti
795 4851 901 4902 Ebrultl
923 4852 958 4902 eb
1008 4849 1101 4901 Sancti
1118 4849 1225 4902 aarum
1236 4850 1374 4902 Uticensis
1386 4852 1447 4903 fuit.
1464 4864 1527 4902 ena.
1544 4852 1684 4903 tras-nar.

146 4931 209 4971 auu.
228 4919 288 4971 tone
303 4919 337 4971 ad
349 4934 413 4971 ann.
430 4921 500 4983 ¹¹23,
513 4926 640 4972 mortuus
654 4927 696 4973 est
709 4935 773 4972 ann.
791 4923 859 4973 ttae.
1039 4923 1087 4985 (tn
1104 4922 1139 4972 Le
1155 4923 1266 4977 Prevost
1280 4939 1285 4971 :
1299 4924 1448 4973 caniturus.

177 4991 210 5057 (0)
220 4991 257 5043 Le
271 4991 383 5044 Pterosl
393 5007 399 5042 ε
410 4990 549 5043 ventosne.
