3750 6046
101 192 169 255 11111
723 188 920 253 elabantur!
939 182 1143 250 PORRETANI.
1705 182 1777 247 teat

95 320 176 395 quasi
190 324 257 376 neta
275 317 311 375 de
323 316 467 391 presenti,
482 318 515 374 ut
528 333 536 374 ι
551 316 761 391 Disputaturus,
782 318 827 373 vel
846 333 905 373 nen
917 331 1009 406 Anec
1028 314 1058 370 iu
1075 314 1178 371 eodem
1203 311 1349 369 individuo
1371 313 1519 382 constare,
1547 326 1601 369 nec
1626 311 1779 385 predicari

94 413 289 487 disputatums
300 417 342 469 est
361 412 484 468 crastino
499 412 544 468 die
561 412 682 482 Callias;
698 428 767 468 nem
785 412 907 467 verbum
959 412 1077 482 possunt
1089 408 1189 464 eodem
1205 410 1346 480 tempore.
1369 407 1464 477 lpsum
1477 405 1593 479 quando
1605 406 1636 461 in
1648 406 1728 462 omni
1748 421 1780 462 re

95 508 289 581 disputaturus
313 506 455 563 actionem
485 507 613 562 futuram
647 505 796 578 significat,
831 505 911 577 cujus
960 503 1173 559 consistitorta.
1192 500 1315 557 Proinde
1332 516 1436 572 corpus
1463 500 1589 556 hominis
1611 500 1780 556 universum

92 604 192 657 mmeu
207 599 279 654 nihil
292 598 368 653 aliud
381 598 473 653 adbuc
488 600 529 654 est
542 597 572 652 in
585 613 628 653 re.
961 596 1116 668 aliquando
1143 600 1184 651 est
1207 594 1340 650 videlicet
1362 594 1392 649 in
1419 597 1557 666 tempore,
1588 593 1677 649 sentit
1702 592 1782 649 enim

129 693 238 749 Distent
264 693 377 764 quando
403 696 433 747 et
450 692 507 759 ubi,
530 691 609 762 quod
632 690 661 745 in
683 706 854 762 quacunque
878 705 910 745 re
962 695 1124 761 temporum
1151 688 1314 745 discrimina
1341 688 1425 756 veris,
1455 688 1556 757 estatis,
1583 688 1696 759 hiemis,
1729 703 1783 743 au·

17 768 21 775 Ι
94 791 208 860 tempus
223 786 317 858 ipsum
332 786 377 841 vel
391 791 444 853 est,
457 785 502 840 vel
519 785 583 848 tuit,
599 785 644 840 vel
660 784 723 853 erit,
745 783 774 838 in
792 800 826 839 ea
839 800 911 856 quo·
962 782 1073 851 tumni;
1088 783 1174 839 sentit
1199 782 1260 838 haec
1276 786 1305 838 et
1325 782 1454 851 animus;
1474 781 1552 837 unde
1575 780 1608 835 ut
1626 785 1659 836 ut
1670 781 1720 836 alii
1733 796 1786 853 per

93 896 150 955 que
162 897 244 937 sunm
259 880 374 954 quando
390 880 433 935 vel
448 881 500 948 est,
515 879 561 934 rel
580 878 644 947 luit,
670 878 714 933 vel
734 877 799 946 erit,
822 877 857 932 eb
878 893 912 933 eo
962 875 1101 946 hiemem,
1111 876 1159 931 elii
1175 891 1228 946 per
1239 878 1362 944 aetatem,
1378 874 1508 931 nonnulli
1523 874 1625 931 melius
1640 890 1718 943 rere,
1739 875 1783 929 sel

95 980 225 1046 tempore
238 974 399 1046 prefectum
413 971 543 1028 videlieet
554 970 591 1027 ed
606 971 682 1044 quod
701 971 825 1043 quidque
839 986 914 1025 seor
962 971 1101 1024 autumno
1113 969 1298 1024 lucubrentur
1315 984 1366 1040 pro
1384 985 1433 1023 sua
1447 969 1575 1040 lquisque
1588 969 1787 1040 temperatura

96 1084 158 1125 aum
177 1067 346 1140 respondet.
363 1066 433 1122 lllud
448 1069 544 1121 eutem
557 1063 672 1138 quando
688 1064 766 1137 quod
780 1063 810 1119 in
831 1063 914 1119 rebus
964 1062 1101 1133 corporis.
1115 1063 1185 1118 llam
1198 1062 1294 1118 anima
1306 1062 1419 1134 corpori
1437 1062 1588 1133 conjuncta
1605 1066 1742 1117 naturam
1756 1063 1787 1118 et

95 1177 161 1234 quae
186 1165 253 1217 sunt
278 1162 439 1232 spectetur,
466 1174 579 1231 semper
604 1158 754 1230 cumipse
780 1156 915 1230 praesenti
964 1155 1786 1228 concreaturamejuseffingitouibuseuimcorperature

94 1261 241 1312 momento
255 1256 308 1323 est,
323 1259 351 1309 et
364 1260 519 1326 utrumque
533 1253 561 1308 in
583 1252 685 1309 eedem
704 1252 830 1324 subjecto
851 1267 914 1307 con·
964 1251 1084 1323 contigit
1096 1250 1176 1306 arida
1187 1252 1229 1306 rel
1247 1250 1353 1322 gelide,
1369 1249 1389 1305 ii
1404 1266 1457 1322 per
1472 1255 1642 1305 autumnum
1658 1251 1787 1322 plerum-

96 1352 160 1405 stat.
174 1348 229 1405 Sed
244 1348 293 1403 ille
306 1347 421 1419 quendo
434 1362 499 1419 quta
512 1352 607 1402 ortum
622 1347 730 1401 babent
746 1363 762 1399 a
784 1351 915 1417 tempore
965 1360 1020 1416 que
1033 1348 1162 1399 mentem
1178 1343 1286 1399 babent
1298 1345 1362 1417 plus
1374 1344 1455 1400 solito
1474 1347 1649 1400 commotam
1657 1361 1666 1413 ;
1679 1343 1788 1416 quibus

99 1441 245 1515 praeterito
260 1444 289 1496 et
300 1441 396 1497 futuro
411 1456 557 1513 nunquam
571 1440 655 1495 simul
668 1455 734 1495 cum
755 1439 850 1494 laturo
872 1439 915 1494 vel
964 1453 1033 1493 vero
1045 1438 1161 1510 sanguis
1172 1438 1321 1505 redundat,
1337 1438 1356 1492 ii
1370 1454 1456 1494 verne
1470 1438 1533 1509 plus
1553 1440 1713 1493 tentantur.
1730 1439 1788 1494 lloc

95 1535 241 1609 praeterite
255 1551 306 1589 saro
322 1539 397 1589 sunt.
411 1533 550 1605 Atipsum
565 1533 615 1588 ubi
638 1538 667 1588 et
686 1533 762 1587 locus
777 1547 793 1586 a
811 1532 917 1605 quasit
965 1530 1059 1602 ipsum
1083 1531 1113 1585 in
1138 1530 1247 1586 caeteris
1267 1530 1403 1603 aspicitur
1424 1537 1509 1603 prout
1530 1546 1597 1586 cum
1622 1536 1787 1602 temporum

96 1631 192 1703 ipsum
208 1628 266 1696 ubi,
282 1643 432 1700 nunquam
452 1626 481 1682 in
498 1627 597 1682 eodem
623 1626 751 1696 subjecte
772 1629 914 1693 constant,
965 1623 1128 1680 cardinibus
1143 1624 1332 1680 animantium
1354 1629 1462 1681 naturae
1486 1625 1530 1679 vel
1556 1629 1721 1696 congruunt
1744 1625 1789 1681 rel

98 1721 331 1796 quandoquidem
356 1722 451 1792 ipsum
469 1720 519 1776 ubi
540 1720 667 1792 pesitum
691 1724 733 1776 est
749 1721 780 1776 in
793 1736 826 1776 eo
840 1720 914 1792 qued
926 1716 1136 1798 ssdiscrepant.
1165 1720 1205 1773 lte
1227 1717 1257 1772 tlt
1280 1724 1312 1773 ut
1333 1719 1523 1791 quodcunque
1547 1718 1685 1789 temporis
1714 1718 1789 1775 sices

99 1815 344 1886 circumscriptum
358 1819 387 1869 et
399 1814 640 1886 comprehensum
660 1817 702 1868 est
720 1831 737 1868 e
758 1813 838 1880 loco;
864 1813 914 1868 sed
965 1809 1046 1866 audit
1064 1815 1093 1868 et
1111 1811 1148 1866 ed
1168 1810 1243 1866 illius
1264 1814 1410 1867 momenta
1432 1811 1554 1867 vertitur
1582 1817 1668 1883 atque
1693 1814 1788 1881 namt,

98 1908 177 1964 loeus
191 1908 221 1963 in
240 1925 274 1964 eo
299 1907 379 1979 quod
404 1907 611 1963 circumscribit
636 1912 667 1963 et
689 1906 914 1979 comprehendit.
965 1904 1020 1960 boc
1036 1904 1066 1959 iu
1084 1909 1213 1976 tempere
1236 1905 1429 1961 necessarium
1455 1904 1490 1960 sit
1514 1920 1573 1961 esse
1597 1922 1604 1960 :
1626 1904 1789 1977 cujusmodi

97 2001 216 2068 Quando
231 2005 329 2057 natum
343 2017 377 2056 ex
389 2001 535 2072 praeterito
544 1999 639 2056 differt
650 2000 685 2054 ab
699 2000 816 2073 eoquod
828 2000 916 2054 nesci-
966 2012 1001 2055 ea
1015 2002 1081 2054 sunt
1096 2014 1160 2071 quae
1178 1998 1311 2054 diximus.
1331 2000 1387 2054 Nee
1406 1998 1464 2054 alia
1484 2014 1661 2071 magnopere
1675 2014 1791 2071 compe·

99 2097 148 2151 tur
162 2111 196 2151 ex
209 2096 321 2163 futuro;
337 2093 413 2166 quod
433 2099 532 2150 natum
552 2110 586 2150 ex
610 2094 754 2166 preterito
776 2092 917 2166 posterius
967 2091 1070 2147 riesde
1084 2091 1188 2165 quibus
1204 2092 1259 2148 hoc
1278 2095 1307 2148 et
1325 2092 1421 2148 verius
1443 2096 1472 2149 et
1488 2092 1626 2148 illustrius
1649 2092 1791 2148 offirmari

40 2239 47 2254 ,
100 2191 144 2243 est
166 2189 279 2256 futuro,
302 2190 401 2243 natum
422 2203 456 2243 ex
477 2187 573 2243 future
597 2187 676 2260 prius
693 2193 736 2243 est
762 2187 915 2260 preterito.
967 2185 1067 2256 possit.

100 2280 219 2347 Quodsi
245 2284 376 2336 unumet
389 2280 467 2336 idem
495 2280 610 2352 quaudo
636 2280 763 2352 coeperis,
790 2280 918 2336 invenies
1003 2280 1099 2350 lpsum
1112 2277 1162 2333 ubi
1188 2278 1437 2351 circumscriptura
1456 2279 1582 2352 corperis
1601 2296 1662 2336 esse
1686 2281 1791 2337 dicitur

100 2374 196 2446 ipsum
217 2373 349 2445 protinus
371 2390 387 2428 a
408 2374 505 2429 futuro
529 2372 629 2442 fluere,
656 2372 788 2445 deinceps
815 2373 851 2429 eb
879 2374 920 2429 in·
968 2389 985 2428 a
1006 2371 1268 2443 circumscriptione
1287 2372 1342 2428 leci
1366 2373 1517 2444 prodiens:
1542 2374 1602 2445 ipse
1627 2389 1695 2430 vero
1713 2376 1791 2430 locus

100 2467 196 2535 stanti,
227 2473 406 2539 postremum
437 2484 454 2522 a
490 2467 644 2539 praeterito,
675 2466 919 2539 quemadmodum
969 2465 998 2521 in
1014 2481 1134 2538 corpere
1148 2464 1278 2538 capiente
1294 2465 1603 2539 circumscribenteque
1622 2468 1792 2524 constitutus

100 2566 215 2632 tempus
228 2562 322 2633 ipsum
336 2560 428 2632 primo
448 2566 491 2615 est
516 2561 656 2624 luiturum,
676 2560 781 2616 deinde
796 2576 920 2632 presens
970 2563 1022 2614 est.
1037 2559 1158 2616 Proinde
1171 2560 1200 2614 in
1213 2560 1275 2615 loco
1290 2559 1403 2616 videtur
1427 2576 1498 2629 esse,
1520 2561 1660 2634 quidquid
1683 2567 1712 2618 et
1726 2562 1790 2618 loco

101 2654 204 2711 ultimo
219 2654 407 2725 praeteritum.
424 2653 501 2710 Sicut
519 2670 603 2725 perro
617 2657 729 2726 tempus
754 2653 830 2710 aliud
852 2653 918 2709 sim·
970 2653 1220 2710 circumscribitur.
1236 2654 1277 2708 lta
1292 2657 1403 2709 constat
1420 2653 1572 2710 nunidem
1591 2656 1653 2711 loco
1669 2659 1791 2711 stratum

21 2810 26 2825 ,Ι
102 2748 166 2819 pler
180 2751 223 2802 eat
237 2753 324 2819 atque
346 2751 494 2819 punctum,
519 2746 597 2802 aliud
618 2746 809 2820 compositum
835 2751 921 2820 atque
971 2748 1124 2819 essequod
1143 2748 1208 2802 huic
1232 2748 1306 2819 quod
1327 2747 1473 2818 appellent
1493 2748 1559 2815 nbi,
1576 2748 1736 2806 namlocus
1761 2749 1790 2804 in

101 2840 197 2897 fusum
209 2842 328 2912 simplex
340 2844 383 2895 est
395 2839 473 2912 quod
494 2840 653 2912 simplicem
666 2842 818 2909 actionem,
840 2842 921 2913 cujus
971 2856 1091 2911 corpere
1116 2840 1277 2896 continetur
1294 2839 1448 2910 ambiente,
1475 2842 1570 2913 ipsum
1599 2842 1648 2898 ubi
1663 2843 1791 2914 positum

103 2935 323 3003 comesassidet,
338 2933 471 3002 metitur,
492 2933 694 3005 compositum,
715 2934 790 3006 quod
808 2950 922 3006 compo·
972 2937 1014 2989 est
1036 2933 1065 2988 in
1094 2949 1213 3004 corpore
1232 2933 1310 3006 qued
1336 2933 1471 2990 ambitur.
1496 2935 1593 3008 Neque
1618 2951 1685 2992 rere
1706 2952 1792 2991 suum

104 3028 206 3097 sitem;
222 3028 260 3081 ita
281 3026 357 3082 aliud
379 3026 495 3099 quande
511 3027 632 3099 simplex
660 3027 788 3083 astutia
816 3032 921 3100 puncto
972 3026 1130 3099 quibusque
1146 3027 1232 3082 rebus
1245 3027 1293 3082 ubi
1308 3027 1421 3083 videtur
1434 3028 1601 3100 adjunctum
1617 3045 1699 3101 esse;
1721 3045 1791 3085 nam

104 3137 164 3177 esse
186 3121 229 3175 vel
252 3123 408 3188 momento,
435 3120 511 3175 aliud
533 3121 723 3191 compositum
750 3127 781 3176 ut
806 3138 866 3178 esse
891 3088 1068 3178 iucenima
1083 3137 1222 3193 nusquam
1253 3128 1306 3189 est,
1331 3127 1427 3193 utpote
1451 3139 1514 3194 que.
1542 3123 1637 3178 locum
1665 3139 1718 3179 nec
1745 3139 1791 3177 oc·

103 3213 185 3282 hora,
203 3213 259 3281 die,
274 3229 384 3280 meuse,
397 3229 482 3284 enne,
498 3213 647 3269 similibus.
657 3215 721 3269 lam
734 3215 921 3287 quemadmo·
972 3217 1065 3285 cupet,
1093 3231 1143 3270 nec
1170 3215 1295 3286 impleat.
1322 3217 1409 3271 Locus
1431 3216 1509 3271 enim
1532 3216 1561 3271 in
1590 3233 1648 3289 quo
1681 3216 1793 3272 dicatur

108 3307 179 3363 dum
193 3310 288 3380 partes
303 3307 373 3379 ipsae
386 3307 523 3379 temporis
536 3324 687 3380 nunquam
711 3314 870 3377 morantur,
883 3309 923 3365 ita
973 3308 1069 3364 anime
1083 3308 1237 3365 consistere
1252 3309 1356 3380 peterit
1376 3309 1553 3365 animantem
1571 3310 1656 3366 aliam
1671 3326 1793 3382 capere,

14 3476 16 3481 Ι
105 3405 135 3459 at
161 3404 256 3472 partes
276 3400 366 3475 ipsius
388 3400 505 3472 quando
533 3402 715 3457 continenter
736 3408 765 3457 et
786 3406 923 3475 perpetuo
972 3402 1049 3458 locus
1063 3418 1228 3474 veroquam
1249 3402 1307 3459 alia
1325 3419 1447 3475 queque
1469 3419 1515 3458 res
1537 3410 1656 3477 occupet
1670 3410 1700 3460 et
1722 3404 1794 3460 insi·

105 3493 252 3551 labuntur.
265 3495 336 3550 Nam
352 3495 465 3566 quando
480 3494 610 3566 genitum
625 3511 642 3549 a
660 3496 807 3568 praeterite
820 3496 923 3568 religa-
973 3494 1047 3564 dest,
1060 3496 1190 3568 occupari
1208 3496 1243 3551 eb
1270 3496 1326 3552 alia
1351 3513 1381 3553 re
1405 3512 1465 3554 nou
1479 3499 1570 3569 potest
1596 3497 1709 3569 utique,
1739 3499 1795 3554 nisi

30 3604 33 3609 ·
107 3592 155 3644 tur
166 3594 195 3645 et
205 3588 329 3644 nectitur
346 3588 382 3644 ad
397 3588 563 3643 instantium
582 3604 647 3643 eum
671 3604 704 3643 eo
720 3589 834 3661 quando
847 3589 924 3661 quod
973 3589 1149 3662 digrediatur
1168 3595 1253 3662 atque
1267 3590 1372 3662 migret
1388 3591 1455 3647 elio.
1471 3591 1598 3647 Granum
1611 3590 1692 3647 anim
1705 3591 1795 3648 tritici

107 3682 233 3738 afuturo
247 3681 384 3753 gignitur.
400 3682 542 3737 Ceterum
556 3682 924 3755 intorquendoettempus
973 3682 1070 3738 modio
1093 3683 1273 3754 superfusum
1294 3683 1408 3739 admitti
1435 3700 1495 3740 non
1528 3687 1631 3756 posset,
1663 3685 1795 3758 quaudiu

107 3776 228 3832 interest
239 3775 316 3848 quod
330 3775 441 3847 aliquot
460 3791 512 3847 per
530 3778 662 3846 tempora
682 3777 842 3832 mensurari
858 3792 923 3850 pos·
975 3776 1049 3831 aeris
1061 3776 1110 3849 qui
1123 3775 1253 3832 modium
1265 3775 1395 3848 replebat
1409 3777 1575 3834 incubaret:
1591 3776 1661 3835 eliso
1676 3779 1794 3851 quidem

108 3874 186 3940 sunt,
204 3875 236 3924 ut
254 3869 378 3924 hornum
397 3873 427 3924 et
447 3868 622 3938 anniculum,
649 3868 769 3938 bimum,
796 3870 924 3926 trimum.
974 3885 1049 3937 aere,
1060 3885 1183 3941 granum
1196 3869 1271 3926 illico
1283 3870 1412 3927 succedit
1424 3877 1453 3926 et
1474 3870 1604 3927 infertur.
1628 3872 1729 3945 ltaque
1743 3889 1797 3930 nec

107 3963 217 4020 Eodem
242 3966 323 4034 pacto
354 3966 449 4018 motus
483 3962 586 4035 aliquis
611 3964 713 4018 multos
735 3978 796 4019 esse
821 3963 926 4019 dicitur
975 3963 1108 4019 eumdem
1131 3964 1224 4019 locam
1246 3964 1378 4020 obsidere
1402 3964 1459 4021 duo
1475 3970 1601 4036 possunt,
1627 3982 1681 4022 nec
1702 3982 1796 4023 unum

110 4056 191 4129 qnasi
202 4055 291 4112 multo
313 4060 442 4128 tempore
461 4062 577 4127 perstet.
593 4056 646 4113 Sed
669 4073 721 4129 per
735 4058 796 4130 ipsa
811 4058 925 4129 quande
975 4056 1043 4129 quid
1058 4057 1191 4113 diversos.
1205 4057 1398 4122 Quamobrem
1417 4074 1469 4115 nec
1482 4059 1581 4114 anima
1593 4059 1656 4115 loco
1668 4059 1796 4116 circum·

110 4149 183 4205 nihil
199 4149 356 4204 mensurari
364 4149 514 4221 contingit,
526 4149 640 4205 etiamsi
650 4167 695 4206 res
708 4151 811 4224 atiquae
825 4151 926 4207 dicun·
975 4149 1060 4207 scribi
1076 4151 1190 4223 peterit,
1205 4167 1257 4208 nee
1270 4151 1348 4207 aliud
1360 4153 1477 4208 omnino
1490 4153 1566 4225 quod
1587 4153 1714 4209 alienam
1737 4170 1798 4212 esse

110 4241 216 4299 tursol
235 4258 307 4311 esse,
329 4242 372 4298 vel
400 4242 487 4299 luisse
510 4244 553 4299 val
573 4244 635 4300 lere
650 4244 824 4317 aliquando;
840 4234 944 4317 prout'
975 4242 1104 4300 videatur
1121 4261 1138 4300 a
1157 4245 1268 4302 ratione
1287 4261 1353 4318 corp
1365 4245 1432 4301 oris.
1455 4247 1532 4302 Dicat
1555 4246 1658 4320 aliquis
1674 4264 1681 4303 :
1696 4248 1799 4306 Nonne

110 4336 301 4409 ipsaquando
323 4336 352 4391 in
373 4334 468 4402 rebus,
494 4353 615 4408 quarum
640 4338 746 4394 assecla
765 4344 880 4411 tempus
899 4344 928 4395 et
977 4343 1070 4410 polest
1085 4354 1141 4394 una
1155 4355 1200 4395 res
1216 4338 1246 4395 in
1261 4339 1391 4412 pluribus
1405 4355 1467 4396 esse
1482 4339 1591 4412 posite?
1609 4341 1797 4415 Quandoqui-

34 4440 37 4446 ·
111 4445 209 4485 centes
223 4432 275 4498 est,
289 4428 403 4485 evariat.
418 4431 515 4502 lpsum
538 4431 655 4503 quando
678 4447 735 4487 non
750 4432 853 4505 accipit
865 4431 1045 4532 plustem
1073 4447 1126 4488 vor
1149 4431 1213 4505 ipsa
1236 4449 1356 4490 manens
1380 4450 1436 4488 una
1464 4433 1605 4506 excipitur
1625 4450 1643 4489 a
1668 4435 1798 4508 diversis,

111 4521 257 4593 aiminus,
272 4522 596 4596 quianecanuusipse,
619 4541 670 4581 nec
690 4526 849 4595 anniculus,
865 4543 928 4583 ma·
979 4525 1112 4598 quaesiue
1132 4543 1182 4582 aer
1196 4529 1249 4591 est,
1268 4527 1325 4584 sire
1353 4545 1413 4584 non
1434 4534 1477 4585 est
1502 4529 1630 4600 quidem,
1656 4528 1710 4585 sed
1736 4530 1799 4587 sine

114 4615 157 4689 gis
173 4633 265 4672 annus
284 4632 345 4672 esse
363 4634 457 4690 posse,
467 4618 513 4674 rel
528 4619 619 4690 magis
634 4620 792 4689 anniculus,
805 4619 928 4677 videtur.
978 4635 1044 4676 aere
1059 4620 1261 4690 nonconsistit,
1277 4621 1397 4677 omnino
1411 4637 1460 4677 aer
1473 4621 1551 4678 idem
1573 4623 1687 4679 tuturus
1706 4631 1752 4681 est
1770 4625 1800 4682 in

111 4710 182 4768 Item
193 4725 246 4767 nec
259 4725 352 4766 annus
364 4727 451 4781 auno,
473 4728 527 4768 nec
545 4712 694 4768 anniculus
713 4713 845 4770 anniculo
867 4715 930 4786 plus
979 4713 1093 4782 multis;
1115 4730 1204 4787 quare
1223 4731 1326 4787 corpus
1351 4716 1425 4772 idem
1450 4716 1480 4771 in
1501 4715 1618 4772 diversis
1643 4718 1714 4774 locis
1738 4734 1799 4776 esse

110 4804 242 4861 minusve
269 4804 326 4860 dici
351 4811 455 4878 potest.
482 4806 539 4862 Sed
571 4823 623 4862 nec
646 4808 789 4863 contraria
815 4824 929 4881 quoque
978 4807 1138 4881 putandum
1153 4809 1255 4866 erit.Sl
1269 4809 1384 4882 quidem
1404 4826 1456 4866 vor
1475 4827 1541 4866 cum
1555 4826 1611 4866 una
1633 4810 1670 4868 sit
1689 4812 1728 4869 ad
1749 4830 1802 4869 uu·

112 4897 213 4971 recipit
226 4897 354 4970 quando,
370 4899 478 4972 quippe
489 4900 567 4973 quod
582 4916 671 4957 unum
686 4904 716 4955 et
730 4899 806 4957 idern
817 4902 930 4974 quando
979 4917 1102 4971 merum,
1125 4902 1155 4958 in
1179 4903 1301 4959 diverses
1323 4909 1416 4974 partes
1446 4904 1521 4960 aeris
1546 4903 1696 4961 distributa
1722 4906 1802 4964 credi

113 4992 358 5065 quemadmodum
382 4994 494 5049 divinus
519 5011 535 5050 e
558 4995 664 5065 futuro,
690 4996 834 5067 presenti,
854 5012 928 5068 prae·
980 5011 1037 5050 non
1050 5000 1154 5068 potest,
1169 5000 1201 5051 ut
1220 4997 1259 5052 ita
1283 4996 1401 5053 demum
1424 4999 1453 5053 in
1477 4999 1732 5055 aureamultomm
1747 5017 1801 5057 ceu

111 5086 197 5142 terito
212 5086 414 5156 proficiscitur;
439 5103 532 5160 neque
556 5088 618 5144 lieri
646 5093 784 5161 potestat
799 5090 930 5147 idemin·
979 5088 1105 5146 dissiliat.
1133 5092 1207 5163 Ergo
1236 5091 1285 5163 qui
1314 5091 1473 5148 concedunt
1498 5108 1585 5147 uuam
1608 5097 1638 5148 et
1664 5096 1803 5152 eamdem

111 5179 232 5235 secabile
249 5180 389 5237 contraria
408 5181 464 5237 duo
484 5181 577 5254 capiat
598 5199 662 5255 que
682 5184 874 5256 predicentur
895 5185 929 5241 de
978 5199 1077 5239 vocem
1094 5184 1223 5240 accidere
1237 5186 1393 5242 multorum
1411 5185 1538 5255 auribus,
1558 5187 1722 5243 necessario
1734 5202 1805 5246 con·

111 5272 182 5346 ipso.
216 5274 279 5329 tam
306 5275 445 5330 centraria
472 5292 538 5348 que
561 5283 629 5333 sunt
654 5276 685 5333 in
715 5278 818 5334 eodem
843 5278 929 5334 simul
978 5277 1120 5333 utendum
1143 5279 1250 5335 babent
1271 5280 1403 5337 eamdem
1417 5296 1531 5354 quoquc
1548 5280 1713 5354 portionem
1729 5283 1805 5341 aeris

110 5364 211 5423 haberi
226 5370 316 5423 strete
329 5384 384 5424 non
401 5375 530 5442 possunt.
550 5374 586 5427 bt
605 5372 704 5427 omnia
724 5372 779 5429 trie
801 5372 927 5445 quando,
979 5371 1074 5428 subire
1086 5374 1243 5430 multorum
1266 5389 1376 5443 eurem,
1396 5376 1472 5447 quod
1495 5374 1611 5448 quidem
1632 5374 1698 5433 fieri
1721 5378 1803 5436 nullo

70 5466 73 5471 '
112 5459 256 5531 eenjtrncti
276 5462 365 5517 exacti
386 5465 595 5536 consequentis,
612 5464 643 5521 iu
666 5466 770 5523 eedem
796 5470 928 5524 constare
978 5467 1063 5523 modo
1076 5471 1179 5540 petest.
1193 5469 1365 5535 Onerecum
1380 5470 1503 5526 altemm
1522 5468 1754 5541 adeundumsit,
1772 5476 1806 5531 ut

46 5573 49 5577 ’
99 5550 219 5623 pariter
235 5555 326 5628 atque
345 5554 433 5614 simul
455 5557 670 5631 intelliguntur.
685 5561 826 5619 Eemdem
850 5561 950 5638 enim,
978 5559 1023 5619 rel
1035 5561 1145 5619 divema
1158 5561 1302 5619 fateamur
1312 5578 1373 5620 esse
1382 5579 1447 5636 qne
1458 5563 1652 5621 sentiuntnra
1670 5562 1804 5637 dirersis,

84 5656 155 5699 nm
165 5659 235 5717 que
242 5653 398 5722 superstes
414 5650 508 5711 modo
520 5652 560 5713 sit
576 5656 608 5713 et
627 5655 742 5717 stetisse
753 5660 831 5717 retro
844 5655 929 5717 etim
979 5656 1072 5715 saluti
1079 5672 1173 5715 unum
1189 5657 1309 5714 elidem
1329 5672 1433 5730 corpus
1446 5657 1477 5714 in
1499 5656 1630 5730 pleribus
1644 5658 1718 5717 loeis
1739 5674 1805 5719 essa

58 5740 224 5807 posteram
246 5745 403 5805 staturam
426 5765 493 5809 esse
525 5768 630 5815 rerum
645 5758 702 5817 est.
729 5757 768 5815 bt
790 5755 943 5817 muueris
991 5770 1174 5826 eenmemus,
1190 5752 1361 5827 meandum
1376 5756 1423 5807 ss.
1437 5750 1518 5824 quet
1529 5752 1808 5827 mmustndtum
