<?xml version="1.0" encoding="UTF-8"?>
<!DOCTYPE html PUBLIC "-//W3C//DTD XHTML 1.0 Transitional//EN"
    "http://www.w3.org/TR/xhtml1/DTD/xhtml1-transitional.dtd">
<html xmlns="http://www.w3.org/1999/xhtml" xml:lang="en" lang="en">
 <head>
  <title>
</title>
<meta http-equiv="Content-Type" content="text/html;charset=utf-8" />
  <meta name='ocr-system' content='tesseract 3.04.00' />
  <meta name='ocr-capabilities' content='ocr_page ocr_carea ocr_par ocr_line ocrx_word'/>
</head>
<body>
  <div class='ocr_page' id='page_1' title='image "./patrologiaecurs67unkngoog_0286.png"; bbox 0 0 3750 6046; ppageno 0'>
   <div class='ocr_carea' id='block_1_1' title="bbox 66 205 1842 267">
    <p class='ocr_par' dir='ltr' id='par_1_1' title="bbox 66 205 1842 267">
     <span class='ocr_line' id='line_1_1' title="bbox 66 205 1842 267; baseline 0 -5"><span class='ocrx_word' id='word_1_1' title='bbox 66 206 120 262; x_wconf 74' lang='lat' dir='ltr'><strong>bdd</strong></span> <span class='ocrx_word' id='word_1_2' title='bbox 451 206 608 265; x_wconf 78' lang='lat' dir='ltr'><strong>utstottla</strong></span> <span class='ocrx_word' id='word_1_3' title='bbox 629 205 900 265; x_wconf 74' lang='lat' dir='ltr'><strong>ecetustnsttca.</strong></span> <span class='ocrx_word' id='word_1_4' title='bbox 920 235 954 250; x_wconf 89' lang='lat'><em>-</em></span> <span class='ocrx_word' id='word_1_5' title='bbox 973 208 1060 265; x_wconf 74' lang='lat' dir='ltr'><strong>PARS</strong></span> <span class='ocrx_word' id='word_1_6' title='bbox 1075 209 1121 267; x_wconf 86' lang='lat' dir='ltr'><strong>tlt.</strong></span> <span class='ocrx_word' id='word_1_7' title='bbox 1135 235 1170 250; x_wconf 92' lang='lat'>-</span> <span class='ocrx_word' id='word_1_8' title='bbox 1184 209 1249 265; x_wconf 89' lang='lat' dir='ltr'><strong>LiB.</strong></span> <span class='ocrx_word' id='word_1_9' title='bbox 1270 208 1339 267; x_wconf 85' lang='lat' dir='ltr'><strong>Viii.</strong></span> <span class='ocrx_word' id='word_1_10' title='bbox 1704 209 1756 267; x_wconf 77' lang='lat' dir='ltr'><strong>bid</strong></span> <span class='ocrx_word' id='word_1_11' title='bbox 1838 256 1842 262; x_wconf 95' lang='lat'><strong>.</strong></span> 
     </span>
    </p>
   </div>
   <div class='ocr_carea' id='block_1_2' title="bbox 66 333 1756 875">
    <p class='ocr_par' dir='ltr' id='par_1_2' title="bbox 66 333 1756 875">
     <span class='ocr_line' id='line_1_2' title="bbox 68 333 1756 420; baseline 0.004 -34"><span class='ocrx_word' id='word_1_12' title='bbox 68 347 189 387; x_wconf 89' lang='lat' dir='ltr'><strong>oramus</strong></span> <span class='ocrx_word' id='word_1_13' title='bbox 208 336 243 388; x_wconf 90' lang='lat' dir='ltr'><strong>ut</strong></span> <span class='ocrx_word' id='word_1_14' title='bbox 264 334 423 391; x_wconf 77' lang='lat' dir='ltr'><strong>consideres</strong></span> <span class='ocrx_word' id='word_1_15' title='bbox 440 334 490 406; x_wconf 89' lang='lat' dir='ltr'><strong>qui</strong></span> <span class='ocrx_word' id='word_1_16' title='bbox 510 339 588 403; x_wconf 91' lang='lat' dir='ltr'><strong>sunt,</strong></span> <span class='ocrx_word' id='word_1_17' title='bbox 607 351 660 406; x_wconf 92' lang='lat' dir='ltr'><strong>pro</strong></span> <span class='ocrx_word' id='word_1_18' title='bbox 679 333 783 406; x_wconf 90' lang='lat' dir='ltr'><strong>quibus</strong></span> <span class='ocrx_word' id='word_1_19' title='bbox 801 336 930 420; x_wconf 69' lang='lat' dir='ltr'><strong>tanto-A</strong></span> <span class='ocrx_word' id='word_1_20' title='bbox 976 338 1056 391; x_wconf 80' lang='lat' dir='ltr'><strong>Anno</strong></span> <span class='ocrx_word' id='word_1_21' title='bbox 1071 335 1167 408; x_wconf 90' lang='lat' dir='ltr'><strong>itaque</strong></span> <span class='ocrx_word' id='word_1_22' title='bbox 1183 335 1276 407; x_wconf 91' lang='lat' dir='ltr'><strong>primo</strong></span> <span class='ocrx_word' id='word_1_23' title='bbox 1289 335 1432 392; x_wconf 84' lang='lat' dir='ltr'><strong>Guilielmi</strong></span> <span class='ocrx_word' id='word_1_24' title='bbox 1446 335 1507 391; x_wconf 83' lang='lat' dir='ltr'><strong>Ruti</strong></span> <span class='ocrx_word' id='word_1_25' title='bbox 1529 334 1616 408; x_wconf 90' lang='lat' dir='ltr'><strong>regis,</strong></span> <span class='ocrx_word' id='word_1_26' title='bbox 1628 333 1658 390; x_wconf 95' lang='lat' dir='ltr'><strong>in</strong></span> <span class='ocrx_word' id='word_1_27' title='bbox 1672 334 1756 392; x_wconf 92' lang='lat' dir='ltr'><strong>initio</strong></span> 
     </span>
     <span class='ocr_line' id='line_1_3' title="bbox 67 427 1754 502; baseline 0.003 -21"><span class='ocrx_word' id='word_1_28' title='bbox 67 441 137 498; x_wconf 86' lang='lat' dir='ltr'><strong>pere</strong></span> <span class='ocrx_word' id='word_1_29' title='bbox 151 441 302 498; x_wconf 76' lang='lat' dir='ltr'><strong>rogamus.</strong></span> <span class='ocrx_word' id='word_1_30' title='bbox 320 427 483 500; x_wconf 82' lang='lat' dir='ltr'><strong>ilajocensis</strong></span> <span class='ocrx_word' id='word_1_31' title='bbox 499 429 560 484; x_wconf 88' lang='lat' dir='ltr'><strong>Odo</strong></span> <span class='ocrx_word' id='word_1_32' title='bbox 578 431 699 501; x_wconf 91' lang='lat' dir='ltr'><strong>patruus</strong></span> <span class='ocrx_word' id='word_1_33' title='bbox 715 430 780 483; x_wconf 93' lang='lat' dir='ltr'><strong>tuus</strong></span> <span class='ocrx_word' id='word_1_34' title='bbox 792 432 844 497; x_wconf 88' lang='lat' dir='ltr'><strong>cst,</strong></span> <span class='ocrx_word' id='word_1_35' title='bbox 860 432 890 483; x_wconf 90' lang='lat' dir='ltr'><strong>et</strong></span> <span class='ocrx_word' id='word_1_36' title='bbox 940 429 1056 498; x_wconf 76' lang='lat' dir='ltr'><strong>cestafis,</strong></span> <span class='ocrx_word' id='word_1_37' title='bbox 1078 428 1214 486; x_wconf 84' lang='lat' dir='ltr'><strong>Rotiensis</strong></span> <span class='ocrx_word' id='word_1_38' title='bbox 1231 429 1298 485; x_wconf 91' lang='lat' dir='ltr'><strong>urbs</strong></span> <span class='ocrx_word' id='word_1_39' title='bbox 1318 429 1345 485; x_wconf 90' lang='lat' dir='ltr'><strong>ai</strong></span> <span class='ocrx_word' id='word_1_40' title='bbox 1364 429 1476 486; x_wconf 89' lang='lat' dir='ltr'><strong>reddita</strong></span> <span class='ocrx_word' id='word_1_41' title='bbox 1488 434 1540 498; x_wconf 86' lang='lat' dir='ltr'><strong>est,</strong></span> <span class='ocrx_word' id='word_1_42' title='bbox 1553 428 1754 502; x_wconf 87' lang='lat' dir='ltr'><strong>omniumque,</strong></span> 
     </span>
     <span class='ocr_line' id='line_1_4' title="bbox 66 518 1753 595; baseline 0.002 -21"><span class='ocrx_word' id='word_1_43' title='bbox 66 518 223 591; x_wconf 83' lang='lat' dir='ltr'><strong>pontificali</strong></span> <span class='ocrx_word' id='word_1_44' title='bbox 245 520 465 578; x_wconf 83' lang='lat' dir='ltr'><strong>sanctificatione</strong></span> <span class='ocrx_word' id='word_1_45' title='bbox 485 522 621 595; x_wconf 76' lang='lat' dir='ltr'><strong>preditus</strong></span> <span class='ocrx_word' id='word_1_46' title='bbox 642 524 694 577; x_wconf 89' lang='lat' dir='ltr'><strong>est.</strong></span> <span class='ocrx_word' id='word_1_47' title='bbox 715 523 786 578; x_wconf 85' lang='lat' dir='ltr'><strong>Cum</strong></span> <span class='ocrx_word' id='word_1_48' title='bbox 806 525 888 593; x_wconf 90' lang='lat' dir='ltr'><strong>patre</strong></span> <span class='ocrx_word' id='word_1_49' title='bbox 939 522 988 594; x_wconf 91' lang='lat' dir='ltr'><strong>qui</strong></span> <span class='ocrx_word' id='word_1_50' title='bbox 1003 526 1102 579; x_wconf 90' lang='lat' dir='ltr'><strong>contra</strong></span> <span class='ocrx_word' id='word_1_51' title='bbox 1116 539 1214 595; x_wconf 85' lang='lat' dir='ltr'>pacem</span> <span class='ocrx_word' id='word_1_52' title='bbox 1235 538 1318 578; x_wconf 80' lang='lat' dir='ltr'><strong>enses</strong></span> <span class='ocrx_word' id='word_1_53' title='bbox 1338 525 1517 595; x_wconf 91' lang='lat' dir='ltr'><strong>acceperunt,</strong></span> <span class='ocrx_word' id='word_1_54' title='bbox 1537 538 1663 594; x_wconf 87' lang='lat' dir='ltr'><strong>nequam</strong></span> <span class='ocrx_word' id='word_1_55' title='bbox 1677 539 1753 579; x_wconf 90' lang='lat' dir='ltr'><strong>com·</strong></span> 
     </span>
     <span class='ocr_line' id='line_1_5' title="bbox 66 614 1754 689; baseline 0.001 -19"><span class='ocrx_word' id='word_1_56' title='bbox 66 619 117 670; x_wconf 90' lang='lat' dir='ltr'><strong>tuo</strong></span> <span class='ocrx_word' id='word_1_57' title='bbox 129 614 236 686; x_wconf 78' lang='lat' dir='ltr'><strong>Augias</strong></span> <span class='ocrx_word' id='word_1_58' title='bbox 248 614 422 688; x_wconf 84' lang='lat' dir='ltr'><strong>subjugarit,</strong></span> <span class='ocrx_word' id='word_1_59' title='bbox 437 616 523 689; x_wconf 89' lang='lat' dir='ltr'><strong>eique</strong></span> <span class='ocrx_word' id='word_1_60' title='bbox 534 616 564 671; x_wconf 89' lang='lat' dir='ltr'><strong>iu</strong></span> <span class='ocrx_word' id='word_1_61' title='bbox 585 615 682 671; x_wconf 77' lang='lat' dir='ltr'><strong>miultis</strong></span> <span class='ocrx_word' id='word_1_62' title='bbox 694 616 888 671; x_wconf 74' lang='lat' dir='ltr'><strong>anxietatibus</strong></span> <span class='ocrx_word' id='word_1_63' title='bbox 937 617 1027 672; x_wconf 91' lang='lat' dir='ltr'><strong>motio</strong></span> <span class='ocrx_word' id='word_1_64' title='bbox 1043 632 1208 688; x_wconf 88' lang='lat' dir='ltr'><strong>compressa</strong></span> <span class='ocrx_word' id='word_1_65' title='bbox 1228 620 1279 673; x_wconf 89' lang='lat' dir='ltr'><strong>est.</strong></span> <span class='ocrx_word' id='word_1_66' title='bbox 1294 618 1366 672; x_wconf 77' lang='lat' dir='ltr'><strong>Nam</strong></span> <span class='ocrx_word' id='word_1_67' title='bbox 1386 616 1476 689; x_wconf 89' lang='lat' dir='ltr'><strong>iniqui</strong></span> <span class='ocrx_word' id='word_1_68' title='bbox 1498 620 1527 672; x_wconf 91' lang='lat' dir='ltr'><strong>et</strong></span> <span class='ocrx_word' id='word_1_69' title='bbox 1545 632 1645 673; x_wconf 88' lang='lat' dir='ltr'><strong>omues</strong></span> <span class='ocrx_word' id='word_1_70' title='bbox 1666 616 1754 673; x_wconf 88' lang='lat' dir='ltr'><strong>maie·</strong></span> 
     </span>
     <span class='ocr_line' id='line_1_6' title="bbox 66 706 1752 783; baseline 0.002 -21"><span class='ocrx_word' id='word_1_71' title='bbox 66 706 226 778; x_wconf 74' lang='lat' dir='ltr'><strong>periculose</strong></span> <span class='ocrx_word' id='word_1_72' title='bbox 239 708 379 764; x_wconf 83' lang='lat' dir='ltr'><strong>subvenit.</strong></span> <span class='ocrx_word' id='word_1_73' title='bbox 400 709 473 774; x_wconf 80' lang='lat' dir='ltr'><strong>Quia</strong></span> <span class='ocrx_word' id='word_1_74' title='bbox 486 714 567 765; x_wconf 84' lang='lat' dir='ltr'><strong>tauto</strong></span> <span class='ocrx_word' id='word_1_75' title='bbox 589 709 648 765; x_wconf 92' lang='lat' dir='ltr'><strong>viro</strong></span> <span class='ocrx_word' id='word_1_76' title='bbox 662 709 809 782; x_wconf 89' lang='lat' dir='ltr'><strong>agendum</strong></span> <span class='ocrx_word' id='word_1_77' title='bbox 827 709 888 765; x_wconf 83' lang='lat' dir='ltr'><strong>est‘l</strong></span> <span class='ocrx_word' id='word_1_78' title='bbox 937 710 1067 779; x_wconf 85' lang='lat' dir='ltr'><strong>lectores,</strong></span> <span class='ocrx_word' id='word_1_79' title='bbox 1090 716 1121 765; x_wconf 95' lang='lat' dir='ltr'><strong>ut</strong></span> <span class='ocrx_word' id='word_1_80' title='bbox 1140 709 1290 766; x_wconf 89' lang='lat' dir='ltr'><strong>audaciam</strong></span> <span class='ocrx_word' id='word_1_81' title='bbox 1312 710 1388 783; x_wconf 91' lang='lat' dir='ltr'><strong>regis</strong></span> <span class='ocrx_word' id='word_1_82' title='bbox 1405 713 1434 766; x_wconf 87' lang='lat' dir='ltr'><strong>ct</strong></span> <span class='ocrx_word' id='word_1_83' title='bbox 1450 709 1650 767; x_wconf 87' lang='lat' dir='ltr'><strong>tortitudinem</strong></span> <span class='ocrx_word' id='word_1_84' title='bbox 1672 709 1752 766; x_wconf 91' lang='lat' dir='ltr'><strong>vide·</strong></span> 
     </span>
     <span class='ocr_line' id='line_1_7' title="bbox 68 799 1753 875; baseline 0.002 -20"><span class='ocrx_word' id='word_1_85' title='bbox 68 799 148 855; x_wconf 80' lang='lat' dir='ltr'><strong>ausit</strong></span> <span class='ocrx_word' id='word_1_86' title='bbox 168 804 199 855; x_wconf 93' lang='lat' dir='ltr'><strong>ut</strong></span> <span class='ocrx_word' id='word_1_87' title='bbox 216 800 246 857; x_wconf 92' lang='lat' dir='ltr'><strong>in</strong></span> <span class='ocrx_word' id='word_1_88' title='bbox 264 802 442 858; x_wconf 77' lang='lat' dir='ltr'><strong>sacerdotem</strong></span> <span class='ocrx_word' id='word_1_89' title='bbox 462 802 576 858; x_wconf 83' lang='lat' dir='ltr'><strong>Domini</strong></span> <span class='ocrx_word' id='word_1_90' title='bbox 599 819 701 859; x_wconf 88' lang='lat' dir='ltr'><strong>manus</strong></span> <span class='ocrx_word' id='word_1_91' title='bbox 722 802 843 875; x_wconf 85' lang='lat' dir='ltr'><strong>injicias,</strong></span> <span class='ocrx_word' id='word_1_92' title='bbox 859 806 890 859; x_wconf 90' lang='lat' dir='ltr'><strong>et</strong></span> <span class='ocrx_word' id='word_1_93' title='bbox 938 807 1014 872; x_wconf 88' lang='lat' dir='ltr'><strong>runt,</strong></span> <span class='ocrx_word' id='word_1_94' title='bbox 1034 802 1102 874; x_wconf 91' lang='lat' dir='ltr'><strong>quia</strong></span> <span class='ocrx_word' id='word_1_95' title='bbox 1120 804 1232 875; x_wconf 84' lang='lat' dir='ltr'><strong>praedas</strong></span> <span class='ocrx_word' id='word_1_96' title='bbox 1252 808 1280 859; x_wconf 92' lang='lat' dir='ltr'><strong>et</strong></span> <span class='ocrx_word' id='word_1_97' title='bbox 1299 803 1401 872; x_wconf 81' lang='lat' dir='ltr'><strong>cades,</strong></span> <span class='ocrx_word' id='word_1_98' title='bbox 1414 802 1524 875; x_wconf 90' lang='lat' dir='ltr'><strong>aliaque</strong></span> <span class='ocrx_word' id='word_1_99' title='bbox 1541 802 1668 858; x_wconf 86' lang='lat' dir='ltr'><strong>facinora</strong></span> <span class='ocrx_word' id='word_1_100' title='bbox 1686 819 1753 858; x_wconf 94' lang='lat' dir='ltr'><strong>cum</strong></span> 
     </span>
    </p>
   </div>
   <div class='ocr_carea' id='block_1_3' title="bbox 66 893 1848 969">
    <p class='ocr_par' dir='ltr' id='par_1_3' title="bbox 66 893 1848 969">
     <span class='ocr_line' id='line_1_8' title="bbox 66 893 1848 969; baseline 0.003 -20"><span class='ocrx_word' id='word_1_101' title='bbox 66 893 242 966; x_wconf 87' lang='lat' dir='ltr'><strong>sanguinem</strong></span> <span class='ocrx_word' id='word_1_102' title='bbox 255 894 457 967; x_wconf 85' lang='lat' dir='ltr'><strong>ejusaffundas</strong></span> <span class='ocrx_word' id='word_1_103' title='bbox 471 895 501 951; x_wconf 91' lang='lat' dir='ltr'><strong>iu</strong></span> <span class='ocrx_word' id='word_1_104' title='bbox 515 896 676 952; x_wconf 87' lang='lat' dir='ltr'><strong>talicausal</strong></span> <span class='ocrx_word' id='word_1_105' title='bbox 697 897 888 954; x_wconf 86' lang='lat' dir='ltr'><strong>Reminiscere</strong></span> <span class='ocrx_word' id='word_1_106' title='bbox 936 896 1069 952; x_wconf 89' lang='lat' dir='ltr'><strong>aviditate</strong></span> <span class='ocrx_word' id='word_1_107' title='bbox 1093 897 1247 969; x_wconf 82' lang='lat' dir='ltr'><strong>amplexati</strong></span> <span class='ocrx_word' id='word_1_108' title='bbox 1271 898 1398 965; x_wconf 85' lang='lat' dir='ltr'><strong>lucrant,</strong></span> <span class='ocrx_word' id='word_1_109' title='bbox 1421 899 1677 963; x_wconf 87' lang='lat' dir='ltr'><strong>contremuerunt,</strong></span> <span class='ocrx_word' id='word_1_110' title='bbox 1700 911 1754 952; x_wconf 85' lang='lat' dir='ltr'><strong>nec</strong></span> <span class='ocrx_word' id='word_1_111' title='bbox 1843 950 1848 955; x_wconf 86' lang='lat'><strong>.</strong></span> 
     </span>
    </p>
   </div>
   <div class='ocr_carea' id='block_1_4' title="bbox 62 985 1840 3028">
    <p class='ocr_par' dir='ltr' id='par_1_4' title="bbox 63 985 1757 2279">
     <span class='ocr_line' id='line_1_9' title="bbox 66 985 1753 1062; baseline 0.002 -20"><span class='ocrx_word' id='word_1_112' title='bbox 66 985 138 1059; x_wconf 88' lang='lat' dir='ltr'><strong>quid</strong></span> <span class='ocrx_word' id='word_1_113' title='bbox 161 985 260 1043; x_wconf 83' lang='lat' dir='ltr'><strong>lecerit</strong></span> <span class='ocrx_word' id='word_1_114' title='bbox 283 987 351 1044; x_wconf 91' lang='lat' dir='ltr'><strong>Saul</strong></span> <span class='ocrx_word' id='word_1_115' title='bbox 373 989 403 1044; x_wconf 90' lang='lat' dir='ltr'><strong>in</strong></span> <span class='ocrx_word' id='word_1_116' title='bbox 425 988 515 1058; x_wconf 89' lang='lat' dir='ltr'><strong>Nobe,</strong></span> <span class='ocrx_word' id='word_1_117' title='bbox 538 996 567 1046; x_wconf 89' lang='lat' dir='ltr'><strong>et</strong></span> <span class='ocrx_word' id='word_1_118' title='bbox 589 989 659 1062; x_wconf 91' lang='lat' dir='ltr'><strong>quid</strong></span> <span class='ocrx_word' id='word_1_119' title='bbox 685 989 834 1061; x_wconf 86' lang='lat' dir='ltr'><strong>pertulerit</strong></span> <span class='ocrx_word' id='word_1_120' title='bbox 856 991 888 1046; x_wconf 90' lang='lat' dir='ltr'><strong>in</strong></span> <span class='ocrx_word' id='word_1_121' title='bbox 937 995 1034 1062; x_wconf 88' lang='lat' dir='ltr'><strong>postea</strong></span> <span class='ocrx_word' id='word_1_122' title='bbox 1055 1005 1090 1046; x_wconf 82' lang='lat' dir='ltr'><strong>ru</strong></span> <span class='ocrx_word' id='word_1_123' title='bbox 1111 991 1193 1045; x_wconf 91' lang='lat' dir='ltr'><strong>annis</strong></span> <span class='ocrx_word' id='word_1_124' title='bbox 1212 989 1315 1061; x_wconf 91' lang='lat' dir='ltr'><strong>quibus</strong></span> <span class='ocrx_word' id='word_1_125' title='bbox 1337 990 1467 1061; x_wconf 88' lang='lat' dir='ltr'><strong>regnavit</strong></span> <span class='ocrx_word' id='word_1_126' title='bbox 1489 988 1594 1045; x_wconf 87' lang='lat' dir='ltr'><strong>mutire</strong></span> <span class='ocrx_word' id='word_1_127' title='bbox 1612 987 1674 1045; x_wconf 89' lang='lat' dir='ltr'><strong>ausi</strong></span> <span class='ocrx_word' id='word_1_128' title='bbox 1694 988 1753 1045; x_wconf 82' lang='lat' dir='ltr'><strong>iue-</strong></span> 
     </span>
     <span class='ocr_line' id='line_1_10' title="bbox 67 1080 1757 1156; baseline 0.001 -20"><span class='ocrx_word' id='word_1_129' title='bbox 67 1085 169 1137; x_wconf 88' lang='lat' dir='ltr'><strong>monte</strong></span> <span class='ocrx_word' id='word_1_130' title='bbox 182 1080 289 1137; x_wconf 86' lang='lat' dir='ltr'><strong>Gelboe</strong></span> <span class='ocrx_word' id='word_1_131' title='bbox 303 1081 335 1152; x_wconf 92' lang='lat' dir='ltr'><strong>(tl</strong></span> <span class='ocrx_word' id='word_1_132' title='bbox 354 1085 431 1153; x_wconf 65' lang='lat' dir='ltr'><strong>ileo„</strong></span> <span class='ocrx_word' id='word_1_133' title='bbox 448 1099 466 1151; x_wconf 87' lang='lat'><strong>1,</strong></span> <span class='ocrx_word' id='word_1_134' title='bbox 482 1086 518 1139; x_wconf 81' lang='lat'><strong>22</strong></span> <span class='ocrx_word' id='word_1_135' title='bbox 533 1087 563 1139; x_wconf 89' lang='lat' dir='ltr'><strong>et</strong></span> <span class='ocrx_word' id='word_1_136' title='bbox 575 1083 631 1154; x_wconf 71' lang='lat' dir='ltr'><strong>dt).</strong></span> <span class='ocrx_word' id='word_1_137' title='bbox 650 1085 718 1149; x_wconf 83' lang='lat' dir='ltr'><strong>Quis</strong></span> <span class='ocrx_word' id='word_1_138' title='bbox 734 1087 890 1156; x_wconf 78' lang='lat' dir='ltr'><strong>praesumet</strong></span> <span class='ocrx_word' id='word_1_139' title='bbox 938 1087 1015 1138; x_wconf 92' lang='lat' dir='ltr'><strong>runt.</strong></span> <span class='ocrx_word' id='word_1_140' title='bbox 1029 1085 1090 1156; x_wconf 88' lang='lat' dir='ltr'><strong>lpse</strong></span> <span class='ocrx_word' id='word_1_141' title='bbox 1103 1089 1199 1140; x_wconf 85' lang='lat' dir='ltr'><strong>autern</strong></span> <span class='ocrx_word' id='word_1_142' title='bbox 1214 1083 1316 1139; x_wconf 90' lang='lat' dir='ltr'><strong>callide</strong></span> <span class='ocrx_word' id='word_1_143' title='bbox 1329 1099 1359 1138; x_wconf 92' lang='lat' dir='ltr'><strong>se</strong></span> <span class='ocrx_word' id='word_1_144' title='bbox 1372 1082 1482 1153; x_wconf 91' lang='lat' dir='ltr'><strong>habuit,</strong></span> <span class='ocrx_word' id='word_1_145' title='bbox 1497 1087 1525 1139; x_wconf 90' lang='lat' dir='ltr'><strong>et</strong></span> <span class='ocrx_word' id='word_1_146' title='bbox 1537 1082 1669 1139; x_wconf 73' lang='lat' dir='ltr'><strong>vindicte</strong></span> <span class='ocrx_word' id='word_1_147' title='bbox 1683 1088 1757 1138; x_wconf 89' lang='lat' dir='ltr'><strong>tcm-</strong></span> 
     </span>
     <span class='ocr_line' id='line_1_11' title="bbox 66 1173 1753 1250; baseline 0.001 -21"><span class='ocrx_word' id='word_1_148' title='bbox 66 1174 120 1230; x_wconf 87' lang='lat' dir='ltr'><strong>tibi</strong></span> <span class='ocrx_word' id='word_1_149' title='bbox 146 1173 274 1231; x_wconf 82' lang='lat' dir='ltr'><strong>nefarius</strong></span> <span class='ocrx_word' id='word_1_150' title='bbox 300 1174 418 1232; x_wconf 88' lang='lat' dir='ltr'><strong>suadere</strong></span> <span class='ocrx_word' id='word_1_151' title='bbox 443 1179 476 1232; x_wconf 93' lang='lat' dir='ltr'><strong>ut</strong></span> <span class='ocrx_word' id='word_1_152' title='bbox 498 1176 654 1233; x_wconf 77' lang='lat' dir='ltr'><strong>antistitem</strong></span> <span class='ocrx_word' id='word_1_153' title='bbox 681 1177 809 1246; x_wconf 82' lang='lat' dir='ltr'><strong>Domini,</strong></span> <span class='ocrx_word' id='word_1_154' title='bbox 835 1194 887 1250; x_wconf 87' lang='lat' dir='ltr'><strong>pa·</strong></span> <span class='ocrx_word' id='word_1_155' title='bbox 938 1192 992 1249; x_wconf 92' lang='lat' dir='ltr'><strong>pus</strong></span> <span class='ocrx_word' id='word_1_156' title='bbox 1005 1181 1197 1250; x_wconf 90' lang='lat' dir='ltr'><strong>opportunum</strong></span> <span class='ocrx_word' id='word_1_157' title='bbox 1211 1177 1394 1248; x_wconf 80' lang='lat' dir='ltr'><strong>exspectavit.</strong></span> <span class='ocrx_word' id='word_1_158' title='bbox 1407 1175 1603 1241; x_wconf 85' lang='lat' dir='ltr'><strong>Quorumdam</strong></span> <span class='ocrx_word' id='word_1_159' title='bbox 1614 1176 1753 1232; x_wconf 71' lang='lat' dir='ltr'><strong>laedones</strong></span> 
     </span>
     <span class='ocr_line' id='line_1_12' title="bbox 67 1268 1753 1343; baseline 0.002 -21"><span class='ocrx_word' id='word_1_160' title='bbox 67 1270 227 1340; x_wconf 83' lang='lat' dir='ltr'><strong>truunaque</strong></span> <span class='ocrx_word' id='word_1_161' title='bbox 248 1272 331 1325; x_wconf 90' lang='lat' dir='ltr'><strong>tunm</strong></span> <span class='ocrx_word' id='word_1_162' title='bbox 350 1268 420 1324; x_wconf 85' lang='lat' dir='ltr'><strong>selis</strong></span> <span class='ocrx_word' id='word_1_163' title='bbox 440 1269 650 1326; x_wconf 78' lang='lat' dir='ltr'><strong>condemnare?</strong></span> <span class='ocrx_word' id='word_1_164' title='bbox 665 1271 763 1327; x_wconf 88' lang='lat' dir='ltr'><strong>Nemo.</strong></span> <span class='ocrx_word' id='word_1_165' title='bbox 781 1270 887 1326; x_wconf 87' lang='lat' dir='ltr'><strong>Omnes</strong></span> <span class='ocrx_word' id='word_1_166' title='bbox 938 1270 1099 1326; x_wconf 83' lang='lat' dir='ltr'><strong>saevissimis</strong></span> <span class='ocrx_word' id='word_1_167' title='bbox 1111 1271 1222 1343; x_wconf 90' lang='lat' dir='ltr'><strong>legibus</strong></span> <span class='ocrx_word' id='word_1_168' title='bbox 1234 1271 1340 1343; x_wconf 86' lang='lat' dir='ltr'><strong>puniit,</strong></span> <span class='ocrx_word' id='word_1_169' title='bbox 1353 1270 1515 1342; x_wconf 91' lang='lat' dir='ltr'><strong>aliquorum</strong></span> <span class='ocrx_word' id='word_1_170' title='bbox 1527 1286 1594 1325; x_wconf 91' lang='lat' dir='ltr'><strong>vero</strong></span> <span class='ocrx_word' id='word_1_171' title='bbox 1608 1272 1703 1325; x_wconf 86' lang='lat' dir='ltr'><strong>reatus</strong></span> <span class='ocrx_word' id='word_1_172' title='bbox 1716 1285 1753 1325; x_wconf 82' lang='lat' dir='ltr'><strong>ex</strong></span> 
     </span>
     <span class='ocr_line' id='line_1_13' title="bbox 68 1360 1753 1435; baseline 0.001 -18"><span class='ocrx_word' id='word_1_173' title='bbox 68 1375 142 1432; x_wconf 90' lang='lat' dir='ltr'><strong>ergo</strong></span> <span class='ocrx_word' id='word_1_174' title='bbox 166 1376 317 1432; x_wconf 90' lang='lat' dir='ltr'><strong>precamur</strong></span> <span class='ocrx_word' id='word_1_175' title='bbox 335 1364 367 1416; x_wconf 92' lang='lat' dir='ltr'><strong>ut</strong></span> <span class='ocrx_word' id='word_1_176' title='bbox 386 1361 425 1417; x_wconf 92' lang='lat' dir='ltr'><strong>illi</strong></span> <span class='ocrx_word' id='word_1_177' title='bbox 442 1361 670 1418; x_wconf 89' lang='lat' dir='ltr'><strong>benevolentiam</strong></span> <span class='ocrx_word' id='word_1_178' title='bbox 690 1367 772 1419; x_wconf 89' lang='lat' dir='ltr'><strong>tuam</strong></span> <span class='ocrx_word' id='word_1_179' title='bbox 787 1379 888 1420; x_wconf 88' lang='lat' dir='ltr'><strong>couce-</strong></span> <span class='ocrx_word' id='word_1_180' title='bbox 939 1363 1079 1420; x_wconf 89' lang='lat' dir='ltr'><strong>industria</strong></span> <span class='ocrx_word' id='word_1_181' title='bbox 1093 1363 1290 1419; x_wconf 90' lang='lat' dir='ltr'><strong>dissimulavit.</strong></span> <span class='ocrx_word' id='word_1_182' title='bbox 1306 1363 1436 1435; x_wconf 73' lang='lat' dir='ltr'><strong>antiquis</strong></span> <span class='ocrx_word' id='word_1_183' title='bbox 1455 1361 1619 1430; x_wconf 91' lang='lat' dir='ltr'><strong>baronibus,</strong></span> <span class='ocrx_word' id='word_1_184' title='bbox 1633 1377 1703 1434; x_wconf 90' lang='lat' dir='ltr'><strong>quos</strong></span> <span class='ocrx_word' id='word_1_185' title='bbox 1717 1360 1753 1418; x_wconf 89' lang='lat' dir='ltr'><strong>ab</strong></span> 
     </span>
     <span class='ocr_line' id='line_1_14' title="bbox 67 1453 1754 1529; baseline 0.001 -21"><span class='ocrx_word' id='word_1_186' title='bbox 67 1453 131 1522; x_wconf 90' lang='lat' dir='ltr'><strong>das,</strong></span> <span class='ocrx_word' id='word_1_187' title='bbox 147 1458 178 1509; x_wconf 91' lang='lat' dir='ltr'><strong>et</strong></span> <span class='ocrx_word' id='word_1_188' title='bbox 188 1453 309 1509; x_wconf 84' lang='lat' dir='ltr'><strong>illaesum</strong></span> <span class='ocrx_word' id='word_1_189' title='bbox 323 1453 354 1510; x_wconf 92' lang='lat' dir='ltr'><strong>in</strong></span> <span class='ocrx_word' id='word_1_190' title='bbox 367 1455 573 1512; x_wconf 86' lang='lat' dir='ltr'><strong>Narmanniem</strong></span> <span class='ocrx_word' id='word_1_191' title='bbox 594 1455 631 1511; x_wconf 91' lang='lat' dir='ltr'><strong>ad</strong></span> <span class='ocrx_word' id='word_1_192' title='bbox 649 1456 794 1513; x_wconf 90' lang='lat' dir='ltr'><strong>dioecesim</strong></span> <span class='ocrx_word' id='word_1_193' title='bbox 806 1474 889 1513; x_wconf 91' lang='lat' dir='ltr'><strong>suam</strong></span> <span class='ocrx_word' id='word_1_194' title='bbox 937 1457 999 1528; x_wconf 92' lang='lat' dir='ltr'><strong>ipso</strong></span> <span class='ocrx_word' id='word_1_195' title='bbox 1012 1457 1224 1529; x_wconf 90' lang='lat' dir='ltr'><strong>aliquantulum</strong></span> <span class='ocrx_word' id='word_1_196' title='bbox 1244 1456 1401 1513; x_wconf 89' lang='lat' dir='ltr'><strong>desciverat</strong></span> <span class='ocrx_word' id='word_1_197' title='bbox 1418 1455 1555 1528; x_wconf 87' lang='lat' dir='ltr'><strong>nequitia,</strong></span> <span class='ocrx_word' id='word_1_198' title='bbox 1575 1458 1690 1511; x_wconf 92' lang='lat' dir='ltr'><strong>versute</strong></span> <span class='ocrx_word' id='word_1_199' title='bbox 1703 1470 1754 1528; x_wconf 90' lang='lat' dir='ltr'><strong>pe·</strong></span> 
     </span>
     <span class='ocr_line' id='line_1_15' title="bbox 66 1546 1749 1623; baseline 0.001 -22"><span class='ocrx_word' id='word_1_200' title='bbox 66 1547 152 1602; x_wconf 87' lang='lat' dir='ltr'><strong>abire</strong></span> <span class='ocrx_word' id='word_1_201' title='bbox 169 1546 329 1619; x_wconf 85' lang='lat' dir='ltr'><strong>permittes.</strong></span> <span class='ocrx_word' id='word_1_202' title='bbox 344 1548 444 1604; x_wconf 84' lang='lat' dir='ltr'><strong>Comes</strong></span> <span class='ocrx_word' id='word_1_203' title='bbox 456 1549 542 1605; x_wconf 90' lang='lat' dir='ltr'><strong>etiam</strong></span> <span class='ocrx_word' id='word_1_204' title='bbox 562 1549 739 1606; x_wconf 89' lang='lat' dir='ltr'><strong>Bolouiensis</strong></span> <span class='ocrx_word' id='word_1_205' title='bbox 752 1550 825 1622; x_wconf 92' lang='lat' dir='ltr'><strong>patri</strong></span> <span class='ocrx_word' id='word_1_206' title='bbox 840 1554 889 1607; x_wconf 93' lang='lat' dir='ltr'><strong>tuo</strong></span> <span class='ocrx_word' id='word_1_207' title='bbox 938 1550 1028 1622; x_wconf 89' lang='lat' dir='ltr'><strong>percit</strong></span> <span class='ocrx_word' id='word_1_208' title='bbox 1041 1567 1094 1623; x_wconf 94' lang='lat' dir='ltr'><strong>pro</strong></span> <span class='ocrx_word' id='word_1_209' title='bbox 1107 1566 1206 1606; x_wconf 89' lang='lat' dir='ltr'><strong>amore</strong></span> <span class='ocrx_word' id='word_1_210' title='bbox 1223 1549 1377 1622; x_wconf 89' lang='lat' dir='ltr'><strong>patrissui,</strong></span> <span class='ocrx_word' id='word_1_211' title='bbox 1392 1549 1436 1605; x_wconf 92' lang='lat' dir='ltr'><strong>cui</strong></span> <span class='ocrx_word' id='word_1_212' title='bbox 1452 1549 1501 1604; x_wconf 93' lang='lat' dir='ltr'><strong>diu</strong></span> <span class='ocrx_word' id='word_1_213' title='bbox 1519 1547 1643 1605; x_wconf 83' lang='lat' dir='ltr'><strong>fideliter</strong></span> <span class='ocrx_word' id='word_1_214' title='bbox 1660 1547 1749 1603; x_wconf 82' lang='lat' dir='ltr'><strong>inhae-</strong></span> 
     </span>
     <span class='ocr_line' id='line_1_16' title="bbox 66 1639 1752 1717; baseline 0.001 -22"><span class='ocrx_word' id='word_1_215' title='bbox 66 1639 139 1696; x_wconf 88' lang='lat' dir='ltr'><strong>satis</strong></span> <span class='ocrx_word' id='word_1_216' title='bbox 160 1639 216 1695; x_wconf 86' lang='lat' dir='ltr'><strong>luit</strong></span> <span class='ocrx_word' id='word_1_217' title='bbox 235 1640 336 1709; x_wconf 86' lang='lat' dir='ltr'><strong>tidelis,</strong></span> <span class='ocrx_word' id='word_1_218' title='bbox 352 1648 381 1696; x_wconf 87' lang='lat' dir='ltr'><strong>et</strong></span> <span class='ocrx_word' id='word_1_219' title='bbox 399 1641 428 1696; x_wconf 93' lang='lat' dir='ltr'><strong>in</strong></span> <span class='ocrx_word' id='word_1_220' title='bbox 444 1642 529 1697; x_wconf 91' lang='lat' dir='ltr'><strong>rebus</strong></span> <span class='ocrx_word' id='word_1_221' title='bbox 549 1643 645 1698; x_wconf 81' lang='lat' dir='ltr'><strong>arduis</strong></span> <span class='ocrx_word' id='word_1_222' title='bbox 660 1649 793 1699; x_wconf 90' lang='lat' dir='ltr'><strong>strenuus</strong></span> <span class='ocrx_word' id='word_1_223' title='bbox 809 1645 888 1717; x_wconf 77' lang='lat' dir='ltr'><strong>adJu-</strong></span> <span class='ocrx_word' id='word_1_224' title='bbox 939 1647 1045 1712; x_wconf 89' lang='lat' dir='ltr'><strong>serant,</strong></span> <span class='ocrx_word' id='word_1_225' title='bbox 1060 1648 1089 1700; x_wconf 92' lang='lat' dir='ltr'><strong>et</strong></span> <span class='ocrx_word' id='word_1_226' title='bbox 1099 1660 1152 1715; x_wconf 89' lang='lat' dir='ltr'><strong>pro</strong></span> <span class='ocrx_word' id='word_1_227' title='bbox 1164 1643 1318 1700; x_wconf 89' lang='lat' dir='ltr'><strong>senectutis</strong></span> <span class='ocrx_word' id='word_1_228' title='bbox 1328 1643 1507 1710; x_wconf 83' lang='lat' dir='ltr'><strong>reverentis3</strong></span> <span class='ocrx_word' id='word_1_229' title='bbox 1519 1642 1611 1696; x_wconf 92' lang='lat' dir='ltr'><strong>sciens</strong></span> <span class='ocrx_word' id='word_1_230' title='bbox 1624 1641 1752 1714; x_wconf 84' lang='lat' dir='ltr'><strong>proiecto</strong></span> 
     </span>
     <span class='ocr_line' id='line_1_17' title="bbox 65 1715 1754 1820; baseline 0.001 -32"><span class='ocrx_word' id='word_1_231' title='bbox 65 1736 114 1789; x_wconf 90' lang='lat' dir='ltr'><strong>tor</strong></span> <span class='ocrx_word' id='word_1_232' title='bbox 126 1737 158 1789; x_wconf 87' lang='lat' dir='ltr'><strong>et</strong></span> <span class='ocrx_word' id='word_1_233' title='bbox 169 1733 391 1790; x_wconf 88' lang='lat' dir='ltr'><strong>contubernalis.</strong></span> <span class='ocrx_word' id='word_1_234' title='bbox 415 1735 575 1791; x_wconf 83' lang='lat' dir='ltr'><strong>Radbertus</strong></span> <span class='ocrx_word' id='word_1_235' title='bbox 595 1752 710 1809; x_wconf 87' lang='lat' dir='ltr'><strong>quoque</strong></span> <span class='ocrx_word' id='word_1_236' title='bbox 729 1739 888 1794; x_wconf 78' lang='lat' dir='ltr'><strong>belesmen—</strong></span> <span class='ocrx_word' id='word_1_237' title='bbox 900 1715 926 1786; x_wconf 81' lang='grc' dir='ltr'><strong>Β</strong></span> <span class='ocrx_word' id='word_1_238' title='bbox 939 1737 1017 1810; x_wconf 90' lang='lat' dir='ltr'><strong>quad</strong></span> <span class='ocrx_word' id='word_1_239' title='bbox 1036 1754 1094 1792; x_wconf 91' lang='lat' dir='ltr'><strong>nun</strong></span> <span class='ocrx_word' id='word_1_240' title='bbox 1112 1754 1160 1792; x_wconf 94' lang='lat' dir='ltr'><strong>eos</strong></span> <span class='ocrx_word' id='word_1_241' title='bbox 1178 1736 1226 1793; x_wconf 91' lang='lat' dir='ltr'><strong>diu</strong></span> <span class='ocrx_word' id='word_1_242' title='bbox 1247 1737 1344 1820; x_wconf 83' lang='lat' dir='ltr'><strong>vigere</strong></span> <span class='ocrx_word' id='word_1_243' title='bbox 1366 1737 1495 1792; x_wconf 86' lang='lat' dir='ltr'><strong>sinerent</strong></span> <span class='ocrx_word' id='word_1_244' title='bbox 1512 1736 1606 1790; x_wconf 91' lang='lat' dir='ltr'><strong>rnorbi</strong></span> <span class='ocrx_word' id='word_1_245' title='bbox 1626 1739 1655 1791; x_wconf 90' lang='lat' dir='ltr'><strong>et</strong></span> <span class='ocrx_word' id='word_1_246' title='bbox 1676 1751 1754 1792; x_wconf 86' lang='lat' dir='ltr'><strong>mors</strong></span> 
     </span>
     <span class='ocr_line' id='line_1_18' title="bbox 66 1825 1753 1904; baseline 0.001 -22"><span class='ocrx_word' id='word_1_247' title='bbox 66 1827 118 1896; x_wconf 88' lang='lat' dir='ltr'><strong>sis,</strong></span> <span class='ocrx_word' id='word_1_248' title='bbox 133 1825 184 1899; x_wconf 89' lang='lat' dir='ltr'><strong>qui</strong></span> <span class='ocrx_word' id='word_1_249' title='bbox 199 1827 333 1899; x_wconf 90' lang='lat' dir='ltr'><strong>patrituo</strong></span> <span class='ocrx_word' id='word_1_250' title='bbox 347 1827 402 1883; x_wconf 84' lang='lat' dir='ltr'><strong>iuit</strong></span> <span class='ocrx_word' id='word_1_251' title='bbox 416 1828 495 1884; x_wconf 88' lang='lat' dir='ltr'><strong>valde</strong></span> <span class='ocrx_word' id='word_1_252' title='bbox 508 1829 636 1898; x_wconf 71' lang='lat' dir='ltr'><strong>ducatus,</strong></span> <span class='ocrx_word' id='word_1_253' title='bbox 650 1833 786 1888; x_wconf 91' lang='lat' dir='ltr'><strong>etmultis</strong></span> <span class='ocrx_word' id='word_1_254' title='bbox 801 1834 889 1890; x_wconf 92' lang='lat' dir='ltr'><strong>hono·</strong></span> <span class='ocrx_word' id='word_1_255' title='bbox 937 1831 1061 1904; x_wconf 86' lang='lat' dir='ltr'><strong>propria.</strong></span> <span class='ocrx_word' id='word_1_256' title='bbox 1082 1832 1168 1887; x_wconf 89' lang='lat' dir='ltr'><strong>Porro</strong></span> <span class='ocrx_word' id='word_1_257' title='bbox 1187 1829 1313 1903; x_wconf 86' lang='lat' dir='ltr'><strong>quidam,</strong></span> <span class='ocrx_word' id='word_1_258' title='bbox 1334 1834 1440 1902; x_wconf 89' lang='lat' dir='ltr'><strong>quanto</strong></span> <span class='ocrx_word' id='word_1_259' title='bbox 1460 1829 1574 1901; x_wconf 90' lang='lat' dir='ltr'><strong>gravius</strong></span> <span class='ocrx_word' id='word_1_260' title='bbox 1592 1845 1621 1885; x_wconf 90' lang='lat' dir='ltr'><strong>se</strong></span> <span class='ocrx_word' id='word_1_261' title='bbox 1642 1843 1753 1884; x_wconf 88' lang='lat' dir='ltr'><strong>errasse</strong></span> 
     </span>
     <span class='ocr_line' id='line_1_19' title="bbox 66 1919 1753 1999; baseline 0.001 -25"><span class='ocrx_word' id='word_1_262' title='bbox 66 1919 151 1975; x_wconf 88' lang='lat' dir='ltr'><strong>ribus</strong></span> <span class='ocrx_word' id='word_1_263' title='bbox 171 1920 243 1975; x_wconf 91' lang='lat' dir='ltr'><strong>olim</strong></span> <span class='ocrx_word' id='word_1_264' title='bbox 257 1919 292 1976; x_wconf 91' lang='lat' dir='ltr'><strong>ab</strong></span> <span class='ocrx_word' id='word_1_265' title='bbox 312 1920 373 1993; x_wconf 93' lang='lat' dir='ltr'><strong>ipso</strong></span> <span class='ocrx_word' id='word_1_266' title='bbox 390 1928 548 1993; x_wconf 89' lang='lat' dir='ltr'><strong>promotus,</strong></span> <span class='ocrx_word' id='word_1_267' title='bbox 569 1940 644 1980; x_wconf 89' lang='lat' dir='ltr'><strong>nunc</strong></span> <span class='ocrx_word' id='word_1_268' title='bbox 663 1941 797 1999; x_wconf 88' lang='lat' dir='ltr'><strong>maguum</strong></span> <span class='ocrx_word' id='word_1_269' title='bbox 816 1928 887 1984; x_wconf 87' lang='lat' dir='ltr'><strong>Nor·</strong></span> <span class='ocrx_word' id='word_1_270' title='bbox 936 1925 967 1980; x_wconf 90' lang='lat' dir='ltr'><strong>iu</strong></span> <span class='ocrx_word' id='word_1_271' title='bbox 991 1925 1103 1997; x_wconf 90' lang='lat' dir='ltr'><strong>regiam</strong></span> <span class='ocrx_word' id='word_1_272' title='bbox 1124 1924 1301 1996; x_wconf 80' lang='lat' dir='ltr'><strong>nsajestatem</strong></span> <span class='ocrx_word' id='word_1_273' title='bbox 1321 1927 1470 1989; x_wconf 90' lang='lat' dir='ltr'><strong>noverunt,</strong></span> <span class='ocrx_word' id='word_1_274' title='bbox 1494 1927 1574 1978; x_wconf 74' lang='lat' dir='ltr'><strong>taum</strong></span> <span class='ocrx_word' id='word_1_275' title='bbox 1597 1922 1753 1978; x_wconf 80' lang='lat' dir='ltr'><strong>ferventius</strong></span> 
     </span>
     <span class='ocr_line' id='line_1_20' title="bbox 64 2012 1753 2092; baseline 0.002 -24"><span class='ocrx_word' id='word_1_276' title='bbox 64 2012 194 2069; x_wconf 82' lang='lat' dir='ltr'><strong>mannire</strong></span> <span class='ocrx_word' id='word_1_277' title='bbox 217 2019 328 2086; x_wconf 90' lang='lat' dir='ltr'><strong>purtem</strong></span> <span class='ocrx_word' id='word_1_278' title='bbox 356 2015 493 2086; x_wconf 88' lang='lat' dir='ltr'><strong>possidet,</strong></span> <span class='ocrx_word' id='word_1_279' title='bbox 521 2017 738 2092; x_wconf 74' lang='lat' dir='ltr'><strong>fortissimisque</strong></span> <span class='ocrx_word' id='word_1_280' title='bbox 766 2021 887 2077; x_wconf 85' lang='lat' dir='ltr'><strong>castellis</strong></span> <span class='ocrx_word' id='word_1_281' title='bbox 937 2019 1159 2091; x_wconf 85' lang='lat' dir='ltr'><strong>omnitempore</strong></span> <span class='ocrx_word' id='word_1_282' title='bbox 1176 2017 1358 2090; x_wconf 90' lang='lat' dir='ltr'><strong>postmodum</strong></span> <span class='ocrx_word' id='word_1_283' title='bbox 1375 2016 1753 2084; x_wconf 85' lang='lat' dir='ltr'><strong>eilamulatisunt,ettam</strong></span> 
     </span>
     <span class='ocr_line' id='line_1_21' title="bbox 63 2106 1753 2185; baseline 0.002 -23"><span class='ocrx_word' id='word_1_284' title='bbox 63 2106 277 2175; x_wconf 86' lang='lat' dir='ltr'><strong>corroboratus,</strong></span> <span class='ocrx_word' id='word_1_285' title='bbox 292 2123 364 2180; x_wconf 90' lang='lat' dir='ltr'><strong>pene</strong></span> <span class='ocrx_word' id='word_1_286' title='bbox 377 2109 513 2165; x_wconf 88' lang='lat' dir='ltr'><strong>omnibus</strong></span> <span class='ocrx_word' id='word_1_287' title='bbox 526 2110 625 2167; x_wconf 90' lang='lat' dir='ltr'><strong>vicinis</strong></span> <span class='ocrx_word' id='word_1_288' title='bbox 638 2113 696 2167; x_wconf 91' lang='lat' dir='ltr'><strong>sais</strong></span> <span class='ocrx_word' id='word_1_289' title='bbox 709 2115 886 2171; x_wconf 80' lang='lat' dir='ltr'><strong>etNeustriae</strong></span> <span class='ocrx_word' id='word_1_290' title='bbox 937 2112 1105 2168; x_wconf 88' lang='lat' dir='ltr'><strong>muneribus</strong></span> <span class='ocrx_word' id='word_1_291' title='bbox 1122 2128 1211 2185; x_wconf 91' lang='lat' dir='ltr'><strong>quam</strong></span> <span class='ocrx_word' id='word_1_292' title='bbox 1224 2109 1345 2166; x_wconf 89' lang='lat' dir='ltr'><strong>servitiis</strong></span> <span class='ocrx_word' id='word_1_293' title='bbox 1367 2126 1400 2164; x_wconf 91' lang='lat' dir='ltr'><strong>ac</strong></span> <span class='ocrx_word' id='word_1_294' title='bbox 1418 2108 1632 2165; x_wconf 89' lang='lat' dir='ltr'><strong>adulationibus</strong></span> <span class='ocrx_word' id='word_1_295' title='bbox 1654 2108 1753 2165; x_wconf 90' lang='lat' dir='ltr'><strong>multis</strong></span> 
     </span>
     <span class='ocr_line' id='line_1_22' title="bbox 63 2199 1347 2279; baseline 0.002 -24"><span class='ocrx_word' id='word_1_296' title='bbox 63 2199 232 2274; x_wconf 88' lang='lat' dir='ltr'><strong>proceribus</strong></span> <span class='ocrx_word' id='word_1_297' title='bbox 251 2202 430 2273; x_wconf 78' lang='lat' dir='ltr'><strong>praeminet.</strong></span> <span class='ocrx_word' id='word_1_298' title='bbox 446 2203 493 2258; x_wconf 87' lang='lat' dir='ltr'><strong>llis</strong></span> <span class='ocrx_word' id='word_1_299' title='bbox 506 2204 602 2276; x_wconf 92' lang='lat' dir='ltr'><strong>itaque</strong></span> <span class='ocrx_word' id='word_1_300' title='bbox 618 2205 641 2261; x_wconf 92' lang='lat' dir='ltr'><strong>si</strong></span> <span class='ocrx_word' id='word_1_301' title='bbox 658 2206 750 2263; x_wconf 86' lang='lat' dir='ltr'><strong>animi</strong></span> <span class='ocrx_word' id='word_1_302' title='bbox 764 2207 807 2264; x_wconf 90' lang='lat' dir='ltr'><strong>tui</strong></span> <span class='ocrx_word' id='word_1_303' title='bbox 822 2224 888 2265; x_wconf 90' lang='lat' dir='ltr'><strong>rau·</strong></span> <span class='ocrx_word' id='word_1_304' title='bbox 936 2207 1026 2265; x_wconf 90' lang='lat' dir='ltr'><strong>modis</strong></span> <span class='ocrx_word' id='word_1_305' title='bbox 1040 2207 1151 2279; x_wconf 88' lang='lat' dir='ltr'><strong>placere</strong></span> <span class='ocrx_word' id='word_1_306' title='bbox 1164 2205 1347 2262; x_wconf 89' lang='lat' dir='ltr'><strong>studuerunt.</strong></span> 
     </span>
    </p>

    <p class='ocr_par' dir='ltr' id='par_1_5' title="bbox 62 2294 1840 3028">
     <span class='ocr_line' id='line_1_23' title="bbox 64 2294 1753 2377; baseline 0.008 -28"><span class='ocrx_word' id='word_1_307' title='bbox 64 2310 166 2350; x_wconf 85' lang='lat' dir='ltr'><strong>aorem</strong></span> <span class='ocrx_word' id='word_1_308' title='bbox 187 2294 349 2360; x_wconf 89' lang='lat' dir='ltr'><strong>indulseris,</strong></span> <span class='ocrx_word' id='word_1_309' title='bbox 370 2300 399 2351; x_wconf 91' lang='lat' dir='ltr'><strong>et</strong></span> <span class='ocrx_word' id='word_1_310' title='bbox 417 2302 512 2352; x_wconf 76' lang='lat' dir='ltr'><strong>tectim</strong></span> <span class='ocrx_word' id='word_1_311' title='bbox 536 2297 701 2372; x_wconf 81' lang='lat' dir='ltr'><strong>benigniter</strong></span> <span class='ocrx_word' id='word_1_312' title='bbox 721 2302 885 2371; x_wconf 87' lang='lat' dir='ltr'><strong>retinueris,</strong></span> <span class='ocrx_word' id='word_1_313' title='bbox 936 2311 980 2366; x_wconf 80' lang='lat' dir='ltr'><strong>tv,</strong></span> <span class='ocrx_word' id='word_1_314' title='bbox 999 2310 1169 2377; x_wconf 70' lang='lat' dir='ltr'><strong>Grsrnsridne</strong></span> <span class='ocrx_word' id='word_1_315' title='bbox 1182 2323 1232 2365; x_wconf 76' lang='lat' dir='ltr'><strong>ren</strong></span> <span class='ocrx_word' id='word_1_316' title='bbox 1243 2308 1404 2364; x_wconf 80' lang='lat' dir='ltr'><strong>(lautiorem</strong></span> <span class='ocrx_word' id='word_1_317' title='bbox 1418 2305 1549 2375; x_wconf 70' lang='lat' dir='ltr'><strong>Anplwm</strong></span> <span class='ocrx_word' id='word_1_318' title='bbox 1561 2304 1678 2360; x_wconf 83' lang='lat' dir='ltr'><strong>invadit.</strong></span> <span class='ocrx_word' id='word_1_319' title='bbox 1692 2306 1753 2361; x_wconf 73' lang='lat' dir='ltr'><strong>rtis</strong></span> 
     </span>
     <span class='ocr_line' id='line_1_24' title="bbox 63 2386 1609 2462; baseline -0.003 -20"><span class='ocrx_word' id='word_1_320' title='bbox 63 2390 115 2442; x_wconf 91' lang='lat' dir='ltr'><strong>aut</strong></span> <span class='ocrx_word' id='word_1_321' title='bbox 135 2388 267 2444; x_wconf 88' lang='lat' dir='ltr'><strong>saltema</strong></span> <span class='ocrx_word' id='word_1_322' title='bbox 282 2393 310 2444; x_wconf 82' lang='lat' dir='ltr'><strong>te</strong></span> <span class='ocrx_word' id='word_1_323' title='bbox 328 2406 393 2444; x_wconf 91' lang='lat' dir='ltr'><strong>cum</strong></span> <span class='ocrx_word' id='word_1_324' title='bbox 414 2407 484 2461; x_wconf 87' lang='lat' dir='ltr'><strong>pace</strong></span> <span class='ocrx_word' id='word_1_325' title='bbox 504 2391 656 2462; x_wconf 84' lang='lat' dir='ltr'><strong>dimiseris,</strong></span> <span class='ocrx_word' id='word_1_326' title='bbox 675 2410 776 2451; x_wconf 90' lang='lat' dir='ltr'><strong>eorum</strong></span> <span class='ocrx_word' id='word_1_327' title='bbox 793 2396 886 2452; x_wconf 84' lang='lat' dir='ltr'><strong>adhuc</strong></span> <span class='ocrx_word' id='word_1_328' title='bbox 1076 2391 1146 2445; x_wconf 82' lang='lat' dir='ltr'><strong>torio</strong></span> <span class='ocrx_word' id='word_1_329' title='bbox 1160 2389 1268 2446; x_wconf 83' lang='lat' dir='ltr'><strong>liuberti</strong></span> <span class='ocrx_word' id='word_1_330' title='bbox 1280 2386 1483 2445; x_wconf 81' lang='lat' dir='ltr'><strong>Rodeientcnsis</strong></span> <span class='ocrx_word' id='word_1_331' title='bbox 1496 2386 1609 2440; x_wconf 81' lang='lat' dir='ltr'><strong>comitis.</strong></span> 
     </span>
     <span class='ocr_line' id='line_1_25' title="bbox 63 2480 1752 2559; baseline 0.001 -23"><span class='ocrx_word' id='word_1_332' title='bbox 63 2480 196 2537; x_wconf 87' lang='lat' dir='ltr'><strong>amicitia</strong></span> <span class='ocrx_word' id='word_1_333' title='bbox 223 2482 393 2555; x_wconf 89' lang='lat' dir='ltr'><strong>servitioque</strong></span> <span class='ocrx_word' id='word_1_334' title='bbox 422 2484 451 2539; x_wconf 93' lang='lat' dir='ltr'><strong>iu</strong></span> <span class='ocrx_word' id='word_1_335' title='bbox 479 2485 577 2541; x_wconf 90' lang='lat' dir='ltr'><strong>multis</strong></span> <span class='ocrx_word' id='word_1_336' title='bbox 603 2488 751 2544; x_wconf 83' lang='lat' dir='ltr'><strong>eventibus</strong></span> <span class='ocrx_word' id='word_1_337' title='bbox 781 2489 886 2546; x_wconf 84' lang='lat' dir='ltr'><strong>utiliter</strong></span> <span class='ocrx_word' id='word_1_338' title='bbox 970 2488 1040 2543; x_wconf 82' lang='lat' dir='ltr'><strong>Cum</strong></span> <span class='ocrx_word' id='word_1_339' title='bbox 1062 2486 1222 2559; x_wconf 89' lang='lat' dir='ltr'><strong>supradicta</strong></span> <span class='ocrx_word' id='word_1_340' title='bbox 1245 2488 1416 2557; x_wconf 86' lang='lat' dir='ltr'><strong>tempestate</strong></span> <span class='ocrx_word' id='word_1_341' title='bbox 1438 2484 1625 2540; x_wconf 88' lang='lat' dir='ltr'><strong>vehementer</strong></span> <span class='ocrx_word' id='word_1_342' title='bbox 1648 2482 1752 2555; x_wconf 71' lang='lat' dir='ltr'><strong>anglia</strong></span> 
     </span>
     <span class='ocr_line' id='line_1_26' title="bbox 62 2575 1840 2653; baseline -0.001 -23"><span class='ocrx_word' id='word_1_343' title='bbox 62 2575 231 2647; x_wconf 77' lang='lat' dir='ltr'><strong>perfrueris.</strong></span> <span class='ocrx_word' id='word_1_344' title='bbox 260 2575 336 2631; x_wconf 88' lang='lat' dir='ltr'><strong>idem</strong></span> <span class='ocrx_word' id='word_1_345' title='bbox 360 2575 409 2648; x_wconf 92' lang='lat' dir='ltr'><strong>qui</strong></span> <span class='ocrx_word' id='word_1_346' title='bbox 433 2576 523 2647; x_wconf 77' lang='lat' dir='ltr'><strong>ludit,</strong></span> <span class='ocrx_word' id='word_1_347' title='bbox 550 2579 608 2635; x_wconf 86' lang='lat' dir='ltr'><strong>lors</strong></span> <span class='ocrx_word' id='word_1_348' title='bbox 635 2585 698 2652; x_wconf 91' lang='lat' dir='ltr'><strong>post</strong></span> <span class='ocrx_word' id='word_1_349' title='bbox 721 2586 752 2637; x_wconf 94' lang='lat' dir='ltr'><strong>ut</strong></span> <span class='ocrx_word' id='word_1_350' title='bbox 774 2584 885 2639; x_wconf 89' lang='lat' dir='ltr'><strong>amicus</strong></span> <span class='ocrx_word' id='word_1_351' title='bbox 935 2580 1062 2653; x_wconf 90' lang='lat' dir='ltr'><strong>undique</strong></span> <span class='ocrx_word' id='word_1_352' title='bbox 1076 2584 1283 2646; x_wconf 88' lang='lat' dir='ltr'><strong>concuteretur,</strong></span> <span class='ocrx_word' id='word_1_353' title='bbox 1298 2584 1326 2634; x_wconf 93' lang='lat' dir='ltr'><strong>et</strong></span> <span class='ocrx_word' id='word_1_354' title='bbox 1342 2577 1448 2633; x_wconf 91' lang='lat' dir='ltr'><strong>mutuis</strong></span> <span class='ocrx_word' id='word_1_355' title='bbox 1464 2576 1630 2633; x_wconf 86' lang='lat' dir='ltr'><strong>vulneribus</strong></span> <span class='ocrx_word' id='word_1_356' title='bbox 1650 2576 1751 2633; x_wconf 83' lang='lat' dir='ltr'><strong>incolae</strong></span> <span class='ocrx_word' id='word_1_357' title='bbox 1833 2624 1840 2629; x_wconf 92' lang='lat'>.</span> 
     </span>
     <span class='ocr_line' id='line_1_27' title="bbox 62 2667 1750 2748; baseline 0.003 -26"><span class='ocrx_word' id='word_1_358' title='bbox 62 2667 173 2723; x_wconf 88' lang='lat' dir='ltr'><strong>obedit.</strong></span> <span class='ocrx_word' id='word_1_359' title='bbox 203 2670 234 2724; x_wconf 92' lang='lat' dir='ltr'><strong>lu</strong></span> <span class='ocrx_word' id='word_1_360' title='bbox 253 2669 357 2725; x_wconf 85' lang='lat' dir='ltr'><strong>horum</strong></span> <span class='ocrx_word' id='word_1_361' title='bbox 378 2669 514 2727; x_wconf 89' lang='lat' dir='ltr'><strong>comitatu</strong></span> <span class='ocrx_word' id='word_1_362' title='bbox 538 2673 662 2744; x_wconf 90' lang='lat' dir='ltr'><strong>pollent,</strong></span> <span class='ocrx_word' id='word_1_363' title='bbox 684 2691 804 2748; x_wconf 89' lang='lat' dir='ltr'><strong>seseque</strong></span> <span class='ocrx_word' id='word_1_364' title='bbox 830 2677 885 2734; x_wconf 89' lang='lat' dir='ltr'><strong>tibi</strong></span> <span class='ocrx_word' id='word_1_365' title='bbox 934 2674 1016 2746; x_wconf 88' lang='lat' dir='ltr'><strong>regui</strong></span> <span class='ocrx_word' id='word_1_366' title='bbox 1031 2672 1157 2746; x_wconf 90' lang='lat' dir='ltr'><strong>quotidie</strong></span> <span class='ocrx_word' id='word_1_367' title='bbox 1174 2677 1375 2742; x_wconf 79' lang='lat' dir='ltr'><strong>mactarentur,</strong></span> <span class='ocrx_word' id='word_1_368' title='bbox 1390 2670 1500 2743; x_wconf 85' lang='lat' dir='ltr'><strong>quiebi</strong></span> <span class='ocrx_word' id='word_1_369' title='bbox 1515 2687 1613 2743; x_wconf 90' lang='lat' dir='ltr'><strong>regem</strong></span> <span class='ocrx_word' id='word_1_370' title='bbox 1627 2669 1750 2742; x_wconf 86' lang='lat' dir='ltr'><strong>dejicere</strong></span> 
     </span>
     <span class='ocr_line' id='line_1_28' title="bbox 62 2761 1765 2842; baseline 0.001 -26"><span class='ocrx_word' id='word_1_371' title='bbox 62 2761 193 2817; x_wconf 80' lang='lat' dir='ltr'><strong>offerunt</strong></span> <span class='ocrx_word' id='word_1_372' title='bbox 207 2762 305 2818; x_wconf 82' lang='lat' dir='ltr'><strong>eximii</strong></span> <span class='ocrx_word' id='word_1_373' title='bbox 319 2762 437 2834; x_wconf 87' lang='lat' dir='ltr'><strong>tirones,</strong></span> <span class='ocrx_word' id='word_1_374' title='bbox 451 2781 573 2836; x_wconf 91' lang='lat' dir='ltr'><strong>qaorum</strong></span> <span class='ocrx_word' id='word_1_375' title='bbox 586 2767 762 2837; x_wconf 89' lang='lat' dir='ltr'><strong>servitutem,</strong></span> <span class='ocrx_word' id='word_1_376' title='bbox 778 2770 884 2842; x_wconf 84' lang='lat' dir='ltr'><strong>inclyte</strong></span> <span class='ocrx_word' id='word_1_377' title='bbox 933 2766 1093 2835; x_wconf 88' lang='lat' dir='ltr'><strong>tentabant,</strong></span> <span class='ocrx_word' id='word_1_378' title='bbox 1105 2766 1145 2821; x_wconf 93' lang='lat' dir='ltr'><strong>illi</strong></span> <span class='ocrx_word' id='word_1_379' title='bbox 1158 2769 1274 2822; x_wconf 89' lang='lat' dir='ltr'><strong>econtra</strong></span> <span class='ocrx_word' id='word_1_380' title='bbox 1288 2782 1339 2837; x_wconf 91' lang='lat' dir='ltr'><strong>pro</strong></span> <span class='ocrx_word' id='word_1_381' title='bbox 1352 2781 1421 2837; x_wconf 90' lang='lat' dir='ltr'><strong>rege</strong></span> <span class='ocrx_word' id='word_1_382' title='bbox 1434 2763 1550 2820; x_wconf 91' lang='lat' dir='ltr'><strong>viriliter</strong></span> <span class='ocrx_word' id='word_1_383' title='bbox 1562 2763 1748 2834; x_wconf 85' lang='lat' dir='ltr'><strong>dimicabant,</strong></span> <span class='ocrx_word' id='word_1_384' title='bbox 1762 2788 1765 2793; x_wconf 96' lang='lat'>·</span> 
     </span>
     <span class='ocr_line' id='line_1_29' title="bbox 62 2854 1749 2935; baseline 0.004 -27"><span class='ocrx_word' id='word_1_385' title='bbox 62 2871 124 2924; x_wconf 86' lang='lat' dir='ltr'><strong>rex,</strong></span> <span class='ocrx_word' id='word_1_386' title='bbox 147 2854 357 2927; x_wconf 86' lang='lat' dir='ltr'><strong>parvipendere</strong></span> <span class='ocrx_word' id='word_1_387' title='bbox 377 2872 435 2912; x_wconf 91' lang='lat' dir='ltr'><strong>nou</strong></span> <span class='ocrx_word' id='word_1_388' title='bbox 458 2858 552 2914; x_wconf 90' lang='lat' dir='ltr'><strong>debes.</strong></span> <span class='ocrx_word' id='word_1_389' title='bbox 569 2859 659 2932; x_wconf 89' lang='lat' dir='ltr'><strong>lgitur</strong></span> <span class='ocrx_word' id='word_1_390' title='bbox 673 2877 744 2934; x_wconf 90' lang='lat' dir='ltr'><strong>quos</strong></span> <span class='ocrx_word' id='word_1_391' title='bbox 760 2863 824 2935; x_wconf 88' lang='lat' dir='ltr'><strong>jam</strong></span> <span class='ocrx_word' id='word_1_392' title='bbox 839 2881 884 2920; x_wconf 93' lang='lat' dir='ltr'><strong>su·</strong></span> <span class='ocrx_word' id='word_1_393' title='bbox 934 2861 1116 2930; x_wconf 87' lang='lat' dir='ltr'><strong>Gritbiridus,</strong></span> <span class='ocrx_word' id='word_1_394' title='bbox 1132 2877 1180 2916; x_wconf 82' lang='lat' dir='ltr'><strong>rex</strong></span> <span class='ocrx_word' id='word_1_395' title='bbox 1193 2859 1370 2930; x_wconf 84' lang='lat' dir='ltr'><strong>Guallorum,</strong></span> <span class='ocrx_word' id='word_1_396' title='bbox 1386 2876 1451 2914; x_wconf 91' lang='lat' dir='ltr'><strong>cum</strong></span> <span class='ocrx_word' id='word_1_397' title='bbox 1467 2858 1591 2914; x_wconf 81' lang='lat' dir='ltr'><strong>exercitu</strong></span> <span class='ocrx_word' id='word_1_398' title='bbox 1609 2874 1660 2914; x_wconf 94' lang='lat' dir='ltr'><strong>suo</strong></span> <span class='ocrx_word' id='word_1_399' title='bbox 1677 2857 1749 2915; x_wconf 89' lang='lat' dir='ltr'><strong>lines</strong></span> 
     </span>
     <span class='ocr_line' id='line_1_30' title="bbox 62 2947 1748 3028; baseline 0.003 -25"><span class='ocrx_word' id='word_1_400' title='bbox 62 2947 171 3020; x_wconf 87' lang='lat' dir='ltr'><strong>parasti</strong></span> <span class='ocrx_word' id='word_1_401' title='bbox 192 2951 342 3021; x_wconf 88' lang='lat' dir='ltr'><strong>potestate,</strong></span> <span class='ocrx_word' id='word_1_402' title='bbox 357 2949 462 3006; x_wconf 80' lang='lat' dir='ltr'><strong>divitiis</strong></span> <span class='ocrx_word' id='word_1_403' title='bbox 475 2955 504 3006; x_wconf 91' lang='lat' dir='ltr'><strong>et</strong></span> <span class='ocrx_word' id='word_1_404' title='bbox 518 2951 629 3025; x_wconf 79' lang='lat' dir='ltr'><strong>ingenti</strong></span> <span class='ocrx_word' id='word_1_405' title='bbox 644 2954 796 3027; x_wconf 88' lang='lat' dir='ltr'><strong>probitate,</strong></span> <span class='ocrx_word' id='word_1_406' title='bbox 816 2958 882 3013; x_wconf 92' lang='lat' dir='ltr'><strong>sub·</strong></span> <span class='ocrx_word' id='word_1_407' title='bbox 932 2954 1041 3028; x_wconf 68' lang='lat' dir='ltr'><strong>angliae</strong></span> <span class='ocrx_word' id='word_1_408' title='bbox 1059 2954 1163 3010; x_wconf 87' lang='lat' dir='ltr'><strong>invasit</strong></span> <span class='ocrx_word' id='word_1_409' title='bbox 1175 2960 1203 3010; x_wconf 92' lang='lat' dir='ltr'><strong>et</strong></span> <span class='ocrx_word' id='word_1_410' title='bbox 1215 2953 1290 3009; x_wconf 90' lang='lat' dir='ltr'><strong>circa</strong></span> <span class='ocrx_word' id='word_1_411' title='bbox 1310 2953 1499 3009; x_wconf 85' lang='lat' dir='ltr'><strong>Rodeleatum</strong></span> <span class='ocrx_word' id='word_1_412' title='bbox 1519 2968 1654 3025; x_wconf 90' lang='lat' dir='ltr'><strong>maguam</strong></span> <span class='ocrx_word' id='word_1_413' title='bbox 1673 2956 1748 3008; x_wconf 91' lang='lat' dir='ltr'><strong>stra·</strong></span> 
     </span>
    </p>
   </div>
   <div class='ocr_carea' id='block_1_5' title="bbox 57 3040 1747 3494">
    <p class='ocr_par' dir='ltr' id='par_1_6' title="bbox 57 3040 1747 3153">
     <span class='ocr_line' id='line_1_31' title="bbox 57 3040 1747 3153; baseline 0.006 -60"><span class='ocrx_word' id='word_1_414' title='bbox 57 3041 132 3112; x_wconf 88' lang='lat' dir='ltr'><strong>juga</strong></span> <span class='ocrx_word' id='word_1_415' title='bbox 148 3040 199 3095; x_wconf 92' lang='lat' dir='ltr'><strong>tibi</strong></span> <span class='ocrx_word' id='word_1_416' title='bbox 215 3041 431 3113; x_wconf 78' lang='lat' dir='ltr'><strong>magnificentia</strong></span> <span class='ocrx_word' id='word_1_417' title='bbox 446 3046 475 3099; x_wconf 90' lang='lat' dir='ltr'><strong>et</strong></span> <span class='ocrx_word' id='word_1_418' title='bbox 487 3044 601 3117; x_wconf 85' lang='lat' dir='ltr'><strong>pietate.</strong></span> <span class='ocrx_word' id='word_1_419' title='bbox 619 3069 633 3098; x_wconf 75' lang='lat' dir='ltr'><strong>u</strong></span> <span class='ocrx_word' id='word_1_420' title='bbox 892 3065 999 3153; x_wconf 76' lang='lat' dir='ltr'><strong>Cgem</strong></span> <span class='ocrx_word' id='word_1_421' title='bbox 1015 3048 1167 3105; x_wconf 89' lang='lat' dir='ltr'><strong>bominum</strong></span> <span class='ocrx_word' id='word_1_422' title='bbox 1181 3053 1210 3103; x_wconf 91' lang='lat' dir='ltr'><strong>et</strong></span> <span class='ocrx_word' id='word_1_423' title='bbox 1224 3047 1356 3103; x_wconf 89' lang='lat' dir='ltr'><strong>incendia</strong></span> <span class='ocrx_word' id='word_1_424' title='bbox 1371 3048 1452 3116; x_wconf 81' lang='lat' dir='ltr'><strong>lecit3</strong></span> <span class='ocrx_word' id='word_1_425' title='bbox 1467 3047 1618 3120; x_wconf 89' lang='lat' dir='ltr'><strong>ingentem</strong></span> <span class='ocrx_word' id='word_1_426' title='bbox 1630 3062 1747 3118; x_wconf 91' lang='lat' dir='ltr'><strong>quoque</strong></span> 
     </span>
    </p>

    <p class='ocr_par' dir='ltr' id='par_1_7' title="bbox 61 3134 1747 3494">
     <span class='ocr_line' id='line_1_32' title="bbox 98 3134 1747 3215; baseline 0.007 -27"><span class='ocrx_word' id='word_1_427' title='bbox 98 3134 299 3206; x_wconf 71' lang='lat' dir='ltr'><strong>Magnanimus</strong></span> <span class='ocrx_word' id='word_1_428' title='bbox 319 3136 416 3208; x_wconf 87' lang='lat' dir='ltr'><strong>itaque</strong></span> <span class='ocrx_word' id='word_1_429' title='bbox 430 3153 491 3206; x_wconf 84' lang='lat' dir='ltr'><strong>rex,</strong></span> <span class='ocrx_word' id='word_1_430' title='bbox 513 3138 641 3197; x_wconf 88' lang='lat' dir='ltr'><strong>fidelium</strong></span> <span class='ocrx_word' id='word_1_431' title='bbox 660 3157 778 3198; x_wconf 88' lang='lat' dir='ltr'><strong>suorum</strong></span> <span class='ocrx_word' id='word_1_432' title='bbox 794 3143 883 3215; x_wconf 89' lang='lat' dir='ltr'><strong>preci·</strong></span> <span class='ocrx_word' id='word_1_433' title='bbox 933 3143 1062 3215; x_wconf 77' lang='lat' dir='ltr'><strong>predam</strong></span> <span class='ocrx_word' id='word_1_434' title='bbox 1085 3142 1169 3214; x_wconf 90' lang='lat' dir='ltr'><strong>cepit,</strong></span> <span class='ocrx_word' id='word_1_435' title='bbox 1190 3140 1376 3213; x_wconf 88' lang='lat' dir='ltr'><strong>hominesque</strong></span> <span class='ocrx_word' id='word_1_436' title='bbox 1394 3140 1423 3195; x_wconf 90' lang='lat' dir='ltr'><strong>in</strong></span> <span class='ocrx_word' id='word_1_437' title='bbox 1443 3140 1634 3212; x_wconf 89' lang='lat' dir='ltr'><strong>captivitatem</strong></span> <span class='ocrx_word' id='word_1_438' title='bbox 1655 3138 1747 3201; x_wconf 78' lang='lat' dir='ltr'><strong>duxit.</strong></span> 
     </span>
     <span class='ocr_line' id='line_1_33' title="bbox 62 3227 1746 3305; baseline 0.006 -25"><span class='ocrx_word' id='word_1_439' title='bbox 62 3228 118 3282; x_wconf 91' lang='lat' dir='ltr'><strong>bas</strong></span> <span class='ocrx_word' id='word_1_440' title='bbox 131 3227 232 3296; x_wconf 81' lang='lat' dir='ltr'><strong>rictus,</strong></span> <span class='ocrx_word' id='word_1_441' title='bbox 246 3229 374 3299; x_wconf 83' lang='lat' dir='ltr'><strong>assensit,</strong></span> <span class='ocrx_word' id='word_1_442' title='bbox 392 3230 513 3286; x_wconf 84' lang='lat' dir='ltr'><strong>exitium</strong></span> <span class='ocrx_word' id='word_1_443' title='bbox 526 3236 555 3288; x_wconf 92' lang='lat' dir='ltr'><strong>et</strong></span> <span class='ocrx_word' id='word_1_444' title='bbox 569 3234 763 3291; x_wconf 89' lang='lat' dir='ltr'><strong>membrarum</strong></span> <span class='ocrx_word' id='word_1_445' title='bbox 776 3235 881 3292; x_wconf 90' lang='lat' dir='ltr'><strong>debili·</strong></span> <span class='ocrx_word' id='word_1_446' title='bbox 933 3237 1091 3293; x_wconf 85' lang='lat' dir='ltr'><strong>ilodbertus</strong></span> <span class='ocrx_word' id='word_1_447' title='bbox 1105 3238 1212 3305; x_wconf 90' lang='lat' dir='ltr'><strong>autem,</strong></span> <span class='ocrx_word' id='word_1_448' title='bbox 1228 3235 1377 3291; x_wconf 85' lang='lat' dir='ltr'><strong>Rodcleuti</strong></span> <span class='ocrx_word' id='word_1_449' title='bbox 1391 3232 1533 3305; x_wconf 90' lang='lat' dir='ltr'><strong>princeps,</strong></span> <span class='ocrx_word' id='word_1_450' title='bbox 1547 3233 1583 3289; x_wconf 90' lang='lat' dir='ltr'><strong>de</strong></span> <span class='ocrx_word' id='word_1_451' title='bbox 1596 3232 1746 3291; x_wconf 88' lang='lat' dir='ltr'><strong>obsidione</strong></span> 
     </span>
     <span class='ocr_line' id='line_1_34' title="bbox 61 3320 1747 3400; baseline 0.004 -26"><span class='ocrx_word' id='word_1_452' title='bbox 61 3320 204 3376; x_wconf 87' lang='lat' dir='ltr'><strong>tationem</strong></span> <span class='ocrx_word' id='word_1_453' title='bbox 226 3320 345 3376; x_wconf 88' lang='lat' dir='ltr'><strong>obsessis</strong></span> <span class='ocrx_word' id='word_1_454' title='bbox 364 3322 492 3392; x_wconf 89' lang='lat' dir='ltr'><strong>indulsit,</strong></span> <span class='ocrx_word' id='word_1_455' title='bbox 515 3331 545 3381; x_wconf 91' lang='lat' dir='ltr'><strong>et</strong></span> <span class='ocrx_word' id='word_1_456' title='bbox 567 3328 603 3382; x_wconf 92' lang='lat' dir='ltr'><strong>de</strong></span> <span class='ocrx_word' id='word_1_457' title='bbox 625 3328 730 3400; x_wconf 92' lang='lat' dir='ltr'><strong>oppido</strong></span> <span class='ocrx_word' id='word_1_458' title='bbox 759 3330 883 3386; x_wconf 85' lang='lat' dir='ltr'><strong>exaundi</strong></span> <span class='ocrx_word' id='word_1_459' title='bbox 932 3328 1056 3386; x_wconf 80' lang='lat' dir='ltr'><strong>Roiiensi</strong></span> <span class='ocrx_word' id='word_1_460' title='bbox 1075 3329 1200 3398; x_wconf 90' lang='lat' dir='ltr'><strong>rediens,</strong></span> <span class='ocrx_word' id='word_1_461' title='bbox 1218 3331 1248 3384; x_wconf 89' lang='lat' dir='ltr'><strong>et</strong></span> <span class='ocrx_word' id='word_1_462' title='bbox 1264 3332 1324 3383; x_wconf 90' lang='lat' dir='ltr'><strong>tam</strong></span> <span class='ocrx_word' id='word_1_463' title='bbox 1343 3330 1451 3382; x_wconf 89' lang='lat' dir='ltr'><strong>atroces</strong></span> <span class='ocrx_word' id='word_1_464' title='bbox 1468 3326 1680 3398; x_wconf 89' lang='lat' dir='ltr'><strong>damnososque</strong></span> <span class='ocrx_word' id='word_1_465' title='bbox 1693 3324 1747 3383; x_wconf 89' lang='lat' dir='ltr'><strong>sibi</strong></span> 
     </span>
     <span class='ocr_line' id='line_1_35' title="bbox 62 3413 1746 3494; baseline 0.004 -26"><span class='ocrx_word' id='word_1_466' title='bbox 62 3413 231 3469; x_wconf 70' lang='lat' dir='ltr'><strong>laculmtem</strong></span> <span class='ocrx_word' id='word_1_467' title='bbox 252 3429 319 3470; x_wconf 91' lang='lat' dir='ltr'><strong>cnm</strong></span> <span class='ocrx_word' id='word_1_468' title='bbox 339 3416 420 3488; x_wconf 89' lang='lat' dir='ltr'><strong>equis</strong></span> <span class='ocrx_word' id='word_1_469' title='bbox 439 3421 466 3473; x_wconf 89' lang='lat' dir='ltr'><strong>et</strong></span> <span class='ocrx_word' id='word_1_470' title='bbox 487 3419 576 3474; x_wconf 84' lang='lat' dir='ltr'><strong>aruris</strong></span> <span class='ocrx_word' id='word_1_471' title='bbox 596 3422 741 3478; x_wconf 90' lang='lat' dir='ltr'><strong>concessit.</strong></span> <span class='ocrx_word' id='word_1_472' title='bbox 757 3424 810 3480; x_wconf 90' lang='lat' dir='ltr'><strong>Sed</strong></span> <span class='ocrx_word' id='word_1_473' title='bbox 823 3439 882 3479; x_wconf 91' lang='lat' dir='ltr'><strong>om·</strong></span> <span class='ocrx_word' id='word_1_474' title='bbox 932 3439 1063 3479; x_wconf 89' lang='lat' dir='ltr'><strong>rumores</strong></span> <span class='ocrx_word' id='word_1_475' title='bbox 1075 3421 1266 3494; x_wconf 89' lang='lat' dir='ltr'><strong>comperiens,</strong></span> <span class='ocrx_word' id='word_1_476' title='bbox 1281 3420 1469 3475; x_wconf 89' lang='lat' dir='ltr'><strong>vehementer</strong></span> <span class='ocrx_word' id='word_1_477' title='bbox 1481 3418 1580 3474; x_wconf 90' lang='lat' dir='ltr'><strong>dolens</strong></span> <span class='ocrx_word' id='word_1_478' title='bbox 1593 3417 1746 3490; x_wconf 79' lang='lat' dir='ltr'><strong>ingemuit,</strong></span> 
     </span>
    </p>
   </div>
   <div class='ocr_carea' id='block_1_6' title="bbox 56 3506 1831 4900">
    <p class='ocr_par' dir='ltr' id='par_1_8' title="bbox 57 3506 1797 4619">
     <span class='ocr_line' id='line_1_36' title="bbox 62 3506 1745 3590; baseline 0.004 -29"><span class='ocrx_word' id='word_1_479' title='bbox 62 3522 134 3562; x_wconf 89' lang='lat' dir='ltr'><strong>nem</strong></span> <span class='ocrx_word' id='word_1_480' title='bbox 157 3521 238 3578; x_wconf 85' lang='lat' dir='ltr'><strong>spem</strong></span> <span class='ocrx_word' id='word_1_481' title='bbox 252 3506 378 3565; x_wconf 87' lang='lat' dir='ltr'><strong>habendi</strong></span> <span class='ocrx_word' id='word_1_482' title='bbox 396 3509 577 3569; x_wconf 77' lang='lat' dir='ltr'><strong>haereditates</strong></span> <span class='ocrx_word' id='word_1_483' title='bbox 594 3519 622 3570; x_wconf 88' lang='lat' dir='ltr'><strong>et</strong></span> <span class='ocrx_word' id='word_1_484' title='bbox 640 3519 729 3571; x_wconf 89' lang='lat' dir='ltr'><strong>terras</strong></span> <span class='ocrx_word' id='word_1_485' title='bbox 749 3516 777 3572; x_wconf 92' lang='lat' dir='ltr'><strong>in</strong></span> <span class='ocrx_word' id='word_1_486' title='bbox 792 3534 881 3590; x_wconf 90' lang='lat' dir='ltr'><strong>reguo</strong></span> <span class='ocrx_word' id='word_1_487' title='bbox 932 3533 965 3572; x_wconf 89' lang='lat' dir='ltr'><strong>ec</strong></span> <span class='ocrx_word' id='word_1_488' title='bbox 980 3515 1151 3572; x_wconf 85' lang='lat' dir='ltr'><strong>terribilibus</strong></span> <span class='ocrx_word' id='word_1_489' title='bbox 1164 3514 1249 3569; x_wconf 90' lang='lat' dir='ltr'><strong>minis</strong></span> <span class='ocrx_word' id='word_1_490' title='bbox 1266 3514 1339 3569; x_wconf 87' lang='lat' dir='ltr'><strong>iram</strong></span> <span class='ocrx_word' id='word_1_491' title='bbox 1357 3528 1439 3568; x_wconf 92' lang='lat' dir='ltr'><strong>suam</strong></span> <span class='ocrx_word' id='word_1_492' title='bbox 1457 3511 1602 3568; x_wconf 88' lang='lat' dir='ltr'><strong>evidenter</strong></span> <span class='ocrx_word' id='word_1_493' title='bbox 1622 3511 1745 3582; x_wconf 87' lang='lat' dir='ltr'><strong>aperuit.</strong></span> 
     </span>
     <span class='ocr_line' id='line_1_37' title="bbox 60 3599 1797 3679; baseline 0.002 -24"><span class='ocrx_word' id='word_1_494' title='bbox 60 3600 138 3672; x_wconf 84' lang='lat' dir='ltr'><strong>ejus,</strong></span> <span class='ocrx_word' id='word_1_495' title='bbox 148 3599 277 3672; x_wconf 86' lang='lat' dir='ltr'><strong>qrrandiu</strong></span> <span class='ocrx_word' id='word_1_496' title='bbox 288 3599 348 3673; x_wconf 90' lang='lat' dir='ltr'><strong>ipse</strong></span> <span class='ocrx_word' id='word_1_497' title='bbox 361 3609 506 3675; x_wconf 91' lang='lat' dir='ltr'><strong>regnaret,</strong></span> <span class='ocrx_word' id='word_1_498' title='bbox 522 3606 649 3664; x_wconf 85' lang='lat' dir='ltr'><strong>funditus</strong></span> <span class='ocrx_word' id='word_1_499' title='bbox 662 3608 789 3666; x_wconf 86' lang='lat' dir='ltr'><strong>abscidit.</strong></span> <span class='ocrx_word' id='word_1_500' title='bbox 803 3612 882 3668; x_wconf 86' lang='lat' dir='ltr'><strong>Tunc</strong></span> <span class='ocrx_word' id='word_1_501' title='bbox 930 3611 999 3665; x_wconf 81' lang='lat' dir='ltr'><strong>Erat</strong></span> <span class='ocrx_word' id='word_1_502' title='bbox 1011 3609 1089 3665; x_wconf 89' lang='lat' dir='ltr'><strong>enim</strong></span> <span class='ocrx_word' id='word_1_503' title='bbox 1110 3607 1280 3664; x_wconf 86' lang='lat' dir='ltr'><strong>milesiortis</strong></span> <span class='ocrx_word' id='word_1_504' title='bbox 1295 3604 1428 3679; x_wconf 90' lang='lat' dir='ltr'><strong>etagilis,</strong></span> <span class='ocrx_word' id='word_1_505' title='bbox 1443 3605 1583 3661; x_wconf 89' lang='lat' dir='ltr'><strong>iacuudus</strong></span> <span class='ocrx_word' id='word_1_506' title='bbox 1600 3609 1628 3658; x_wconf 91' lang='lat' dir='ltr'><strong>et</strong></span> <span class='ocrx_word' id='word_1_507' title='bbox 1649 3603 1747 3660; x_wconf 85' lang='lat' dir='ltr'><strong>iormi-</strong></span> <span class='ocrx_word' id='word_1_508' title='bbox 1794 3664 1797 3668; x_wconf 61' lang='grc'>,</span> 
     </span>
     <span class='ocr_line' id='line_1_38' title="bbox 62 3692 1743 3775; baseline 0.003 -26"><span class='ocrx_word' id='word_1_509' title='bbox 62 3693 127 3749; x_wconf 90' lang='lat' dir='ltr'><strong>0do</strong></span> <span class='ocrx_word' id='word_1_510' title='bbox 149 3692 279 3764; x_wconf 82' lang='lat' dir='ltr'><strong>pontilex</strong></span> <span class='ocrx_word' id='word_1_511' title='bbox 303 3710 320 3749; x_wconf 93' lang='lat' dir='ltr'><strong>a</strong></span> <span class='ocrx_word' id='word_1_512' title='bbox 340 3711 409 3768; x_wconf 91' lang='lat' dir='ltr'><strong>rege</strong></span> <span class='ocrx_word' id='word_1_513' title='bbox 432 3697 505 3753; x_wconf 86' lang='lat' dir='ltr'><strong>iluio</strong></span> <span class='ocrx_word' id='word_1_514' title='bbox 527 3699 679 3772; x_wconf 88' lang='lat' dir='ltr'><strong>impetrare</strong></span> <span class='ocrx_word' id='word_1_515' title='bbox 703 3705 823 3760; x_wconf 90' lang='lat' dir='ltr'><strong>tentavit</strong></span> <span class='ocrx_word' id='word_1_516' title='bbox 844 3722 881 3763; x_wconf 92' lang='lat' dir='ltr'><strong>ne</strong></span> <span class='ocrx_word' id='word_1_517' title='bbox 931 3701 1043 3771; x_wconf 90' lang='lat' dir='ltr'><strong>dabilis,</strong></span> <span class='ocrx_word' id='word_1_518' title='bbox 1072 3703 1169 3775; x_wconf 91' lang='lat' dir='ltr'><strong>largus</strong></span> <span class='ocrx_word' id='word_1_519' title='bbox 1195 3706 1223 3757; x_wconf 90' lang='lat' dir='ltr'><strong>et</strong></span> <span class='ocrx_word' id='word_1_520' title='bbox 1248 3699 1344 3757; x_wconf 91' lang='lat' dir='ltr'><strong>multis</strong></span> <span class='ocrx_word' id='word_1_521' title='bbox 1374 3697 1559 3773; x_wconf 87' lang='lat' dir='ltr'><strong>probitatibus</strong></span> <span class='ocrx_word' id='word_1_522' title='bbox 1586 3696 1743 3754; x_wconf 90' lang='lat' dir='ltr'><strong>laudabitis.</strong></span> 
     </span>
     <span class='ocr_line' id='line_1_39' title="bbox 61 3786 1745 3867; baseline 0.002 -25"><span class='ocrx_word' id='word_1_523' title='bbox 61 3786 198 3842; x_wconf 87' lang='lat' dir='ltr'><strong>tibicines</strong></span> <span class='ocrx_word' id='word_1_524' title='bbox 220 3786 250 3842; x_wconf 92' lang='lat' dir='ltr'><strong>in</strong></span> <span class='ocrx_word' id='word_1_525' title='bbox 273 3803 371 3844; x_wconf 84' lang='lat' dir='ltr'><strong>eorum</strong></span> <span class='ocrx_word' id='word_1_526' title='bbox 395 3806 509 3862; x_wconf 88' lang='lat' dir='ltr'><strong>egressu</strong></span> <span class='ocrx_word' id='word_1_527' title='bbox 533 3792 610 3849; x_wconf 89' lang='lat' dir='ltr'><strong>tubis</strong></span> <span class='ocrx_word' id='word_1_528' title='bbox 635 3801 784 3867; x_wconf 87' lang='lat' dir='ltr'><strong>canerent,</strong></span> <span class='ocrx_word' id='word_1_529' title='bbox 808 3798 882 3855; x_wconf 85' lang='lat' dir='ltr'><strong>sicut</strong></span> <span class='ocrx_word' id='word_1_530' title='bbox 931 3796 979 3851; x_wconf 86' lang='lat' dir='ltr'><strong>Hic</strong></span> <span class='ocrx_word' id='word_1_531' title='bbox 995 3796 1117 3852; x_wconf 83' lang='lat' dir='ltr'><strong>Eduardi</strong></span> <span class='ocrx_word' id='word_1_532' title='bbox 1131 3795 1207 3867; x_wconf 89' lang='lat' dir='ltr'><strong>regis</strong></span> <span class='ocrx_word' id='word_1_533' title='bbox 1221 3794 1347 3867; x_wconf 89' lang='lat' dir='ltr'><strong>armiger</strong></span> <span class='ocrx_word' id='word_1_534' title='bbox 1359 3793 1422 3859; x_wconf 86' lang='lat' dir='ltr'><strong>tuit,</strong></span> <span class='ocrx_word' id='word_1_535' title='bbox 1437 3798 1465 3848; x_wconf 91' lang='lat' dir='ltr'><strong>et</strong></span> <span class='ocrx_word' id='word_1_536' title='bbox 1481 3790 1516 3846; x_wconf 93' lang='lat' dir='ltr'><strong>ab</strong></span> <span class='ocrx_word' id='word_1_537' title='bbox 1534 3789 1582 3847; x_wconf 89' lang='lat' dir='ltr'><strong>illo</strong></span> <span class='ocrx_word' id='word_1_538' title='bbox 1595 3790 1745 3862; x_wconf 88' lang='lat' dir='ltr'><strong>cingulum</strong></span> 
     </span>
     <span class='ocr_line' id='line_1_40' title="bbox 60 3879 1744 3965; baseline -0.007 -15"><span class='ocrx_word' id='word_1_539' title='bbox 60 3879 220 3948; x_wconf 64' lang='lat' dir='ltr'><strong>¹¹¹⁰Fi⁸0³i2</strong></span> <span class='ocrx_word' id='word_1_540' title='bbox 236 3880 306 3935; x_wconf 90' lang='lat' dir='ltr'><strong>dum</strong></span> <span class='ocrx_word' id='word_1_541' title='bbox 325 3881 595 3957; x_wconf 89' lang='lat' dir='ltr'><strong>hostesviucuutur,</strong></span> <span class='ocrx_word' id='word_1_542' title='bbox 611 3892 705 3961; x_wconf 89' lang='lat' dir='ltr'><strong>etper</strong></span> <span class='ocrx_word' id='word_1_543' title='bbox 722 3891 779 3947; x_wconf 87' lang='lat' dir='ltr'><strong>vim</strong></span> <span class='ocrx_word' id='word_1_544' title='bbox 796 3893 880 3965; x_wconf 91' lang='lat' dir='ltr'><strong>oppi·</strong></span> <span class='ocrx_word' id='word_1_545' title='bbox 931 3889 1043 3946; x_wconf 85' lang='lat' dir='ltr'><strong>militias</strong></span> <span class='ocrx_word' id='word_1_546' title='bbox 1067 3889 1185 3961; x_wconf 90' lang='lat' dir='ltr'><strong>accepit.</strong></span> <span class='ocrx_word' id='word_1_547' title='bbox 1211 3888 1346 3944; x_wconf 82' lang='lat' dir='ltr'><strong>Uniridus</strong></span> <span class='ocrx_word' id='word_1_548' title='bbox 1374 3892 1456 3960; x_wconf 90' lang='lat' dir='ltr'><strong>pater</strong></span> <span class='ocrx_word' id='word_1_549' title='bbox 1483 3885 1559 3959; x_wconf 87' lang='lat' dir='ltr'><strong>ejus,</strong></span> <span class='ocrx_word' id='word_1_550' title='bbox 1585 3885 1638 3940; x_wconf 82' lang='lat' dir='ltr'><strong>fuit</strong></span> <span class='ocrx_word' id='word_1_551' title='bbox 1670 3883 1744 3939; x_wconf 88' lang='lat' dir='ltr'><strong>iilius</strong></span> 
     </span>
     <span class='ocr_line' id='line_1_41' title="bbox 60 3973 1745 4057; baseline 0.002 -29"><span class='ocrx_word' id='word_1_552' title='bbox 60 3973 134 4029; x_wconf 83' lang='lat' dir='ltr'><strong>darm</strong></span> <span class='ocrx_word' id='word_1_553' title='bbox 156 3973 281 4046; x_wconf 89' lang='lat' dir='ltr'><strong>capitur.</strong></span> <span class='ocrx_word' id='word_1_554' title='bbox 306 3975 364 4032; x_wconf 86' lang='lat' dir='ltr'><strong>ilex</strong></span> <span class='ocrx_word' id='word_1_555' title='bbox 388 3978 485 4032; x_wconf 91' lang='lat' dir='ltr'><strong>sutem</strong></span> <span class='ocrx_word' id='word_1_556' title='bbox 507 3980 612 4051; x_wconf 89' lang='lat' dir='ltr'><strong>iratus,</strong></span> <span class='ocrx_word' id='word_1_557' title='bbox 634 3985 711 4055; x_wconf 90' lang='lat' dir='ltr'><strong>quod</strong></span> <span class='ocrx_word' id='word_1_558' title='bbox 732 3985 881 4057; x_wconf 84' lang='lat' dir='ltr'><strong>petebatur</strong></span> <span class='ocrx_word' id='word_1_559' title='bbox 929 3983 1051 4040; x_wconf 68' lang='lat' dir='ltr'><strong>busiridi</strong></span> <span class='ocrx_word' id='word_1_560' title='bbox 1064 3984 1100 4039; x_wconf 92' lang='lat' dir='ltr'><strong>de</strong></span> <span class='ocrx_word' id='word_1_561' title='bbox 1119 3977 1255 4056; x_wconf 88' lang='lat' dir='ltr'><strong>progenie</strong></span> <span class='ocrx_word' id='word_1_562' title='bbox 1272 3982 1427 4050; x_wconf 83' lang='lat' dir='ltr'><strong>ilacorum3</strong></span> <span class='ocrx_word' id='word_1_563' title='bbox 1444 3979 1636 4037; x_wconf 77' lang='lat' dir='ltr'><strong>ddelimvero</strong></span> <span class='ocrx_word' id='word_1_564' title='bbox 1651 3980 1745 4033; x_wconf 88' lang='lat' dir='ltr'><strong>mater</strong></span> 
     </span>
     <span class='ocr_line' id='line_1_42' title="bbox 58 4065 1745 4152; baseline 0.004 -32"><span class='ocrx_word' id='word_1_565' title='bbox 58 4065 183 4122; x_wconf 90' lang='lat' dir='ltr'><strong>omniuo</strong></span> <span class='ocrx_word' id='word_1_566' title='bbox 197 4065 359 4139; x_wconf 89' lang='lat' dir='ltr'><strong>denegavit,</strong></span> <span class='ocrx_word' id='word_1_567' title='bbox 373 4086 682 4132; x_wconf 88' lang='lat' dir='ltr'><strong>necseconcessurnm</strong></span> <span class='ocrx_word' id='word_1_568' title='bbox 697 4078 785 4134; x_wconf 87' lang='lat' dir='ltr'><strong>etiarn</strong></span> <span class='ocrx_word' id='word_1_569' title='bbox 798 4096 881 4152; x_wconf 84' lang='lat' dir='ltr'><strong>prop</strong></span> <span class='ocrx_word' id='word_1_570' title='bbox 929 4079 1002 4150; x_wconf 86' lang='lat' dir='ltr'><strong>ejus,</strong></span> <span class='ocrx_word' id='word_1_571' title='bbox 1029 4094 1110 4134; x_wconf 93' lang='lat' dir='ltr'><strong>soror</strong></span> <span class='ocrx_word' id='word_1_572' title='bbox 1134 4076 1262 4149; x_wconf 86' lang='lat' dir='ltr'><strong>liuganis</strong></span> <span class='ocrx_word' id='word_1_573' title='bbox 1285 4076 1321 4131; x_wconf 91' lang='lat' dir='ltr'><strong>de</strong></span> <span class='ocrx_word' id='word_1_574' title='bbox 1347 4072 1580 4142; x_wconf 85' lang='lat' dir='ltr'><strong>Greutemaisuit,</strong></span> <span class='ocrx_word' id='word_1_575' title='bbox 1606 4072 1641 4127; x_wconf 90' lang='lat' dir='ltr'><strong>da</strong></span> <span class='ocrx_word' id='word_1_576' title='bbox 1666 4070 1745 4127; x_wconf 84' lang='lat' dir='ltr'><strong>clare</strong></span> 
     </span>
     <span class='ocr_line' id='line_1_43' title="bbox 57 4160 1742 4244; baseline 0.002 -29"><span class='ocrx_word' id='word_1_577' title='bbox 57 4164 106 4215; x_wconf 87' lang='lat' dir='ltr'><strong>ter</strong></span> <span class='ocrx_word' id='word_1_578' title='bbox 131 4160 212 4216; x_wconf 88' lang='lat' dir='ltr'><strong>mille</strong></span> <span class='ocrx_word' id='word_1_579' title='bbox 234 4161 298 4216; x_wconf 88' lang='lat' dir='ltr'><strong>auri</strong></span> <span class='ocrx_word' id='word_1_580' title='bbox 322 4179 432 4220; x_wconf 89' lang='lat' dir='ltr'><strong>marcos</strong></span> <span class='ocrx_word' id='word_1_581' title='bbox 456 4167 549 4239; x_wconf 88' lang='lat' dir='ltr'><strong>palam</strong></span> <span class='ocrx_word' id='word_1_582' title='bbox 573 4171 702 4226; x_wconf 90' lang='lat' dir='ltr'><strong>asseruit.</strong></span> <span class='ocrx_word' id='word_1_583' title='bbox 724 4173 880 4244; x_wconf 88' lang='lat' dir='ltr'><strong>Oppidanis</strong></span> <span class='ocrx_word' id='word_1_584' title='bbox 930 4173 1017 4244; x_wconf 87' lang='lat' dir='ltr'><strong>stirpe</strong></span> <span class='ocrx_word' id='word_1_585' title='bbox 1043 4171 1262 4227; x_wconf 86' lang='lat' dir='ltr'><strong>Geroisnorum.</strong></span> <span class='ocrx_word' id='word_1_586' title='bbox 1290 4169 1340 4225; x_wconf 86' lang='lat' dir='ltr'><strong>Hic</strong></span> <span class='ocrx_word' id='word_1_587' title='bbox 1368 4167 1528 4241; x_wconf 77' lang='lat' dir='ltr'><strong>precipuus</strong></span> <span class='ocrx_word' id='word_1_588' title='bbox 1554 4164 1742 4237; x_wconf 83' lang='lat' dir='ltr'><strong>agonotheta,</strong></span> 
     </span>
     <span class='ocr_line' id='line_1_44' title="bbox 59 4257 1742 4337; baseline 0.002 -29"><span class='ocrx_word' id='word_1_589' title='bbox 59 4269 134 4326; x_wconf 89' lang='lat' dir='ltr'><strong>ergo</strong></span> <span class='ocrx_word' id='word_1_590' title='bbox 152 4269 221 4311; x_wconf 91' lang='lat' dir='ltr'><strong>cum</strong></span> <span class='ocrx_word' id='word_1_591' title='bbox 240 4271 362 4313; x_wconf 84' lang='lat' dir='ltr'><strong>moerore</strong></span> <span class='ocrx_word' id='word_1_592' title='bbox 380 4264 409 4313; x_wconf 89' lang='lat' dir='ltr'><strong>et</strong></span> <span class='ocrx_word' id='word_1_593' title='bbox 426 4261 597 4318; x_wconf 80' lang='lat' dir='ltr'><strong>verecundia</strong></span> <span class='ocrx_word' id='word_1_594' title='bbox 612 4265 831 4337; x_wconf 86' lang='lat' dir='ltr'><strong>egredientibus,</strong></span> <span class='ocrx_word' id='word_1_595' title='bbox 851 4274 880 4325; x_wconf 78' lang='lat' dir='ltr'><strong>aa</strong></span> <span class='ocrx_word' id='word_1_596' title='bbox 930 4266 1004 4321; x_wconf 90' lang='lat' dir='ltr'><strong>iuter</strong></span> <span class='ocrx_word' id='word_1_597' title='bbox 1024 4265 1132 4320; x_wconf 80' lang='lat' dir='ltr'><strong>militiae</strong></span> <span class='ocrx_word' id='word_1_598' title='bbox 1145 4264 1268 4331; x_wconf 88' lang='lat' dir='ltr'><strong>labores,</strong></span> <span class='ocrx_word' id='word_1_599' title='bbox 1284 4262 1409 4318; x_wconf 79' lang='lat' dir='ltr'><strong>ecclesiae</strong></span> <span class='ocrx_word' id='word_1_600' title='bbox 1423 4260 1517 4316; x_wconf 90' lang='lat' dir='ltr'><strong>cultor</strong></span> <span class='ocrx_word' id='word_1_601' title='bbox 1530 4264 1601 4328; x_wconf 90' lang='lat' dir='ltr'><strong>erat,</strong></span> <span class='ocrx_word' id='word_1_602' title='bbox 1614 4264 1643 4314; x_wconf 89' lang='lat' dir='ltr'><strong>et</strong></span> <span class='ocrx_word' id='word_1_603' title='bbox 1661 4257 1742 4315; x_wconf 89' lang='lat' dir='ltr'><strong>cleri·</strong></span> 
     </span>
     <span class='ocr_line' id='line_1_45' title="bbox 59 4346 1742 4429; baseline 0.002 -27"><span class='ocrx_word' id='word_1_604' title='bbox 59 4346 207 4418; x_wconf 85' lang='lat' dir='ltr'><strong>regalibus</strong></span> <span class='ocrx_word' id='word_1_605' title='bbox 219 4347 296 4403; x_wconf 90' lang='lat' dir='ltr'><strong>tubis</strong></span> <span class='ocrx_word' id='word_1_606' title='bbox 306 4365 371 4405; x_wconf 92' lang='lat' dir='ltr'><strong>curn</strong></span> <span class='ocrx_word' id='word_1_607' title='bbox 385 4353 573 4423; x_wconf 87' lang='lat' dir='ltr'><strong>gratulatione</strong></span> <span class='ocrx_word' id='word_1_608' title='bbox 586 4356 792 4429; x_wconf 90' lang='lat' dir='ltr'><strong>clangentibus,</strong></span> <span class='ocrx_word' id='word_1_609' title='bbox 808 4360 881 4415; x_wconf 89' lang='lat' dir='ltr'><strong>mul·</strong></span> <span class='ocrx_word' id='word_1_610' title='bbox 929 4375 976 4413; x_wconf 88' lang='lat' dir='ltr'><strong>cos</strong></span> <span class='ocrx_word' id='word_1_611' title='bbox 990 4372 1023 4412; x_wconf 88' lang='lat' dir='ltr'><strong>ac</strong></span> <span class='ocrx_word' id='word_1_612' title='bbox 1037 4356 1193 4412; x_wconf 88' lang='lat' dir='ltr'><strong>monachos</strong></span> <span class='ocrx_word' id='word_1_613' title='bbox 1207 4355 1288 4411; x_wconf 88' lang='lat' dir='ltr'><strong>valde</strong></span> <span class='ocrx_word' id='word_1_614' title='bbox 1304 4354 1424 4427; x_wconf 90' lang='lat' dir='ltr'><strong>diligens</strong></span> <span class='ocrx_word' id='word_1_615' title='bbox 1442 4352 1607 4420; x_wconf 89' lang='lat' dir='ltr'><strong>honorabat,</strong></span> <span class='ocrx_word' id='word_1_616' title='bbox 1622 4367 1653 4406; x_wconf 91' lang='lat' dir='ltr'><strong>ac</strong></span> <span class='ocrx_word' id='word_1_617' title='bbox 1667 4352 1742 4406; x_wconf 86' lang='lat' dir='ltr'><strong>elee-</strong></span> 
     </span>
     <span class='ocr_line' id='line_1_46' title="bbox 58 4440 1742 4523; baseline 0.001 -27"><span class='ocrx_word' id='word_1_618' title='bbox 58 4440 153 4496; x_wconf 90' lang='lat' dir='ltr'><strong>titudo</strong></span> <span class='ocrx_word' id='word_1_619' title='bbox 180 4441 355 4514; x_wconf 66' lang='lat' dir='ltr'><strong>anglorum,</strong></span> <span class='ocrx_word' id='word_1_620' title='bbox 383 4461 446 4516; x_wconf 85' lang='lat' dir='ltr'><strong>quoe</strong></span> <span class='ocrx_word' id='word_1_621' title='bbox 475 4447 534 4520; x_wconf 89' lang='lat' dir='ltr'><strong>regi</strong></span> <span class='ocrx_word' id='word_1_622' title='bbox 562 4449 743 4521; x_wconf 70' lang='lat' dir='ltr'><strong>adhaerebat,</strong></span> <span class='ocrx_word' id='word_1_623' title='bbox 769 4440 1057 4523; x_wconf 86' lang='lat' dir='ltr'><strong>cunctistusynis</strong></span> <span class='ocrx_word' id='word_1_624' title='bbox 1070 4466 1229 4523; x_wconf 89' lang='lat' dir='ltr'><strong>pauperum</strong></span> <span class='ocrx_word' id='word_1_625' title='bbox 1248 4465 1300 4522; x_wconf 92' lang='lat' dir='ltr'><strong>pro</strong></span> <span class='ocrx_word' id='word_1_626' title='bbox 1316 4448 1431 4503; x_wconf 84' lang='lat' dir='ltr'><strong>modulo</strong></span> <span class='ocrx_word' id='word_1_627' title='bbox 1449 4464 1500 4502; x_wconf 93' lang='lat' dir='ltr'><strong>suo</strong></span> <span class='ocrx_word' id='word_1_628' title='bbox 1515 4445 1638 4502; x_wconf 83' lang='lat' dir='ltr'><strong>libenter</strong></span> <span class='ocrx_word' id='word_1_629' title='bbox 1655 4444 1742 4499; x_wconf 89' lang='lat' dir='ltr'><strong>insta·</strong></span> 
     </span>
     <span class='ocr_line' id='line_1_47' title="bbox 58 4533 988 4619; baseline 0.01 -29"><span class='ocrx_word' id='word_1_630' title='bbox 58 4533 245 4590; x_wconf 82' lang='lat' dir='ltr'><strong>audientibus</strong></span> <span class='ocrx_word' id='word_1_631' title='bbox 268 4536 487 4607; x_wconf 80' lang='lat' dir='ltr'><strong>vociferabatur,</strong></span> <span class='ocrx_word' id='word_1_632' title='bbox 510 4545 538 4596; x_wconf 88' lang='lat' dir='ltr'><strong>et</strong></span> <span class='ocrx_word' id='word_1_633' title='bbox 560 4543 693 4599; x_wconf 88' lang='lat' dir='ltr'><strong>dicebat:</strong></span> <span class='ocrx_word' id='word_1_634' title='bbox 710 4565 723 4597; x_wconf 84' lang='lat' dir='ltr'><strong>a</strong></span> <span class='ocrx_word' id='word_1_635' title='bbox 741 4546 877 4619; x_wconf 86' lang='lat' dir='ltr'><strong>Torques,</strong></span> <span class='ocrx_word' id='word_1_636' title='bbox 928 4545 988 4600; x_wconf 88' lang='lat' dir='ltr'><strong>bat.</strong></span> 
     </span>
    </p>

    <p class='ocr_par' dir='ltr' id='par_1_9' title="bbox 56 4627 1831 4900">
     <span class='ocr_line' id='line_1_48' title="bbox 57 4627 1741 4710; baseline 0.004 -28"><span class='ocrx_word' id='word_1_637' title='bbox 57 4633 177 4699; x_wconf 88' lang='lat' dir='ltr'><strong>torques</strong></span> <span class='ocrx_word' id='word_1_638' title='bbox 190 4627 300 4697; x_wconf 82' lang='lat' dir='ltr'><strong>afferte,</strong></span> <span class='ocrx_word' id='word_1_639' title='bbox 316 4635 344 4685; x_wconf 90' lang='lat' dir='ltr'><strong>et</strong></span> <span class='ocrx_word' id='word_1_640' title='bbox 364 4633 531 4690; x_wconf 82' lang='lat' dir='ltr'><strong>traditorem</strong></span> <span class='ocrx_word' id='word_1_641' title='bbox 554 4637 718 4710; x_wconf 88' lang='lat' dir='ltr'><strong>episcopum</strong></span> <span class='ocrx_word' id='word_1_642' title='bbox 734 4655 799 4694; x_wconf 85' lang='lat' dir='ltr'><strong>curn</strong></span> <span class='ocrx_word' id='word_1_643' title='bbox 820 4642 879 4696; x_wconf 91' lang='lat' dir='ltr'><strong>suis</strong></span> <span class='ocrx_word' id='word_1_644' title='bbox 964 4640 1050 4695; x_wconf 88' lang='lat' dir='ltr'><strong>Porro</strong></span> <span class='ocrx_word' id='word_1_645' title='bbox 1069 4638 1196 4695; x_wconf 89' lang='lat' dir='ltr'><strong>Uticense</strong></span> <span class='ocrx_word' id='word_1_646' title='bbox 1213 4636 1384 4705; x_wconf 88' lang='lat' dir='ltr'><strong>coenobium,</strong></span> <span class='ocrx_word' id='word_1_647' title='bbox 1407 4634 1454 4691; x_wconf 90' lang='lat' dir='ltr'><strong>ubi</strong></span> <span class='ocrx_word' id='word_1_648' title='bbox 1471 4635 1572 4690; x_wconf 85' lang='lat' dir='ltr'><strong>fratres</strong></span> <span class='ocrx_word' id='word_1_649' title='bbox 1584 4632 1628 4688; x_wconf 92' lang='lat' dir='ltr'><strong>sui</strong></span> <span class='ocrx_word' id='word_1_650' title='bbox 1642 4631 1741 4688; x_wconf 85' lang='lat' dir='ltr'><strong>Ernai-</strong></span> 
     </span>
     <span class='ocr_line' id='line_1_49' title="bbox 56 4720 1831 4805; baseline 0.002 -29"><span class='ocrx_word' id='word_1_651' title='bbox 56 4720 247 4793; x_wconf 88' lang='lat' dir='ltr'><strong>complicibus</strong></span> <span class='ocrx_word' id='word_1_652' title='bbox 260 4723 393 4793; x_wconf 91' lang='lat' dir='ltr'><strong>patibulis</strong></span> <span class='ocrx_word' id='word_1_653' title='bbox 406 4729 580 4799; x_wconf 86' lang='lat' dir='ltr'><strong>suspendite.</strong></span> <span class='ocrx_word' id='word_1_654' title='bbox 598 4731 697 4803; x_wconf 79' lang='lat' dir='ltr'><strong>Magne</strong></span> <span class='ocrx_word' id='word_1_655' title='bbox 712 4748 759 4787; x_wconf 83' lang='lat' dir='ltr'><strong>rer</strong></span> <span class='ocrx_word' id='word_1_656' title='bbox 772 4734 879 4805; x_wconf 69' lang='lat' dir='ltr'><strong>anglo·</strong></span> <span class='ocrx_word' id='word_1_657' title='bbox 928 4733 980 4788; x_wconf 94' lang='lat' dir='ltr'><strong>dus</strong></span> <span class='ocrx_word' id='word_1_658' title='bbox 1001 4739 1029 4789; x_wconf 91' lang='lat' dir='ltr'><strong>et</strong></span> <span class='ocrx_word' id='word_1_659' title='bbox 1052 4732 1191 4805; x_wconf 82' lang='lat' dir='ltr'><strong>Rogerius</strong></span> <span class='ocrx_word' id='word_1_660' title='bbox 1211 4730 1341 4786; x_wconf 89' lang='lat' dir='ltr'><strong>monaehi</strong></span> <span class='ocrx_word' id='word_1_661' title='bbox 1366 4735 1457 4796; x_wconf 90' lang='lat' dir='ltr'><strong>eraut,</strong></span> <span class='ocrx_word' id='word_1_662' title='bbox 1477 4735 1505 4784; x_wconf 90' lang='lat' dir='ltr'><strong>ct</strong></span> <span class='ocrx_word' id='word_1_663' title='bbox 1523 4731 1606 4799; x_wconf 87' lang='lat' dir='ltr'><strong>pater</strong></span> <span class='ocrx_word' id='word_1_664' title='bbox 1622 4742 1690 4781; x_wconf 88' lang='lat' dir='ltr'><strong>suus</strong></span> <span class='ocrx_word' id='word_1_665' title='bbox 1709 4741 1741 4781; x_wconf 89' lang='lat' dir='ltr'><strong>ac</strong></span> <span class='ocrx_word' id='word_1_666' title='bbox 1828 4720 1831 4725; x_wconf 85' lang='grc'><strong>’</strong></span> 
     </span>
     <span class='ocr_line' id='line_1_50' title="bbox 57 4819 1740 4900; baseline 0.002 -29"><span class='ocrx_word' id='word_1_667' title='bbox 57 4832 136 4882; x_wconf 80' lang='lat' dir='ltr'><strong>raam,</strong></span> <span class='ocrx_word' id='word_1_668' title='bbox 155 4831 208 4873; x_wconf 89' lang='lat' dir='ltr'><strong>cur</strong></span> <span class='ocrx_word' id='word_1_669' title='bbox 222 4819 358 4890; x_wconf 89' lang='lat' dir='ltr'><strong>sospitem</strong></span> <span class='ocrx_word' id='word_1_670' title='bbox 378 4821 486 4892; x_wconf 87' lang='lat' dir='ltr'><strong>pateris</strong></span> <span class='ocrx_word' id='word_1_671' title='bbox 506 4821 585 4878; x_wconf 91' lang='lat' dir='ltr'><strong>abire</strong></span> <span class='ocrx_word' id='word_1_672' title='bbox 598 4823 776 4880; x_wconf 89' lang='lat' dir='ltr'><strong>incentorem</strong></span> <span class='ocrx_word' id='word_1_673' title='bbox 792 4828 878 4883; x_wconf 90' lang='lat' dir='ltr'><strong>malo·</strong></span> <span class='ocrx_word' id='word_1_674' title='bbox 928 4832 1030 4896; x_wconf 86' lang='lat' dir='ltr'><strong>mater,</strong></span> <span class='ocrx_word' id='word_1_675' title='bbox 1043 4827 1145 4900; x_wconf 90' lang='lat' dir='ltr'><strong>aliique</strong></span> <span class='ocrx_word' id='word_1_676' title='bbox 1165 4830 1296 4898; x_wconf 90' lang='lat' dir='ltr'><strong>parentes</strong></span> <span class='ocrx_word' id='word_1_677' title='bbox 1313 4824 1374 4896; x_wconf 87' lang='lat' dir='ltr'><strong>ejus</strong></span> <span class='ocrx_word' id='word_1_678' title='bbox 1393 4821 1525 4878; x_wconf 88' lang='lat' dir='ltr'><strong>tumulati</strong></span> <span class='ocrx_word' id='word_1_679' title='bbox 1545 4819 1740 4893; x_wconf 85' lang='lat' dir='ltr'><strong>quiescebant,</strong></span> 
     </span>
    </p>
   </div>
   <div class='ocr_carea' id='block_1_7' title="bbox 56 4911 1852 4995">
    <p class='ocr_par' dir='ltr' id='par_1_10' title="bbox 56 4911 1852 4995">
     <span class='ocr_line' id='line_1_51' title="bbox 56 4911 1852 4995; baseline -0.001 -26"><span class='ocrx_word' id='word_1_680' title='bbox 56 4914 145 4969; x_wconf 80' lang='lat' dir='ltr'><strong>rum?</strong></span> <span class='ocrx_word' id='word_1_681' title='bbox 158 4915 220 4970; x_wconf 79' lang='lat' dir='ltr'><strong>lion</strong></span> <span class='ocrx_word' id='word_1_682' title='bbox 234 4914 319 4970; x_wconf 86' lang='lat' dir='ltr'><strong>dabat</strong></span> <span class='ocrx_word' id='word_1_683' title='bbox 334 4915 426 4970; x_wconf 84' lang='lat' dir='ltr'><strong>rivere</strong></span> <span class='ocrx_word' id='word_1_684' title='bbox 445 4915 577 4986; x_wconf 66' lang='lat' dir='ltr'><strong>periurus</strong></span> <span class='ocrx_word' id='word_1_685' title='bbox 592 4917 746 4988; x_wconf 88' lang='lat' dir='ltr'><strong>homicida,</strong></span> <span class='ocrx_word' id='word_1_686' title='bbox 762 4920 811 4991; x_wconf 93' lang='lat' dir='ltr'><strong>qui</strong></span> <span class='ocrx_word' id='word_1_687' title='bbox 828 4921 877 4977; x_wconf 89' lang='lat' dir='ltr'><strong>du-</strong></span> <span class='ocrx_word' id='word_1_688' title='bbox 927 4921 1007 4976; x_wconf 90' lang='lat' dir='ltr'><strong>valde</strong></span> <span class='ocrx_word' id='word_1_689' title='bbox 1022 4920 1132 4988; x_wconf 85' lang='lat' dir='ltr'><strong>dilexit,</strong></span> <span class='ocrx_word' id='word_1_690' title='bbox 1148 4923 1177 4974; x_wconf 91' lang='lat' dir='ltr'><strong>et</strong></span> <span class='ocrx_word' id='word_1_691' title='bbox 1194 4935 1244 4991; x_wconf 91' lang='lat' dir='ltr'><strong>pro</strong></span> <span class='ocrx_word' id='word_1_692' title='bbox 1263 4917 1367 4974; x_wconf 87' lang='lat' dir='ltr'><strong>viribus</strong></span> <span class='ocrx_word' id='word_1_693' title='bbox 1386 4917 1443 4971; x_wconf 92' lang='lat' dir='ltr'><strong>suis</strong></span> <span class='ocrx_word' id='word_1_694' title='bbox 1461 4914 1656 4987; x_wconf 90' lang='lat' dir='ltr'><strong>locupletavit.</strong></span> <span class='ocrx_word' id='word_1_695' title='bbox 1671 4911 1740 4968; x_wconf 90' lang='lat' dir='ltr'><strong>iiiuc</strong></span> <span class='ocrx_word' id='word_1_696' title='bbox 1849 4990 1852 4995; x_wconf 15' lang='lat'><em>⁶</em></span> 
     </span>
    </p>
   </div>
   <div class='ocr_carea' id='block_1_8' title="bbox 52 5006 1752 5838">
    <p class='ocr_par' dir='ltr' id='par_1_11' title="bbox 52 5006 1752 5838">
     <span class='ocr_line' id='line_1_52' title="bbox 56 5006 1740 5081; baseline 0 -19"><span class='ocrx_word' id='word_1_697' title='bbox 56 5007 90 5063; x_wconf 89' lang='lat' dir='ltr'><strong>tis</strong></span> <span class='ocrx_word' id='word_1_698' title='bbox 114 5012 144 5063; x_wconf 88' lang='lat' dir='ltr'><strong>et</strong></span> <span class='ocrx_word' id='word_1_699' title='bbox 156 5006 372 5064; x_wconf 85' lang='lat' dir='ltr'><strong>crudelitatibus</strong></span> <span class='ocrx_word' id='word_1_700' title='bbox 391 5007 512 5080; x_wconf 90' lang='lat' dir='ltr'><strong>peremit</strong></span> <span class='ocrx_word' id='word_1_701' title='bbox 531 5009 682 5065; x_wconf 88' lang='lat' dir='ltr'><strong>homiuum</strong></span> <span class='ocrx_word' id='word_1_702' title='bbox 704 5013 789 5068; x_wconf 89' lang='lat' dir='ltr'><strong>multa</strong></span> <span class='ocrx_word' id='word_1_703' title='bbox 812 5015 877 5070; x_wconf 86' lang='lat' dir='ltr'><strong>mil-</strong></span> <span class='ocrx_word' id='word_1_704' title='bbox 927 5015 968 5070; x_wconf 90' lang='lat' dir='ltr'><strong>illi</strong></span> <span class='ocrx_word' id='word_1_705' title='bbox 991 5014 1139 5070; x_wconf 90' lang='lat' dir='ltr'><strong>ecclesiam</strong></span> <span class='ocrx_word' id='word_1_706' title='bbox 1161 5014 1197 5069; x_wconf 91' lang='lat' dir='ltr'><strong>de</strong></span> <span class='ocrx_word' id='word_1_707' title='bbox 1218 5013 1345 5080; x_wconf 90' lang='lat' dir='ltr'><strong>Telliulo,</strong></span> <span class='ocrx_word' id='word_1_708' title='bbox 1361 5018 1389 5067; x_wconf 90' lang='lat' dir='ltr'><strong>et</strong></span> <span class='ocrx_word' id='word_1_709' title='bbox 1408 5012 1463 5066; x_wconf 91' lang='lat' dir='ltr'><strong>hoc</strong></span> <span class='ocrx_word' id='word_1_710' title='bbox 1477 5009 1552 5081; x_wconf 92' lang='lat' dir='ltr'><strong>quod</strong></span> <span class='ocrx_word' id='word_1_711' title='bbox 1569 5007 1692 5064; x_wconf 87' lang='lat' dir='ltr'><strong>babebat</strong></span> <span class='ocrx_word' id='word_1_712' title='bbox 1710 5006 1740 5063; x_wconf 92' lang='lat' dir='ltr'><strong>in</strong></span> 
     </span>
     <span class='ocr_line' id='line_1_53' title="bbox 56 5100 1739 5175; baseline 0.001 -19"><span class='ocrx_word' id='word_1_713' title='bbox 56 5102 105 5157; x_wconf 90' lang='lat' dir='ltr'><strong>lia.</strong></span> <span class='ocrx_word' id='word_1_714' title='bbox 122 5122 138 5152; x_wconf 82' lang='lat' dir='ltr'><strong>u</strong></span> <span class='ocrx_word' id='word_1_715' title='bbox 156 5102 220 5157; x_wconf 81' lang='lat' dir='ltr'><strong>iioec</strong></span> <span class='ocrx_word' id='word_1_716' title='bbox 235 5107 263 5158; x_wconf 89' lang='lat' dir='ltr'><strong>ct</strong></span> <span class='ocrx_word' id='word_1_717' title='bbox 275 5101 329 5156; x_wconf 89' lang='lat' dir='ltr'><strong>alia</strong></span> <span class='ocrx_word' id='word_1_718' title='bbox 347 5103 450 5174; x_wconf 88' lang='lat' dir='ltr'><strong>probra</strong></span> <span class='ocrx_word' id='word_1_719' title='bbox 468 5109 585 5158; x_wconf 89' lang='lat' dir='ltr'><strong>moestus</strong></span> <span class='ocrx_word' id='word_1_720' title='bbox 603 5105 721 5161; x_wconf 88' lang='lat' dir='ltr'><strong>antistes</strong></span> <span class='ocrx_word' id='word_1_721' title='bbox 739 5124 804 5164; x_wconf 79' lang='lat' dir='ltr'><strong>curru</strong></span> <span class='ocrx_word' id='word_1_722' title='bbox 819 5110 878 5165; x_wconf 90' lang='lat' dir='ltr'><strong>suis</strong></span> <span class='ocrx_word' id='word_1_723' title='bbox 928 5107 1045 5164; x_wconf 87' lang='lat' dir='ltr'><strong>ccclesia</strong></span> <span class='ocrx_word' id='word_1_724' title='bbox 1064 5107 1099 5162; x_wconf 91' lang='lat' dir='ltr'><strong>de</strong></span> <span class='ocrx_word' id='word_1_725' title='bbox 1117 5105 1344 5173; x_wconf 71' lang='lat' dir='ltr'><strong>dambleinvilla,</strong></span> <span class='ocrx_word' id='word_1_726' title='bbox 1367 5111 1394 5160; x_wconf 88' lang='lat' dir='ltr'><strong>et</strong></span> <span class='ocrx_word' id='word_1_727' title='bbox 1414 5101 1623 5175; x_wconf 87' lang='lat' dir='ltr'><strong>presbyterium</strong></span> <span class='ocrx_word' id='word_1_728' title='bbox 1644 5100 1722 5157; x_wconf 86' lang='lat' dir='ltr'><strong>dedit</strong></span> <span class='ocrx_word' id='word_1_729' title='bbox 1728 5117 1739 5170; x_wconf 90' lang='lat'>;</span> 
     </span>
     <span class='ocr_line' id='line_1_54' title="bbox 54 5193 1740 5273; baseline 0.001 -24"><span class='ocrx_word' id='word_1_730' title='bbox 54 5193 176 5250; x_wconf 86' lang='lat' dir='ltr'><strong>audivit.</strong></span> <span class='ocrx_word' id='word_1_731' title='bbox 198 5194 265 5263; x_wconf 88' lang='lat' dir='ltr'><strong>Sed,</strong></span> <span class='ocrx_word' id='word_1_732' title='bbox 285 5195 415 5266; x_wconf 81' lang='lat' dir='ltr'><strong>quamvis</strong></span> <span class='ocrx_word' id='word_1_733' title='bbox 434 5195 536 5252; x_wconf 88' lang='lat' dir='ltr'><strong>acerba</strong></span> <span class='ocrx_word' id='word_1_734' title='bbox 556 5197 724 5268; x_wconf 88' lang='lat' dir='ltr'><strong>minaretur,</strong></span> <span class='ocrx_word' id='word_1_735' title='bbox 748 5200 876 5273; x_wconf 90' lang='lat' dir='ltr'><strong>indigna·</strong></span> <span class='ocrx_word' id='word_1_736' title='bbox 927 5208 956 5258; x_wconf 90' lang='lat' dir='ltr'><strong>et</strong></span> <span class='ocrx_word' id='word_1_737' title='bbox 972 5202 1025 5257; x_wconf 92' lang='lat' dir='ltr'><strong>hoc</strong></span> <span class='ocrx_word' id='word_1_738' title='bbox 1039 5199 1117 5273; x_wconf 92' lang='lat' dir='ltr'><strong>quad</strong></span> <span class='ocrx_word' id='word_1_739' title='bbox 1135 5199 1259 5255; x_wconf 89' lang='lat' dir='ltr'><strong>habebat</strong></span> <span class='ocrx_word' id='word_1_740' title='bbox 1273 5199 1301 5254; x_wconf 92' lang='lat' dir='ltr'><strong>in</strong></span> <span class='ocrx_word' id='word_1_741' title='bbox 1314 5199 1462 5254; x_wconf 88' lang='lat' dir='ltr'><strong>ecclesiam</strong></span> <span class='ocrx_word' id='word_1_742' title='bbox 1482 5196 1517 5251; x_wconf 90' lang='lat' dir='ltr'><strong>de</strong></span> <span class='ocrx_word' id='word_1_743' title='bbox 1532 5196 1658 5251; x_wconf 83' lang='lat' dir='ltr'><strong>Cornero</strong></span> <span class='ocrx_word' id='word_1_744' title='bbox 1673 5211 1740 5250; x_wconf 91' lang='lat' dir='ltr'><strong>cum</strong></span> 
     </span>
     <span class='ocr_line' id='line_1_55' title="bbox 54 5286 1741 5369; baseline 0 -25"><span class='ocrx_word' id='word_1_745' title='bbox 54 5286 126 5344; x_wconf 91' lang='lat' dir='ltr'><strong>tioni</strong></span> <span class='ocrx_word' id='word_1_746' title='bbox 151 5302 213 5343; x_wconf 74' lang='lat' dir='ltr'><strong>sue</strong></span> <span class='ocrx_word' id='word_1_747' title='bbox 236 5286 398 5345; x_wconf 85' lang='lat' dir='ltr'><strong>satisiaoere</strong></span> <span class='ocrx_word' id='word_1_748' title='bbox 420 5306 477 5344; x_wconf 93' lang='lat' dir='ltr'><strong>non</strong></span> <span class='ocrx_word' id='word_1_749' title='bbox 499 5291 602 5362; x_wconf 88' lang='lat' dir='ltr'><strong>potuit.</strong></span> <span class='ocrx_word' id='word_1_750' title='bbox 626 5292 671 5349; x_wconf 89' lang='lat' dir='ltr'><strong>Sic</strong></span> <span class='ocrx_word' id='word_1_751' title='bbox 697 5295 878 5367; x_wconf 89' lang='lat' dir='ltr'><strong>irreligiosus</strong></span> <span class='ocrx_word' id='word_1_752' title='bbox 927 5294 1103 5369; x_wconf 85' lang='lat' dir='ltr'><strong>presbyterio</strong></span> <span class='ocrx_word' id='word_1_753' title='bbox 1120 5293 1265 5350; x_wconf 79' lang='lat' dir='ltr'><strong>coracessii.</strong></span> <span class='ocrx_word' id='word_1_754' title='bbox 1287 5292 1429 5349; x_wconf 88' lang='lat' dir='ltr'><strong>tlecimam</strong></span> <span class='ocrx_word' id='word_1_755' title='bbox 1450 5290 1693 5356; x_wconf 88' lang='lat' dir='ltr'><strong>molendinorum,</strong></span> <span class='ocrx_word' id='word_1_756' title='bbox 1712 5292 1741 5344; x_wconf 93' lang='lat' dir='ltr'><strong>et</strong></span> 
     </span>
     <span class='ocr_line' id='line_1_56' title="bbox 54 5369 1739 5461; baseline 0 -24"><span class='ocrx_word' id='word_1_757' title='bbox 54 5381 161 5455; x_wconf 80' lang='lat' dir='ltr'><strong>praesul</strong></span> <span class='ocrx_word' id='word_1_758' title='bbox 174 5380 210 5439; x_wconf 88' lang='lat' dir='ltr'><strong>de</strong></span> <span class='ocrx_word' id='word_1_759' title='bbox 226 5381 328 5454; x_wconf 79' lang='lat' dir='ltr'><strong>anglia</strong></span> <span class='ocrx_word' id='word_1_760' title='bbox 342 5369 484 5454; x_wconf 85' lang='lat' dir='ltr'><strong>expulsus</strong></span> <span class='ocrx_word' id='word_1_761' title='bbox 495 5388 547 5452; x_wconf 87' lang='lat' dir='ltr'><strong>est,</strong></span> <span class='ocrx_word' id='word_1_762' title='bbox 567 5389 595 5442; x_wconf 90' lang='lat' dir='ltr'><strong>et</strong></span> <span class='ocrx_word' id='word_1_763' title='bbox 611 5387 795 5460; x_wconf 90' lang='lat' dir='ltr'><strong>amplissimis</strong></span> <span class='ocrx_word' id='word_1_764' title='bbox 810 5406 876 5461; x_wconf 90' lang='lat' dir='ltr'><strong>pos·</strong></span> <span class='ocrx_word' id='word_1_765' title='bbox 926 5389 1055 5444; x_wconf 89' lang='lat' dir='ltr'><strong>omnium</strong></span> <span class='ocrx_word' id='word_1_766' title='bbox 1065 5389 1316 5454; x_wconf 83' lang='lat' dir='ltr'><strong>exituumsuorum</strong></span> <span class='ocrx_word' id='word_1_767' title='bbox 1326 5384 1613 5442; x_wconf 88' lang='lat' dir='ltr'><strong>etredecimationem</strong></span> <span class='ocrx_word' id='word_1_768' title='bbox 1624 5398 1739 5455; x_wconf 81' lang='lat' dir='ltr'><strong>pronsp</strong></span> 
     </span>
     <span class='ocr_line' id='line_1_57' title="bbox 54 5474 1740 5554; baseline -0.002 -22"><span class='ocrx_word' id='word_1_769' title='bbox 54 5474 232 5532; x_wconf 89' lang='lat' dir='ltr'><strong>sessionibus</strong></span> <span class='ocrx_word' id='word_1_770' title='bbox 254 5474 391 5547; x_wconf 89' lang='lat' dir='ltr'><strong>spoliatus</strong></span> <span class='ocrx_word' id='word_1_771' title='bbox 411 5481 464 5533; x_wconf 91' lang='lat' dir='ltr'><strong>est.</strong></span> <span class='ocrx_word' id='word_1_772' title='bbox 480 5479 559 5535; x_wconf 86' lang='lat' dir='ltr'><strong>Tunc</strong></span> <span class='ocrx_word' id='word_1_773' title='bbox 581 5481 720 5536; x_wconf 84' lang='lat' dir='ltr'><strong>maximos</strong></span> <span class='ocrx_word' id='word_1_774' title='bbox 739 5487 875 5554; x_wconf 78' lang='lat' dir='ltr'><strong>questus,</strong></span> <span class='ocrx_word' id='word_1_775' title='bbox 927 5482 1086 5538; x_wconf 87' lang='lat' dir='ltr'><strong>tuariorum</strong></span> <span class='ocrx_word' id='word_1_776' title='bbox 1110 5496 1225 5536; x_wconf 90' lang='lat' dir='ltr'><strong>suorum</strong></span> <span class='ocrx_word' id='word_1_777' title='bbox 1247 5479 1365 5536; x_wconf 89' lang='lat' dir='ltr'><strong>addidit.</strong></span> <span class='ocrx_word' id='word_1_778' title='bbox 1387 5479 1467 5534; x_wconf 91' lang='lat' dir='ltr'><strong>Idem</strong></span> <span class='ocrx_word' id='word_1_779' title='bbox 1490 5494 1556 5534; x_wconf 90' lang='lat' dir='ltr'><strong>vero</strong></span> <span class='ocrx_word' id='word_1_780' title='bbox 1581 5475 1740 5533; x_wconf 82' lang='lat' dir='ltr'><strong>Radbertus</strong></span> 
     </span>
     <span class='ocr_line' id='line_1_58' title="bbox 53 5568 1741 5647; baseline -0.001 -21"><span class='ocrx_word' id='word_1_781' title='bbox 53 5585 127 5642; x_wconf 81' lang='lat' dir='ltr'><strong>quos</strong></span> <span class='ocrx_word' id='word_1_782' title='bbox 142 5583 210 5625; x_wconf 89' lang='lat' dir='ltr'><strong>cum</strong></span> <span class='ocrx_word' id='word_1_783' title='bbox 225 5568 353 5625; x_wconf 87' lang='lat' dir='ltr'><strong>facinore</strong></span> <span class='ocrx_word' id='word_1_784' title='bbox 370 5570 502 5642; x_wconf 88' lang='lat' dir='ltr'><strong>obtinuit,</strong></span> <span class='ocrx_word' id='word_1_785' title='bbox 513 5572 594 5644; x_wconf 87' lang='lat' dir='ltr'><strong>justo</strong></span> <span class='ocrx_word' id='word_1_786' title='bbox 608 5574 656 5630; x_wconf 80' lang='lat' dir='ltr'><strong>Dei</strong></span> <span class='ocrx_word' id='word_1_787' title='bbox 673 5575 794 5646; x_wconf 83' lang='lat' dir='ltr'><strong>J&#39;udicio,</strong></span> <span class='ocrx_word' id='word_1_788' title='bbox 810 5593 875 5632; x_wconf 90' lang='lat' dir='ltr'><strong>cum</strong></span> <span class='ocrx_word' id='word_1_789' title='bbox 925 5577 955 5633; x_wconf 91' lang='lat' dir='ltr'><strong>in</strong></span> <span class='ocrx_word' id='word_1_790' title='bbox 977 5577 1076 5647; x_wconf 74' lang='lat' dir='ltr'><strong>anglia</strong></span> <span class='ocrx_word' id='word_1_791' title='bbox 1101 5575 1178 5632; x_wconf 89' lang='lat' dir='ltr'><strong>dedit</strong></span> <span class='ocrx_word' id='word_1_792' title='bbox 1201 5577 1301 5631; x_wconf 89' lang='lat' dir='ltr'><strong>Sancto</strong></span> <span class='ocrx_word' id='word_1_793' title='bbox 1326 5573 1439 5629; x_wconf 85' lang='lat' dir='ltr'><strong>Ebrullo</strong></span> <span class='ocrx_word' id='word_1_794' title='bbox 1462 5577 1489 5628; x_wconf 92' lang='lat' dir='ltr'><strong>et</strong></span> <span class='ocrx_word' id='word_1_795' title='bbox 1512 5569 1661 5628; x_wconf 88' lang='lat' dir='ltr'><strong>monacbis</strong></span> <span class='ocrx_word' id='word_1_796' title='bbox 1680 5569 1741 5641; x_wconf 79' lang='lat' dir='ltr'><strong>rjus</strong></span> 
     </span>
     <span class='ocr_line' id='line_1_59' title="bbox 52 5662 1741 5741; baseline 0.001 -22"><span class='ocrx_word' id='word_1_797' title='bbox 52 5662 167 5736; x_wconf 89' lang='lat' dir='ltr'><strong>ingenti</strong></span> <span class='ocrx_word' id='word_1_798' title='bbox 186 5662 327 5720; x_wconf 88' lang='lat' dir='ltr'><strong>dedecore</strong></span> <span class='ocrx_word' id='word_1_799' title='bbox 346 5662 479 5736; x_wconf 89' lang='lat' dir='ltr'><strong>perdidit,</strong></span> <span class='ocrx_word' id='word_1_800' title='bbox 494 5669 522 5722; x_wconf 92' lang='lat' dir='ltr'><strong>et</strong></span> <span class='ocrx_word' id='word_1_801' title='bbox 541 5667 673 5724; x_wconf 87' lang='lat' dir='ltr'><strong>conlasus</strong></span> <span class='ocrx_word' id='word_1_802' title='bbox 694 5669 812 5741; x_wconf 74' lang='lat' dir='ltr'><strong>baiocas</strong></span> <span class='ocrx_word' id='word_1_803' title='bbox 833 5687 876 5729; x_wconf 89' lang='lat' dir='ltr'><strong>re·</strong></span> <span class='ocrx_word' id='word_1_804' title='bbox 924 5667 1140 5739; x_wconf 78' lang='lat' dir='ltr'><strong>cumbinellam,</strong></span> <span class='ocrx_word' id='word_1_805' title='bbox 1166 5675 1271 5726; x_wconf 78' lang='lat' dir='ltr'><strong>terreus</strong></span> <span class='ocrx_word' id='word_1_806' title='bbox 1295 5668 1416 5724; x_wconf 91' lang='lat' dir='ltr'><strong>duarum</strong></span> <span class='ocrx_word' id='word_1_807' title='bbox 1441 5681 1632 5732; x_wconf 78' lang='lat' dir='ltr'><strong>carrucarum,</strong></span> <span class='ocrx_word' id='word_1_808' title='bbox 1654 5671 1683 5720; x_wconf 91' lang='lat' dir='ltr'><strong>et</strong></span> <span class='ocrx_word' id='word_1_809' title='bbox 1705 5679 1741 5721; x_wconf 80' lang='lat' dir='ltr'><strong>xx</strong></span> 
     </span>
     <span class='ocr_line' id='line_1_60' title="bbox 55 5754 1752 5838; baseline -0.003 -23"><span class='ocrx_word' id='word_1_810' title='bbox 55 5758 118 5827; x_wconf 88' lang='lat' dir='ltr'><strong>diit,</strong></span> <span class='ocrx_word' id='word_1_811' title='bbox 134 5772 188 5815; x_wconf 91' lang='lat' dir='ltr'><strong>uec</strong></span> <span class='ocrx_word' id='word_1_812' title='bbox 200 5754 231 5814; x_wconf 90' lang='lat' dir='ltr'><strong>in</strong></span> <span class='ocrx_word' id='word_1_813' title='bbox 244 5756 376 5831; x_wconf 77' lang='lat' dir='ltr'><strong>Angtiam</strong></span> <span class='ocrx_word' id='word_1_814' title='bbox 388 5759 572 5833; x_wconf 90' lang='lat' dir='ltr'><strong>postmodum</strong></span> <span class='ocrx_word' id='word_1_815' title='bbox 585 5761 741 5835; x_wconf 80' lang='lat' dir='ltr'><strong>repedavit.</strong></span> <span class='ocrx_word' id='word_1_816' title='bbox 927 5765 1056 5836; x_wconf 87' lang='lat' dir='ltr'><strong>villanos,</strong></span> <span class='ocrx_word' id='word_1_817' title='bbox 1078 5770 1107 5823; x_wconf 90' lang='lat' dir='ltr'><strong>ct</strong></span> <span class='ocrx_word' id='word_1_818' title='bbox 1126 5765 1274 5824; x_wconf 87' lang='lat' dir='ltr'><strong>ecclesiam</strong></span> <span class='ocrx_word' id='word_1_819' title='bbox 1292 5780 1360 5823; x_wconf 91' lang='lat' dir='ltr'><strong>cum</strong></span> <span class='ocrx_word' id='word_1_820' title='bbox 1374 5759 1573 5838; x_wconf 52' lang='lat' dir='ltr'><strong>presai-teus,</strong></span> <span class='ocrx_word' id='word_1_821' title='bbox 1588 5757 1752 5814; x_wconf 70' lang='lat' dir='ltr'><strong>dedimam-</strong></span> 
     </span>
    </p>
   </div>
   <div class='ocr_carea' id='block_1_9' title="bbox 0 0 1880 6046">
    <p class='ocr_par' dir='ltr' id='par_1_12' title="bbox 0 0 1880 6046">
     <span class='ocr_line' id='line_1_61' title="bbox 0 0 1880 6046; baseline 0 4"><span class='ocrx_word' id='word_1_822' title='bbox 0 0 1880 6046; x_wconf 95' lang='lat' dir='ltr'><strong> </strong></span> 
     </span>
    </p>
   </div>
  </div>
 </body>
</html>
