3750 6046
141 232 193 289 lut
838 229 1002 289 benemar
1022 230 1154 289 urreis
1769 222 1821 283 lae

141 364 194 415 tius
212 362 331 426 niciam,
351 360 480 429 quoniam
501 370 543 422 eo,
562 372 623 429 que
638 361 754 429 posteris
776 363 876 416 nostris
890 362 955 430 jure
966 375 995 445 Α
1005 365 1079 428 rant,
1093 376 1125 413 ex
1140 361 1199 412 tota
1213 356 1333 411 liberam
1347 353 1493 409 monacbis
1507 352 1656 419 concessit,
1671 367 1721 408 sex
1734 351 1823 407 libras

141 453 316 509 hereditario
330 453 519 523 relinquimus,
544 468 597 508 aaa
618 454 704 508 satum
726 453 785 509 dico
804 459 863 523 past
883 470 954 509 mor-
1004 451 1165 508 allaiuerio
1179 451 1281 506 abbate
1294 448 1409 520 recepit.
1427 447 1531 502 tleinda
1548 445 1704 501 baudricus
1724 446 1822 500 etalii

143 552 194 602 tem
210 563 264 601 uon
276 554 402 617 prosunt,
418 549 615 610 verumetiam,
634 548 699 616 quia
718 548 789 602 male
808 564 840 603 eu
859 549 957 604 locavi·
1005 545 1158 616 supradicti
1170 562 1186 598 a
1200 546 1356 615 praenotato
1374 547 1456 613 patre
1475 540 1659 596 medietatem
1674 543 1762 594 terrae
1777 555 1820 593 re-

142 655 215 702 mus,
239 640 315 694 nobis
338 641 487 710 plurimum
512 641 645 707 officiunt.
674 643 774 697 Notum
804 646 892 696 sautem
919 643 956 695 sit
1006 643 1151 710 ceperunt,
1168 636 1238 692 etia
1257 636 1407 708 praesentia
1427 634 1536 689 isnardi
1556 632 1687 688 homiues
1706 631 1822 703 praefati

141 738 242 789 saincte
265 734 388 789 Ecclesiae
410 734 532 788 onvrribus
555 732 680 802 fidelibus
706 735 772 803 quia
797 749 844 803 eqo
873 732 956 789 libens
1006 731 1127 798 abbatis,
1144 730 1251 801 junctis
1270 729 1413 795 manibus,
1430 727 1496 782 iacti
1515 732 1589 782 sunt.
1610 725 1650 783 lbi
1670 725 1760 780 etiam
1782 724 1822 779 illi

26 852 29 857 ·
142 818 223 897 atque
242 832 415 896 spontaneas,
436 842 500 880 mee
520 827 607 880 saluti
627 829 657 881 in
677 829 772 894 futuro
794 828 955 897 praevidens,
1006 828 1063 881 ires
1076 841 1173 880 coram
1194 822 1308 878 isnardo
1330 828 1358 877 et
1372 822 1433 876 aliis
1454 819 1649 891 compluribus
1668 803 1822 874 ecclesiam

145 922 223 975 beuta
241 921 356 987 Ebrulro
376 927 402 974 et
422 921 476 975 sibi
494 921 672 975 seruientibus
692 923 746 976 ista
766 924 873 984 amnia,
894 922 955 976 licet
1006 915 1477 989 illiusvilloe,etquidquidadeam
1490 913 1660 985 pertinebat,
1673 917 1823 984 lotamque

143 1017 255 1068 minima
268 1015 331 1075 sint,
342 1013 407 1081 jure
425 1018 551 1084 perpetuo
567 1014 657 1078 trado,
671 1030 731 1084 que
744 1015 787 1070 bic
801 1030 957 1070 enumerare
1006 1012 1147 1067 decimam
1163 1015 1372 1075 concesseruut,
1392 1014 1421 1064 et
1435 1008 1521 1065 totius
1538 1011 1632 1074 terrm,
1652 1011 1711 1061 tam
1732 1006 1769 1060 de
1790 1022 1824 1060 ea

143 1107 253 1162 curabo.
280 1106 409 1162 Videlicet
430 1107 567 1162 ecetesiam
591 1107 624 1162 de
645 1109 838 1171 Manibuceat,
860 1112 885 1163 et
906 1123 957 1163 me·
1006 1123 1070 1178 quse
1089 1105 1126 1160 ad
1145 1104 1288 1159 isuardum
1307 1101 1477 1174 pertinebat,
1495 1117 1581 1172 quam
1598 1100 1633 1155 de
1649 1117 1692 1168 aa,
1707 1116 1773 1171 quae
1785 1097 1821 1153 ad

144 1201 271 1256 dietatem
289 1200 398 1255 deame
414 1200 490 1255 illius
504 1201 587 1263 uittae,
602 1204 789 1264 caemeterium,
807 1208 889 1272 atque
905 1208 957 1257 tres
1006 1198 1123 1253 beatum
1137 1198 1322 1268 Stephanum,
1336 1196 1379 1251 vel
1393 1195 1428 1250 ad
1443 1209 1644 1266 quemcunque
1658 1192 1748 1248 alivvm
1759 1208 1822 1264 per·

143 1309 222 1349 acras
235 1298 313 1348 terre
325 1309 393 1363 prone
403 1295 591 1357 caemeterium,
604 1310 651 1349 nec
667 1310 721 1349 ivon
739 1297 897 1351 manosterii
909 1311 955 1349 ar-
1007 1291 1124 1356 tinebet,
1142 1307 1177 1345 ex
1191 1293 1251 1345 toto
1270 1305 1367 1344 eoram
1384 1288 1508 1343 Gernrdo
1521 1287 1690 1358 presbytero
1703 1286 1824 1357 aliisque

144 1390 261 1456 capium,
296 1393 428 1457 quantum
461 1387 614 1444 (lescelinus
645 1390 746 1451 tenuit,
775 1389 957 1458 decimamque
1007 1385 1105 1439 multis
1119 1386 1328 1438 concesserunt.

142 1481 290 1537 nmleivaliai
310 1484 371 1535 ram.
390 1483 426 1535 Et
446 1483 470 1535 si
491 1482 531 1535 ibi
552 1488 701 1537 meatum
721 1484 804 1550 facio,
828 1483 957 1537 mamam
1042 1481 1123 1533 Anno
1136 1477 1171 1532 ab
1184 1474 1384 1531 lucernalibus
1399 1474 1511 1529 Domini
1531 1474 1619 1530 nostri
1636 1475 1701 1529 lesu
1719 1472 1826 1528 Christi

143 1576 180 1630 eis
205 1576 333 1631 simililer
358 1574 423 1629 iude
450 1591 551 1631 ovinus.
578 1576 727 1631 Monachus
750 1591 830 1638 uero,
858 1577 956 1646 quiin
1009 1575 1087 1637 ¹073,
1108 1569 1261 1627 indictione
1281 1586 1309 1638 x,
1325 1572 1452 1640 tempore
1473 1567 1606 1623 willelmi
1626 1566 1722 1639 llagni
1746 1565 1826 1636 regis

143 1670 328 1725 Mavvtleisceat
340 1667 482 1736 irridebit,
493 1684 636 1738 vvvvnquam
647 1669 792 1724 molturam
803 1670 836 1724 de
847 1684 956 1724 annona
1006 1665 1163 1736 anglorum
1174 1666 1203 1718 et
1213 1662 1292 1718 ducis
1303 1663 1541 1729 Narmaunarum,
1552 1661 1718 1716 Guillclmus
1729 1660 1823 1725 miles,

143 1776 193 1816 sua
209 1760 294 1815 stabit.
311 1760 386 1828 Quod
403 1763 428 1814 si
440 1763 497 1830 ipse
516 1763 575 1816 uult
594 1763 690 1817 molere
708 1762 746 1818 ad
762 1778 841 1818 suum
860 1741 996 1816 molen-B
1007 1762 1200 1830 cognomento
1214 1756 1323 1824 vanui,
1339 1755 1506 1811 consulente
1519 1753 1674 1810 venerabili
1685 1752 1823 1809 llainerio

145 1855 251 1915 divium,
266 1855 364 1921 parim.
379 1852 410 1908 Si
424 1870 477 1909 riou
494 1855 596 1924 piraeei,
616 1855 654 1909 ad
672 1871 760 1910 meum
779 1856 873 1915 molat,
893 1856 958 1909 mol·

146 1953 288 2016 turrimque
312 1962 390 2002 suam
420 1947 528 2002 babeat.
557 1950 590 2002 la
615 1949 806 2004 Marclvesuilla
837 1965 957 2020 quoque,

146 2040 282 2110 quidquid
297 2041 337 2094 ibi
353 2041 447 2104 liabeo,
471 2046 582 2104 terram,
604 2044 806 2104 mensularium,
831 2043 959 2098 molendi-

146 2149 222 2195 num,
237 2133 271 2188 da
286 2136 324 2188 eis
338 2136 365 2187 ia
376 2139 545 2204 perpetuum.
560 2137 594 2189 la
612 2135 690 2197 uillae
711 2151 771 2205 quae
788 2137 889 2190 dieitur
909 2137 959 2191 Lu-

147 2226 277 2289 landella,
297 2227 331 2281 da
345 2227 523 2283 nibilominus
541 2232 641 2283 terram
658 2231 739 2283 unius
759 2230 848 2284 aratri
861 2234 886 2284 et
901 2245 957 2284 mo·

147 2321 304 2374 secretarium.
324 2320 446 2375 Nemesis
465 2323 518 2375 mei
536 2321 665 2376 decimam
683 2322 808 2377 similiter
823 2323 867 2385 de,
888 2323 960 2377 uide·

147 2412 208 2467 licet
222 2412 256 2467 de
268 2415 410 2482 pasnadio,
428 2413 461 2468 de
472 2415 579 2484 apibus,
595 2415 628 2469 de
643 2414 736 2469 bestiis
755 2416 887 2470 silvaticis
900 2430 960 2485 que

146 2505 187 2559 ibi
206 2508 356 2576 capientur.
371 2509 450 2562 Porci
469 2523 575 2577 quaque.
594 2509 785 2563 monacharum
806 2509 960 2565 nullutenus

143 2602 309 2671 pasnaqium
334 2602 364 2654 in
387 2616 444 2655 meo
464 2616 570 2655 nemore
594 2602 717 2664 dabunt,
740 2602 961 2672 necquidquam

147 2690 234 2757 aperis
246 2689 289 2742 cel
303 2690 409 2743 seruitii
420 2691 474 2743 sive
489 2690 667 2760 expeditionis
685 2691 760 2754 mili,
775 2706 859 2761 raeque
872 2698 960 2763 paste-

147 2783 186 2836 ris
200 2784 264 2836 mers
279 2782 335 2836 ralla
349 2788 464 2851 tempore
483 2784 608 2838 mauricii
622 2783 744 2839 reddent.
761 2786 834 2839 Etsi
849 2785 882 2839 de
895 2789 961 2839 meis

148 2875 299 2930 bominibus
314 2875 390 2930 beata
405 2876 517 2944 Ebrulfo
531 2876 597 2931 dare
608 2879 651 2933 uel
662 2877 776 2934 vendere
790 2879 892 2948 aliquis
905 2880 961 2933 ati·

1007 1851 1109 1907 abbate
1128 1851 1219 1906 amico
1241 1866 1301 1915 suo,
1325 1853 1352 1905 el
1374 1849 1545 1904 concedente
1567 1847 1689 1920 [lagerio
1716 1846 1825 1903 comite

1008 1944 1125 2000 domino
1142 1959 1204 2010 suo,
1224 1942 1303 1999 dedit
1320 1942 1349 1999 S.
1369 1942 1485 1998 Ebrulto
1507 1941 1639 1997 ecclesias
1657 1941 1693 1996 de
1713 1941 1825 2007 Norua,

1008 2053 1131 2109 quarum
1147 2053 1202 2092 uua
1215 2041 1377 2092 coustumia
1395 2039 1439 2091 est
1458 2035 1487 2089 in
1505 2035 1616 2091 honore
1637 2033 1666 2089 S.
1691 2033 1781 2102 Petri,
1797 2037 1827 2087 et

1008 2132 1098 2187 altera
1120 2130 1150 2185 in
1172 2130 1279 2186 bouore
1300 2131 1326 2186 S.
1350 2129 1441 2201 cyrici
1465 2129 1607 2201 uiartyris.
1630 2128 1709 2183 Tunc
1736 2128 1826 2183 etiam

1010 2224 1088 2280 dedit
1102 2228 1192 2280 latam
1207 2224 1346 2279 decimam
1363 2224 1397 2279 de
1409 2224 1517 2291 Norun,
1531 2222 1742 2295 propriumque
1754 2220 1827 2292 ples·

1010 2318 1134 2386 scitium,
1146 2322 1174 2372 et
1184 2320 1296 2388 partem
1309 2316 1386 2371 silvae
1396 2332 1413 2372 a
1423 2319 1510 2389 ponte
1520 2315 1645 2387 Ogereti,
1656 2319 1826 2386 partemque

1010 2427 1091 2467 suam
1109 2411 1193 2466 unius
1212 2416 1293 2465 terrae
1313 2426 1378 2480 quae
1396 2409 1509 2465 Molenx
1523 2408 1635 2476 dicitur,
1658 2411 1687 2464 et
1709 2407 1827 2462 alterins

1011 2520 1076 2577 quae
1094 2504 1169 2558 ultra
1189 2507 1345 2558 torrentem
1360 2503 1412 2558 sila
1428 2508 1480 2570 est,
1495 2505 1522 2557 el
1537 2502 1621 2573 vulgo
1636 2501 1771 2572 Ruptices
1784 2500 1825 2554 di·

1010 2599 1092 2653 citur.
1106 2599 1166 2668 lpse
1180 2597 1360 2668 postmodum
1381 2599 1471 2651 taliam
1492 2594 1611 2651 tendum
1626 2593 1772 2649 Guillelmi
1791 2593 1826 2648 de

1011 2690 1147 2759 llaloi,in
1163 2690 1294 2762 quatere
1310 2706 1360 2746 xxx
1381 2706 1454 2745 aerae
1474 2691 1558 2745 terrm
1578 2693 1653 2755 sunt,
1673 2687 1827 2751 concessit3

1011 2788 1041 2840 et
1053 2783 1168 2838 indeed
1183 2783 1341 2838 iueuudum
1356 2783 1408 2837 iter
1422 2782 1451 2837 S.
1467 2781 1557 2853 ligidii
1576 2797 1621 2835 xvv
1633 2781 1720 2836 libras
1733 2781 1827 2835 liodo-

1011 2877 1153 2933 mensium
1171 2893 1204 2932 ex
1223 2876 1361 2932 charitate
1383 2877 1591 2931 monachorum
1614 2874 1722 2930 habuit.
1745 2873 1826 2929 Idem

148 2968 218 3039 quid
231 2968 356 3035 uelauit,
374 2970 495 3025 omnibus
512 2971 663 3025 omnimodo
681 2971 715 3026 da
738 2972 875 3027 licentium
896 2987 963 3042 qua·
1012 2975 1100 3026 totam
1120 2977 1239 3039 terram,
1260 2988 1345 3042 quam
1368 2969 1528 3026 Gualterius
1549 2968 1623 3024 tilius
1648 2968 1729 3023 linies
1751 2967 1827 3023 Rod-

149 3067 226 3117 leuus
239 3061 295 3126 liae,
310 3062 411 3132 absque
427 3064 589 3128 timoremei,
605 3066 696 3131 lacem
711 3066 891 3135 prevaleant.
906 3069 999 3179 llasC
1012 3064 1094 3120 berto
1114 3065 1253 3119 monacho
1273 3063 1407 3130 vendidit,
1423 3063 1451 3119 S.
1471 3065 1555 3118 Petro
1575 3062 1730 3129 ooacessii;
1749 3061 1829 3116 unde

149 3170 211 3222 erqo
224 3156 421 3225 qualescunque
438 3156 606 3220 donationes,
629 3172 697 3227 quas
718 3173 765 3226 eqo
785 3159 963 3228 omnipotenti
1012 3158 1161 3230 predictus
1181 3157 1335 3213 monachus
1354 3158 1379 3212 ei
1399 3163 1515 3213 centiam
1536 3157 1640 3212 solidos
1661 3156 1828 3212 Rodomen-

150 3253 214 3311 Deo,
227 3251 276 3318 qui
286 3249 353 3303 mibi
370 3264 427 3304 esse
445 3251 570 3313 contulit,
586 3255 611 3306 et
630 3251 704 3306 beato
719 3253 838 3319 Ebrulfo
857 3254 962 3321 epreqio
1012 3253 1086 3308 sium
1102 3252 1191 3307 dedit.
1206 3254 1312 3306 Prmter
1324 3251 1385 3305 haec
1404 3251 1481 3306 idem
1502 3250 1669 3306 Guillelmus
1683 3250 1711 3304 in
1726 3250 1830 3305 eadem

150 3344 296 3411 eorvsessari
311 3348 475 3413 spoutuneus
493 3344 584 3412 alluo,
598 3346 623 3398 si
639 3347 698 3414 quis
714 3360 803 3400 uecors
825 3351 875 3399 aul
896 3347 965 3401 iaci·
1013 3347 1077 3402 villa
1089 3345 1169 3401 dedit
1182 3345 1330 3400 monacbis
1343 3361 1375 3400 ax
1388 3361 1467 3399 acras
1480 3348 1575 3412 terrm,
1590 3350 1619 3400 et
1629 3344 1831 3399 molendinum

151 3436 202 3491 dus
215 3439 243 3490 ri
255 3437 297 3490 oet
308 3436 378 3491 etam
394 3435 556 3506 quaudoque
572 3439 701 3504 minuere,
716 3454 763 3494 seu
782 3443 910 3495 temerare
921 3439 964 3494 vet
1015 3439 1050 3494 de
1070 3438 1190 3508 tlelmet,
1206 3437 1402 3510 decimamque
1417 3438 1528 3494 dimidii
1547 3437 1702 3493 molendini
1717 3438 1755 3493 de
1772 3438 1828 3492 No·

151 3532 262 3597 auferre
276 3545 359 3586 ausus
373 3532 468 3597 luent,
479 3534 610 3601 perpetua
622 3532 769 3588 mulctatus
781 3534 963 3596 aaatlvemate,
1013 3548 1079 3587 run.
1094 3532 1174 3587 liedit
1195 3535 1224 3587 et
1244 3532 1391 3587 eeclesiam
1410 3532 1445 3587 de
1465 3531 1616 3599 Esmivilla,
1631 3547 1697 3586 cum
1717 3531 1831 3586 decima

150 3627 181 3680 ia
200 3627 307 3695 reqieae
323 3626 471 3679 uiuentium
488 3640 542 3679 nan
563 3625 655 3681 uideat
677 3626 748 3681 bona
769 3628 885 3689 Domini,
910 3628 965 3681 nisi
1014 3631 1044 3681 et
1062 3625 1195 3680 omnibus
1214 3624 1373 3680 redditibus
1393 3626 1429 3680 ad
1451 3624 1598 3680 ecclesiam
1619 3623 1831 3696 pertinentibus

151 3718 311 3786 diquissima
322 3720 507 3787 satisfactione
519 3720 651 3789 pairiteas
661 3721 719 3789 ipse
727 3722 878 3790 resipuerit.
890 3723 964 3775 Hane
1015 3722 1044 3775 et
1057 3720 1087 3774 in
1106 3719 1203 3775 eadem
1216 3719 1283 3773 villa
1296 3721 1403 3774 terram
1424 3718 1507 3774 unius
1525 3717 1694 3786 vavassoris,
1709 3725 1740 3773 et
1759 3717 1831 3773 duas

152 3818 241 3867 autem
254 3813 400 3881 parvitatis
413 3816 512 3867 nostrae
525 3812 708 3873 donationem.
721 3829 739 3867 a
753 3829 794 3868 me
809 3814 966 3885 simpliciter
1015 3814 1117 3885 garbas
1136 3812 1253 3868 decimae
1264 3829 1323 3867 sure
1336 3811 1530 3885 proprietatis,
1545 3815 1574 3867 et
1587 3811 1718 3867 omnium
1734 3812 1829 3866 homi-

152 3911 273 3973 roqatas,
290 3905 403 3959 libenter
414 3907 541 3960 concessit
563 3905 677 3960 domnus
697 3906 846 3961 Radbertus
868 3906 966 3963 Garna-
1015 3923 1084 3963 num
1102 3922 1220 3962 suorum
1235 3907 1270 3961 de
1287 3905 1394 3961 llaisnil
1410 3904 1576 3972 Baebelarii,
1592 3922 1624 3961 ao
1642 3910 1733 3961 totam
1751 3904 1831 3960 deci·

156 4001 237 4054 tensis
254 3998 368 4053 ecclesia
385 4001 531 4068 episcapus‚
548 4000 576 4053 in
588 3998 665 4068 cujus
685 4006 837 4055 sacramento
856 4006 921 4056 suut
934 4017 966 4055 ea
1016 4016 1094 4056 mam
1108 3999 1266 4056 molendini
1281 4000 1315 4055 dc
1329 4000 1497 4056 liare-Villa.
1511 4001 1613 4055 Totam
1629 4015 1696 4055 vero
1710 4002 1832 4066 terram,

154 4108 215 4162 quae
239 4093 362 4159 saperius
387 4092 454 4146 dista
479 4097 671 4146 memorantur.
703 4092 893 4149 Concesserunt
919 4095 966 4149 lvoc
1017 4110 1105 4166 quam
1122 4071 1238 4149 beatrix·
1250 4098 1342 4149 mater
1355 4094 1417 4165 ejus
1431 4093 1460 4148 in
1475 4093 1602 4149 dominio
1621 4092 1743 4148 habebat
1756 4093 1833 4166 apud

154 4187 235 4239 etiaim
247 4185 350 4251 fraires
367 4186 429 4246 mei,
448 4184 568 4253 ejusdem
582 4185 695 4240 molesia
710 4189 844 4250 canonici,
860 4192 886 4242 et
899 4203 968 4243 uaer
1017 4188 1126 4257 Fossae,
1136 4186 1217 4241 dedit
1226 4187 1255 4242 S.
1267 4188 1364 4254 Petro;
1375 4187 1501 4258 hospites
1510 4186 1596 4242 etiam
1604 4185 1641 4241 de
1649 4186 1835 4258 eleemosyna

155 4294 214 4333 mea
228 4279 310 4348 Alpes
322 4283 402 4347 atque
417 4280 470 4347 plia·
481 4280 542 4332 mei.
1016 4281 1043 4335 S.
1068 4280 1200 4335 Germani
1217 4280 1252 4335 de
1272 4280 1459 4335 eliberi-Vico.
1473 4279 1575 4349 llelvis,
1601 4296 1682 4335 soror
1704 4281 1835 4351 ejusdem

159 4434 165 4441 ,
192 4373 335 4428 Uticenses
348 4371 481 4427 monachi
497 4372 714 4443 possessionem,
731 4390 816 4445 quam
832 4375 968 4445 praelatus
1017 4375 1171 4441 Guillelmi,
1189 4377 1281 4429 totum
1301 4374 1475 4445 mariagium
1499 4389 1581 4429 suum
1601 4374 1637 4429 de
1656 4372 1833 4429 biberi-ilica

155 4468 241 4523 heros
254 4466 303 4527 eis,
316 4471 346 4519 ut
358 4465 466 4521 dictum
479 4469 531 4534 est,
546 4466 673 4535 dederat,
684 4468 742 4539 jam
754 4467 1007 4543 summatenus-1)
1018 4467 1097 4524 dedit
1111 4469 1138 4524 S.
1157 4468 1253 4534 Petro;
1275 4467 1350 4539 quod
1373 4468 1433 4539 ipse
1453 4470 1521 4522 tunc
1542 4466 1690 4522 concessit.
1713 4467 1833 4538 iusuper

156 4567 223 4617 ravit
230 4566 277 4631 ;et
287 4576 463 4615 successores
472 4559 533 4632 ejus
544 4560 764 4616 Bartholomaeus
776 4569 967 4634 cogiromento
1018 4562 1046 4618 in
1061 4561 1160 4617 eadem
1181 4562 1246 4617 villa
1265 4562 1406 4617 decimam
1425 4561 1575 4617 hominum
1595 4576 1712 4616 suarum
1733 4560 1833 4616 llaim·

156 4655 277 4720 liccllus,
294 4659 323 4710 ct
334 4654 474 4709 Gerardns
491 4653 564 4709 lilius
581 4655 642 4725 ejus
659 4659 806 4727 gratanter
827 4672 969 4712 concesse·
1017 4655 1096 4712 baldi
1115 4660 1145 4711 et
1164 4656 1300 4712 liodberti
1320 4656 1446 4711 llaerelici
1464 4660 1493 4711 et
1508 4655 1641 4712 Gualouis
1659 4653 1710 4709 lilii
1722 4654 1834 4711 Satredi

155 4751 233 4804 runt.
255 4747 364 4803 ibidem
386 4747 543 4802 limericus
560 4750 589 4803 et
606 4748 741 4804 lladullas
763 4752 792 4804 el
811 4750 891 4821 lingo
910 4755 967 4806 bn·
1018 4751 1159 4821 adjunxit.
1199 4752 1340 4805 Preterea
1376 4749 1452 4805 idem
1491 4749 1654 4805 Guillelmus
1695 4749 1836 4805 coacessit

156 4843 256 4914 glieus,
270 4840 490 4913 Guillelmusque
503 4840 538 4896 dc
551 4842 668 4911 Maride,
681 4841 787 4913 aliique
802 4843 897 4914 plures
911 4860 969 4899 mo·
1018 4845 1045 4899 S.
1060 4846 1141 4900 Petro
1158 4844 1192 4898 de
1210 4844 1306 4899 Norun
1323 4859 1423 4898 omnes
1439 4843 1570 4898 ecclesias
1583 4846 1612 4899 ei
1624 4841 1750 4898 decimas
1769 4859 1833 4897 om·

155 4936 251 5003 uachi,
274 4933 408 4990 facundia
426 4937 456 4989 et
481 4935 619 5006 probitate
646 4935 785 5007 vigentes,
810 4938 969 4993 conversati
1019 4938 1099 4993 nium
1121 4938 1249 4993 locorum
1271 4937 1301 4992 in
1327 4937 1429 5008 anglia
1453 4952 1504 4992 seu
1528 4936 1715 5003 Normnnnia,
1735 4938 1780 4992 vel
1804 4937 1835 4992 in

156 5036 231 5095 sunl,
257 5029 353 5100 eisque
380 5028 537 5100 benignum
562 5029 753 5101 patrocinium
779 5032 969 5087 carnotenses
1010 5031 1098 5112 'omni
1111 5031 1173 5086 loco
1187 5030 1349 5103 ubieunque
1364 5022 1456 5089 bonor
1467 5031 1493 5085 ei
1510 5033 1660 5098 cresceret,
1677 5030 1834 5086 decimam·

156 5121 293 5194 episcopi,
307 5120 464 5177 Radbertus
479 5128 508 5178 et
528 5121 690 5178 Goislrcdus
705 5126 734 5178 et
748 5122 795 5178 lvo
810 5124 969 5180 etGoislra·
1020 5141 1075 5196 que
1098 5124 1185 5181 totius
1211 5124 1395 5196 possessionis
1425 5141 1499 5191 suae,
1524 5124 1653 5179 videlicet
1677 5140 1834 5196 equarum,

157 5217 209 5271 dus
229 5214 364 5286 impertiti
379 5217 455 5270 sant.
471 5217 515 5272 Sic
535 5215 630 5271 studio
651 5217 868 5285 monachorum,
887 5219 968 5273 auxi·
1019 5234 1168 5274 vaccarum
1181 5223 1211 5274 et
1224 5234 1382 5285 caseorum,
1398 5218 1586 5289 omniumque
1600 5233 1699 5272 rerum
1716 5217 1753 5273 de
1770 5219 1834 5290 qui·

155 5310 253 5382 linque
271 5308 413 5364 bonorum
428 5309 546 5365 basilica
564 5309 764 5365 llarcbesvillm
781 5311 894 5367 condita
909 5315 967 5381 est3
1018 5312 1072 5368 bus
1085 5312 1226 5368 decimam
1239 5312 1308 5367 darc
1325 5314 1430 5384 posset.
1445 5311 1583 5369 Similiter
1594 5311 1736 5367 concessit
1751 5312 1837 5385 quid·

156 5420 221 5478 qnae
238 5407 342 5458 sancta
354 5402 404 5459 liei
419 5402 553 5459 Genitrioi
568 5403 670 5472 llariae,
691 5419 745 5476 per
763 5420 851 5476 qaam
868 5406 968 5461 mundi
1020 5405 1089 5478 quid
1103 5406 1235 5461 homiues
1246 5406 1307 5478 ejus
1319 5406 1347 5463 S.
1364 5404 1479 5469 libratio
1500 5404 1570 5461 dare
1587 5410 1637 5461 ant
1649 5405 1774 5461 vendere
1791 5421 1839 5459 va·

157 5498 233 5554 saliis
246 5497 334 5567 venit,
347 5501 511 5552 consecrata
523 5499 575 5552 est.
1019 5498 1135 5568 luerint,
1152 5505 1271 5573 excepto
1288 5516 1324 5556 ne
1342 5500 1489 5555 servitium
1505 5497 1558 5555 sibi
1574 5498 1704 5555 debitum
1720 5498 1836 5555 amitte·

193 5591 298 5647 llodem
321 5594 461 5662 tempore,
484 5588 639 5646 baudricus
657 5594 685 5646 et
702 5590 864 5649 Goislrcdus
883 5596 970 5665 atque
1018 5596 1074 5649 ret.
1093 5595 1195 5650 totam
1213 5610 1281 5651 vera
1297 5597 1407 5665 partem
1424 5591 1589 5651 subalanliae
1604 5608 1665 5649 snm
1683 5592 1843 5662 mucescit..

155 5685 316 5741 Gnnberius
329 5688 419 5740 totam
431 5686 541 5739 terram
555 5683 591 5739 de
606 5683 733 5742 lareurai
752 5685 835 5741 beato
853 5685 969 5743 libralia
1019 5687 1059 5744 ita
1088 5691 1121 5744 ni
1150 5688 1218 5744 inda
1251 5686 1423 5745 cenobiales
1442 5685 1575 5744 monachi
1592 5685 1622 5743 S.
1641 5686 1751 5745 Ebrulll
1771 5688 1838 5760 posi

141 5780 300 5844 dederunt,
316 5778 352 5831 le'l
366 5775 435 5849 quia
450 5777 591 5843 isnardus,
607 5776 642 5832 de
654 5778 775 5849 quadiu
788 5794 853 5835 mm
865 5784 969 5836 tonue-
1018 5787 1142 5839 mortem
1158 5782 1221 5854 ejus
1236 5781 1419 5839 medietatem
1436 5796 1524 5839 anem
1537 5780 1673 5851 babeam,
1691 5780 1838 5857 aliamque
