3750 6046
92 173 147 233 787

87 302 129 359 ild
139 302 217 358 bona
230 299 370 357 ferventes
388 299 468 358 electi
481 301 581 358 sedule
597 307 726 372 currunt,

87 397 130 452 hd
146 395 271 452 studium
284 396 384 468 vigiles
396 397 477 452 avide
488 396 632 452 laudabile
648 396 777 451 tendunt.

86 489 212 561 Cogendi
227 507 284 545 nou
298 495 375 560 sunt,
390 491 440 562 qui
459 497 559 563 sponte
574 489 695 546 ferenda
707 494 868 562 capessunt,

89 583 144 650 out
159 587 289 655 segetum
304 589 418 656 captant
430 585 528 651 fasces,
542 588 570 639 et
584 583 611 638 in
626 584 728 639 horrea
742 586 868 655 portant.

86 677 166 734 Ultro
181 677 248 733 satis
261 678 394 749 gradiens
409 678 524 750 sonipes
538 695 594 733 uou
606 681 650 733 est
661 676 859 745 stimulandus,

88 771 153 841 Sed,
168 771 338 841 halebatur,
355 772 505 828 moderato
515 773 581 844 jure
597 773 751 843 regendus.

88 865 199 921 Durum
212 881 303 921 sessor
318 882 425 939 equum
436 866 590 921 calcaribus
603 868 688 937 urget
703 865 803 938 acutis,

88 959 219 1016 Percutit
233 963 262 1015 et
275 958 390 1029 crebris,
409 963 441 1015 ut
453 963 536 1031 cogat
551 976 665 1015 currere
678 959 776 1032 flagris
784 977 792 1030 ;

88 1053 220 1110 Ecclesiae
233 1052 334 1108 similis
349 1053 395 1109 lex
414 1059 455 1109 est
467 1053 629 1109 doctoribus
643 1054 734 1121 alsnia,

91 1148 161 1202 Nam
174 1147 266 1202 lentos
281 1147 430 1202 stimulant
448 1146 563 1202 monitis
576 1147 736 1219 celeresque
750 1147 906 1202 refrenant.

78 1242 203 1299 'Comae
218 1240 294 1296 derra
307 1256 413 1312 gerens
429 1240 502 1296 mala
516 1240 605 1296 bestia
616 1242 678 1313 jam
691 1240 866 1310 dominatur,

90 1333 184 1390 Effera
199 1334 278 1405 plebs
292 1335 399 1406 passim
414 1335 554 1390 scelerum
569 1336 648 1407 lepra
663 1335 827 1390 maculatur.

90 1428 143 1484 feb
155 1427 293 1485 Dominus
304 1427 396 1500 typice
411 1427 565 1484 Bebemotb
580 1429 748 1485 monstravit
762 1427 871 1496 amice;

91 1523 210 1578 Daemon
224 1521 254 1576 in
268 1521 321 1577 hoc
333 1522 443 1577 mundo
457 1521 526 1578 furit
539 1522 693 1579 insidiosus
709 1521 818 1594 iniquo.

90 1613 258 1687 Terrigenas
270 1613 423 1670 furibunda
435 1632 521 1687 super
535 1623 677 1688 grassatur
686 1614 816 1688 Erinnys,

90 1708 278 1780 Quotidiequc
291 1726 357 1765 suos
370 1710 455 1764 Erebi
465 1710 609 1765 contrudit
624 1710 653 1765 in
672 1710 748 1764 imis.

92 1802 177 1859 Ludit
190 1809 218 1859 et
231 1803 325 1859 illudit
337 1803 504 1859 mortalibus
516 1804 719 1875 amphisilena.

96 1896 269 1968 Decipiendo
282 1896 384 1969 quibus
399 1898 523 1969 paradisi
540 1898 613 1953 tollit
628 1914 750 1953 amoena.

93 1990 169 2046 tleul
184 1991 261 2045 male
273 1989 349 2045 virus
362 1991 403 2046 eis
416 1990 539 2047 infundit
552 1992 667 2047 lethifer
682 1991 795 2063 angitis,

95 2082 172 2149 Ques
186 2084 255 2138 lacit
269 2088 399 2140 amentes
413 2088 442 2140 et
455 2089 554 2141 mutuo
567 2102 597 2141 se
611 2085 793 2158 perimentes.

92 2176 205 2235 lforbos
218 2183 246 2233 et
260 2183 352 2250 pestes
365 2178 443 2234 stulti
458 2178 590 2246 subeunt,
602 2182 631 2234 et
640 2178 731 2251 iniqui

94 2273 215 2343 Insuper
226 2270 362 2342 adjiciunt
375 2271 428 2327 sibi
439 2273 561 2344 pessima
575 2272 706 2344 nequiter
720 2271 783 2345 ipsi.

92 2364 241 2421 Cernimus
253 2365 394 2421 humanos
408 2381 498 2432 casus,
516 2365 690 2437 miserasque
705 2365 804 2420 ruinas

91 2456 172 2513 Unde
187 2472 273 2529 sagax
287 2457 374 2529 peltes
389 2457 510 2530 implere
526 2457 588 2529 quit
601 2461 701 2514 auctor
713 2457 820 2513 ovinas.

92 2548 122 2606 si
137 2549 198 2605 vult
210 2550 328 2605 diversis
344 2550 380 2606 de
397 2551 480 2606 rebus
494 2551 591 2606 inania
607 2550 693 2607 verba

94 2642 333 2711 Fundere,thema
343 2644 477 2717 frequens
496 2645 566 2700 satis
578 2645 697 2714 invenit,
709 2644 785 2702 inter
798 2646 910 2702 acerba.

128 2736 298 2792 Nominibus
316 2738 413 2793 multis
426 2738 454 2793 in
468 2738 579 2811 scriptis
592 2738 700 2795 coelitus
713 2739 782 2795 actis

94 2829 218 2885 llumani
231 2830 346 2901 generis
359 2831 495 2887 vocitatur
507 2831 611 2887 liuidus
627 2832 716 2887 hostis
731 2850 738 2887 ε

6 2918 9 2923 ’
93 2924 165 2980 Nam
179 2924 233 2992 leo,
247 2940 336 2980 necne
351 2925 443 2998 lupus,
460 2924 555 2996 draco,
564 2926 663 2998 perdix
679 2929 708 2981 et
721 2925 877 2990 basiliscus,

95 3018 203 3089 Milvus,
219 3034 299 3090 aper,
313 3019 422 3090 vulpes,
441 3018 528 3089 canis,
549 3036 641 3086 ursus,
665 3019 777 3084 hirudo,
795 3025 915 3076 cerastes

93 3112 128 3167 st
139 3100 257 3167 coluber
266 3111 298 3166 iit
309 3116 400 3179 atrox,
415 3112 484 3168 dum
495 3112 575 3167 nobis
596 3112 757 3182 insidiatur,

94 3205 276 3277 Exitiumque
290 3206 355 3261 dolo
368 3222 418 3261 seu
429 3206 455 3260 vi
470 3205 579 3261 stolidis
592 3206 756 3262 meditatur.

97 3302 206 3357 Caetera
220 3299 297 3355 mille
308 3303 407 3371 patent
422 3299 573 3355 lectoribus
588 3300 741 3372 ingeniosis

96 3394 231 3461 Nomina,
248 3393 394 3465 pretoriis
410 3393 512 3465 quibus
525 3393 613 3449 utitur
625 3393 733 3449 artibus
742 3393 840 3463 hostis,

97 3485 358 3544 innumerosfoednt
371 3486 454 3556 villis,
464 3491 493 3543 et
505 3503 579 3560 serpe
587 3487 717 3543 trucidet.

96 3580 272 3636 Prohdolorl
285 3580 416 3652 ingentes
426 3588 548 3653 pereunt
560 3582 731 3654 plerumque
741 3582 912 3653 phalanges.

131 3675 190 3729 llex
205 3691 291 3742 sacer,
308 3690 374 3729 erue
389 3691 449 3744 nos,
465 3673 540 3730 bone
553 3676 628 3745 iesu,
645 3691 757 3730 summe
770 3674 911 3744 sacerdos,

97 3769 153 3824 Nec
167 3785 232 3824 cum
244 3767 413 3823 damnandis
421 3785 472 3823 nos
484 3768 590 3824 inficiat
603 3774 682 3824 vetus
691 3769 804 3840 anguis,

98 3862 152 3918 Sed
169 3862 243 3917 vitiis
256 3862 381 3917 mundos
396 3862 475 3917 trabe
489 3862 589 3917 mundi
603 3862 637 3918 de
653 3864 753 3935 pelago
766 3879 828 3931 uos,

97 3957 132 4011 Et
146 3954 221 4011 socia
236 3955 448 4028 sanctissupera
460 3956 618 4011 clementer
629 3956 742 4011 innata.
757 3960 857 4013 hmen.

96 4063 130 4119 11.
146 4067 265 4121 Euentus
275 4066 348 4119 aerii
365 4067 395 4119 iu
405 4065 508 4131 Anqtiu
520 4070 545 4119 et
558 4065 728 4122 Normurmr'rr
740 4064 788 4120 sub
796 4066 912 4121 ilenrico

345 4159 405 4212 repe
414 4148 439 4199 et
451 4144 583 4200 liudberto
595 4143 671 4198 derce.

132 4244 217 4297 hano
241 4242 277 4297 ab
298 4242 496 4299 lucarnatione
526 4241 639 4297 Domini
655 4245 732 4310 rtur,
758 4242 911 4300 indictione

97 4353 136 4405 rx,
158 4336 302 4406 Heminae,
326 4352 374 4392 rex
398 4335 567 4409 anglorum,
592 4352 661 4408 pace
684 4353 748 4391 cnm
767 4336 910 4394 Rodberto

796 132 958 233 causarer
980 170 1108 231 virius
1725 172 1773 233 rar

915 301 1143 389 Allodbertum,
1157 297 1414 368 Neustrlaeducem
1424 299 1541 356 incestus
1554 296 1774 373 adiit,etingenr

956 396 1095 451 damnum
1114 394 1167 450 sibi
1189 410 1241 467 per
1264 394 1345 450 illum
1372 392 1501 449 euenisse
1528 393 1682 463 recensuit,
1711 394 1775 466 quia

955 488 1114 562 suthregiae
1128 489 1305 555 comitatum,
1328 488 1406 543 mille
1420 488 1506 544 libras
1518 486 1634 561 argenti
1653 485 1774 560 singulis

956 583 1038 640 anuis
1053 582 1108 640 sibi
1127 581 1306 650 reddentem,
1327 581 1495 655 perdiderit,
1513 581 1639 655 ideoque
1654 580 1774 653 dignum

956 693 1017 734 esse
1049 677 1170 733 asseruit
1196 681 1227 732 nt
1256 692 1285 733 se
1315 676 1399 731 fratri
1426 693 1476 732 suo
1508 674 1568 749 regi
1601 674 1774 748 pacificaret,

957 774 986 828 et
1006 770 1157 842 pristinum
1183 770 1323 826 bonorem
1350 770 1410 843 ejus
1440 769 1558 827 obtentu
1585 775 1774 842 recuperaret.

956 866 1044 923 Porro
1056 865 1110 920 dur
1124 863 1207 920 dietis
1228 863 1393 936 hujusmodi
1416 863 1498 919 facile
1527 862 1681 936 acquievit,
1698 868 1727 919 et
1747 863 1776 919 in

939 958 1091 1031 ‚Angliam
1106 958 1309 1014 transfretavit.
1327 957 1408 1023 Quod
1416 956 1534 1013 audiam
1549 973 1610 1026 rex,
1620 957 1710 1012 iratus
1725 959 1776 1027 est,

957 1059 986 1110 et
1005 1053 1044 1109 sie
1056 1053 1093 1108 ad
1106 1069 1172 1108 snos
1184 1050 1305 1109 asseclas
1318 1055 1348 1108 et
1364 1051 1572 1108 consecretales
1585 1051 1698 1107 loeutus
1712 1056 1755 1107 est
1768 1067 1775 1106 :

957 1149 1030 1217 Quid
1054 1147 1088 1203 de
1109 1149 1226 1203 inimicis
1239 1148 1303 1202 meis
1329 1146 1409 1202 debeo
1422 1149 1524 1216 herere,
1553 1148 1602 1216 qai
1640 1147 1699 1201 siae
1723 1161 1778 1201 meo

956 1247 1104 1298 commenta
1117 1257 1197 1312 saper
1209 1257 1250 1297 me
1271 1243 1333 1296 east
1354 1246 1418 1297 suat
1441 1242 1555 1304 irruere,
1578 1244 1605 1296 et
1627 1242 1779 1310 reperim·

956 1339 1023 1408 {taes
1035 1338 1183 1409 irrumpere
1195 1334 1270 1400 foui
1290 1333 1394 1390 diversi
1408 1333 1520 1389 diversa
1537 1334 1601 1407 regi
1621 1333 1781 1406 responde·

957 1433 1035 1487 runt.
1055 1430 1104 1485 llle
1118 1432 1214 1484 autem
1227 1427 1353 1500 privatos
1368 1426 1503 1483 satellites
1512 1426 1626 1484 obviam
1637 1444 1778 1501 germano

959 1523 1119 1592 destinavit,
1134 1539 1186 1595 per
1199 1523 1304 1596 quosei
1313 1522 1384 1579 velle
1392 1538 1476 1578 suurn
1484 1521 1632 1579 evidenter
1642 1516 1779 1578 ostendit.

958 1619 1036 1675 Tunc
1076 1616 1228 1672 infrunitus
1271 1616 1328 1672 dux
1370 1615 1551 1672 clandestinis
1585 1614 1780 1688 legationibus

919 1693 948 1765 Β
960 1710 1109 1783 comperiit
1123 1710 1199 1782 quod
1215 1710 1328 1782 hugtiar
1343 1714 1433 1766 metas
1445 1709 1604 1765 inconsulta
1626 1707 1780 1778 introierit,

960 1808 998 1874 et,
1012 1805 1067 1861 nisi
1079 1802 1229 1877 providum
1243 1802 1401 1875 prudenter
1416 1802 1566 1858 consilium
1582 1803 1736 1876 acciperet,
1752 1802 1781 1859 in

960 1898 1046 1971 septis
1063 1898 1199 1955 insulanis
1214 1897 1333 1965 clausus,
1358 1913 1410 1969 pre
1425 1914 1474 1952 suo
1487 1896 1572 1953 libitu
1589 1896 1627 1953 ad
1650 1913 1704 1952 sua
1724 1913 1780 1953 non

960 1996 1111 2049 remearet.
1135 1993 1217 2048 iussu
1232 1996 1327 2046 tamen
1341 1989 1434 2047 callidi
1447 1991 1532 2064 regis,
1548 2008 1615 2048 cnm
1633 1992 1694 2047 suis
1706 2006 1784 2047 com·

961 2086 1139 2143 mililouibus
1170 2084 1324 2141 honorifice
1355 2084 1493 2141 adductus
1524 2090 1576 2154 est,
1613 2089 1644 2141 et
1675 2085 1783 2141 callens

961 2196 1060 2237 eorum
1074 2178 1235 2247 consitium,
1251 2195 1288 2234 ne
1312 2178 1348 2234 ab
1374 2178 1500 2235 externis
1518 2177 1629 2250 aliquid
1652 2178 1783 2235 rancoris

961 2275 1037 2330 inter
1058 2288 1209 2344 germanos
1234 2271 1505 2344 deprehenderetur,
1528 2273 1703 2329 occultatum
1731 2278 1781 2328 est.

961 2367 1086 2423 Territus
1099 2367 1193 2439 itaque
1206 2365 1261 2422 dux
1272 2365 1336 2421 freta
1351 2372 1460 2422 metum
1469 2365 1609 2422 hilaritate
1616 2367 1783 2439 operuit,et

962 2477 1011 2516 rex
1038 2459 1224 2515 nihilominus
1256 2460 1341 2515 alacri
1372 2461 1451 2515 vultu
1484 2459 1618 2516 intimum
1650 2460 1783 2517 furorem

963 2552 1783 2612 dissimulavitlntercceterarexdueemdeviolatofoedere

962 2647 1110 2719 redarguit
1132 2646 1208 2721 quod
1232 2647 1266 2703 de
1295 2647 1415 2720 publicis
1445 2645 1636 2719 proditoribus
1671 2648 1783 2705 nullam

963 2741 1056 2797 adhuc
1070 2740 1205 2797 ultionem
1219 2741 1356 2813 exegerit,
1372 2757 1426 2797 nec
1446 2741 1533 2796 ullam
1550 2757 1638 2813 super
1659 2740 1783 2798 discolas

964 2834 1115 2907 principali
1147 2834 1243 2907 rigore
1259 2833 1436 2906 disciplinam
1463 2835 1633 2902 exercuerit,
1647 2838 1677 2891 et
1705 2836 1784 2908 quod

964 2927 1067 2984 eodem
1082 2944 1157 2983 anno
1173 2927 1349 2983 Rodbertum
1365 2927 1400 2984 de
1415 2928 1535 2985 Betismo
1547 2928 1740 2986 amicabiliter
1754 2930 1783 2985 in

925 3059 952 3134 C
964 3021 1140 3077 h'ormannia
1148 3020 1298 3094 receperit,
1309 3022 1392 3095 eique
1406 3022 1494 3094 petris
1504 3020 1684 3078 suidominia
1694 3022 1784 3079 dona·

965 3115 1045 3183 verit,
1056 3115 1083 3171 id
1094 3119 1137 3171 est
1147 3116 1353 3188 Argentanum
1366 3121 1501 3187 castrum,
1519 3114 1659 3187 Sagiense
1671 3117 1785 3188 episco-

964 3209 1053 3281 pium,
1062 3215 1090 3264 et
1101 3207 1268 3265 Golfernum
1278 3208 1394 3265 saltum.
1404 3210 1482 3265 Tunc
1491 3209 1633 3266 nimirum
1647 3211 1785 3282 praefatus

964 3304 1039 3359 lanio
1070 3303 1099 3359 in
1141 3303 1301 3358 Nenstriam
1334 3304 1582 3372 transfretaverat,
1613 3308 1644 3360 et
1674 3304 1786 3361 Pontivi

963 3397 1131 3453 comitatum
1141 3397 1177 3452 ad
1192 3413 1263 3469 opus
1284 3396 1428 3454 Guillelmi
1451 3397 1588 3453 talavacii
1606 3397 1783 3468 obtinuerat,

962 3490 1028 3563 quie
1042 3490 1143 3560 Gnido,
1160 3506 1255 3546 eomes
1269 3489 1467 3559 abbatisvillae,
1483 3506 1564 3547 socer
1578 3491 1651 3564 ejus,
1661 3492 1782 3549 obierat.

963 3583 1091 3656 Denique
1116 3583 1184 3652 dux,
1209 3583 1449 3656 increpationibus
1474 3583 1675 3657 hujuscemodi
1702 3585 1783 3642 meti·

962 3677 1784 3751 culosus,emendationemomniurnhumiliterspopondit.

962 3770 1154 3827 Constitutum
1175 3787 1287 3843 quoque
1312 3771 1365 3826 sibi
1391 3772 1511 3843 vectigal
1545 3772 1632 3828 trium
1662 3774 1784 3830 millium

961 3865 1102 3921 librarum
1115 3863 1285 3937 supplicanti
1300 3881 1334 3920 ex
1360 3865 1498 3921 industria
1521 3866 1629 3937 regines
1654 3866 1782 3924 indulsit.

962 3958 1092 4015 Placatus
1105 3957 1202 4030 itaque
1216 3974 1265 4013 rex
1282 3974 1347 4014 curu
1362 3958 1409 4013 illo
1423 3958 1577 4015 amicitiam
1591 3960 1783 4032 confirmavit,

962 4052 1114 4125 pristinum
1135 4051 1225 4107 foedus
1246 4052 1404 4123 renovavit,
1429 4056 1459 4107 et
1477 4053 1627 4110 Guillelmn
1649 4054 1686 4111 de
1709 4056 1783 4112 Gua-

962 4162 1054 4201 renna
1079 4145 1238 4218 Suthregiae
1264 4145 1431 4202 comitatum
1460 4148 1593 4204 restituit.
1615 4148 1784 4205 Guilletmus

961 4245 1066 4308 nutem,
1087 4245 1238 4313 postquam
1263 4246 1412 4312 paternum
1432 4240 1490 4313 jus,
1512 4241 1589 4314 quod
1613 4240 1783 4315 insipienter

962 4332 1108 4402 amiserat,
1137 4332 1325 4405 recuperavit,
1357 4350 1409 4406 per
1442 4351 1525 4390 xxxnr
1552 4351 1653 4407 annes,
1680 4336 1784 4409 quibus

99 4431 184 4486 fratre
199 4447 249 4485 suo
268 4430 353 4498 fucta,
368 4430 398 4486 in
413 4446 503 4503 regno
518 4429 701 4486 confirmatus
715 4434 766 4498 est,
781 4434 810 4486 et
824 4427 1046 4503 superDsimul
1079 4427 1218 4495 vixerunt,
1242 4427 1349 4483 utiliter
1374 4427 1535 4500 castigatos,
1569 4430 1632 4502 regi
1661 4431 1784 4487 lideliter

98 4524 267 4597 proditores,
288 4523 336 4596 qui
352 4527 479 4597 ternpore
500 4524 678 4580 necessitatis
697 4541 757 4579 sure
782 4525 917 4596 nequiter
965 4522 1095 4589 adhaesit,
1111 4527 1140 4578 et
1163 4522 1239 4578 inter·
1258 4522 1418 4595 praecipuos
1442 4539 1473 4579 ac
1494 4521 1653 4579 familiares
1678 4525 1784 4582 amicos

96 4617 132 4673 ab
157 4618 205 4674 illo
224 4611 412 4687 desciverant,
428 4619 565 4691 paulatim
591 4617 686 4673 ulcisci
715 4619 834 4673 conatus
862 4622 914 4673 est.
966 4615 1079 4670 habitus
1092 4614 1226 4671 effloruit.

96 4712 167 4767 Nam
181 4712 367 4781 liodbertnm,
387 4715 578 4784 cognomento
596 4711 729 4768 Maletum
752 4714 781 4765 et
800 4713 916 4767 lvonem
1000 4708 1108 4764 Deinde
1122 4709 1282 4764 liodbertus
1297 4706 1354 4763 dux
1372 4707 1400 4763 in
1415 4708 1622 4765 Normaaniem
1637 4726 1784 4784 regressus

98 4807 134 4861 de
164 4806 423 4863 Greutcmaisnilio.
461 4804 637 4862 liodbertum
663 4804 698 4859 de
725 4804 915 4874 pontefracto,
966 4806 1017 4870 est,
1033 4807 1061 4857 ct
1075 4801 1272 4875 despicabilior
1283 4818 1370 4874 qnam
1386 4802 1570 4859 arrteafuerit
1590 4803 1649 4859 suis
1668 4804 1784 4863 effectus

99 4900 190 4955 fitium
201 4900 293 4955 liberti
301 4899 488 4971 debaceio,et
498 4898 688 4972 potentiorem
698 4898 831 4954 omnibns
849 4898 915 4967 illis,
966 4901 1018 4951 est.
1042 4896 1073 4950 ln
1096 4895 1148 4951 hac
1166 4895 1242 4951 enirn
1264 4895 1439 4967 profectione
1461 4896 1544 4963 nihil,
1561 4897 1616 4952 nisi
1632 4905 1745 4955 metum
1757 4903 1786 4956 et

99 4994 275 5049 liudbertum
290 4994 326 5049 dc
351 4993 481 5062 belismo,
511 4992 640 5065 aliosque
668 4991 850 5064 quamplures
878 4991 915 5047 ad
966 4989 1093 5045 laborem
1103 4992 1188 5062 atque
1200 4988 1333 5058 dedecus,
1345 4989 1397 5045 sibi
1407 4989 1592 5046 lucratusest.
1607 4992 1784 5061 iterantem,

97 5087 238 5157 judicium
267 5086 442 5159 submonuit,
471 5103 522 5143 nec
551 5087 647 5156 siurnl,
676 5085 725 5141 sed
750 5085 915 5157 separatim,
967 5083 995 5138 in
1010 5082 1145 5138 omnibus
1159 5082 1348 5154 prosperitate
1361 5082 1468 5155 vigens,
1478 5083 1631 5141 admodum
1647 5085 1782 5142 sublima·

101 5181 243 5253 variisque
257 5181 432 5253 temporibus
451 5181 487 5237 de
514 5179 692 5237 multimodis
718 5178 827 5235 violatos
850 5178 917 5235 fidei
967 5181 1012 5232 tus
1022 5182 1075 5245 est,
1090 5181 1119 5232 et
1138 5177 1222 5248 longe
1235 5175 1350 5248 lateque
1364 5177 1400 5232 dc
1414 5176 1462 5233 ille
1477 5177 1554 5234 fama
1568 5178 1712 5250 volitante,
1735 5197 1786 5254 per

99 5272 224 5328 reatibus
237 5273 430 5345 implacitavit.
453 5274 594 5339 Quosdam
619 5289 730 5341 eorum,
755 5271 804 5345 qui
827 5288 857 5327 se
882 5271 918 5329 de
968 5286 993 5325 rv
1006 5270 1120 5326 elimata
1142 5269 1243 5325 mundi
1262 5269 1337 5325 inter
1359 5270 1497 5326 maximos
1518 5287 1601 5344 reges
1623 5272 1787 5331 nominatus

100 5366 211 5439 objecto
253 5367 372 5424 erimine
401 5384 524 5441 purgare
555 5385 611 5423 non
637 5370 779 5440 poterant,
806 5365 919 5438 ingenti
968 5369 1020 5420 est.
1037 5364 1136 5419 Nullus
1149 5380 1182 5419 ee
1192 5362 1247 5418 luit
1269 5379 1317 5418 res
1333 5363 1364 5420 in
1385 5363 1510 5420 albionis
1524 5380 1616 5437 regno
1629 5368 1785 5438 potentior,

98 5461 221 5533 pecunia
264 5460 476 5531 condemnavit,
519 5462 588 5517 alios
613 5478 689 5530 vere,
724 5476 797 5533 quos
826 5457 919 5532 magis
968 5472 1021 5513 nec
1033 5456 1219 5530 amplitudine
1230 5460 1373 5513 terrarum
1383 5456 1457 5514 infra
1470 5457 1590 5514 insulam
1604 5459 1783 5535 locupletior,

100 5559 245 5624 suspectos
270 5553 403 5625 habebat,
435 5554 691 5628 irrecuperabiliter
719 5553 918 5611 exheredatos
969 5568 1021 5606 nec
1054 5550 1229 5607 abundantia
1254 5551 1384 5607 omnium
1410 5567 1508 5607 rerum
1532 5568 1597 5625 quae
1617 5554 1786 5613 mortalibus

100 5649 230 5703 exsulare
247 5648 393 5721 cornputit.
969 5648 1139 5718 suppetunt,
1171 5642 1292 5701 felicior.
1327 5646 1385 5701 tloc
1417 5644 1446 5700 in
1477 5645 1731 5720 subsequentibus,
1763 5648 1786 5705 si

134 5742 270 5819 Sequenti
303 5758 380 5801 anuo
406 5741 689 5815 (llil),Guiltcl1nus
710 5743 744 5801 dc
766 5743 920 5801 Guarenne
971 5739 1137 5800 vitaenmes
1157 5737 1253 5810 fuerit,
1276 5736 1433 5801 auxitiante
1454 5740 1521 5813 fleo,
1539 5739 1667 5803 unaue
1687 5744 1787 5803 nostra
