3750 6046
105 106 159 160 509
514 103 670 163 lltsrettla
689 106 954 166 accensusrtca.
971 137 1005 148 -
1018 109 1105 165 PARS
1124 109 1168 164 ΙΙΙ.
1185 137 1219 149 -
1235 108 1298 165 tta.
1321 108 1376 166 tlt.
1733 109 1785 167 ste
1855 190 1857 194 Δ

104 227 272 284 liumsuum
281 227 442 300 parvulum,
452 229 586 285 Carnium
598 231 724 297 nominc,
734 231 783 302 qni
795 230 922 302 Simplex
933 244 963 316 Α
973 231 1003 286 in
1015 232 1077 304 ipsa
1089 231 1228 301 custodia,
1242 233 1272 288 et
1285 229 1414 304 sepultus
1426 231 1457 287 in
1473 229 1590 288 basilica
1608 231 1703 287 Sancti
1717 231 1787 287 Fur-

104 321 281 393 appellatur,
304 337 369 377 eum
394 337 493 394 regno,
517 322 546 377 in
569 323 696 379 custodia
715 322 822 379 Odenis
844 322 922 395 prin·
973 324 1014 380 sei
1039 325 1218 394 contessoris,
1245 341 1309 397 quae
1331 331 1373 381 est
1393 325 1423 379 iri
1444 324 1506 396 ipsa
1531 327 1658 381 Patrona
1680 329 1785 381 castre.

104 415 188 487 cipis.
972 419 1079 474 Unctus
1101 424 1144 474 est
1164 435 1231 475 vero
1252 418 1282 473 in
1305 435 1406 491 regem
1429 418 1488 492 ipse
1511 419 1700 486 Redultus,1r
1720 419 1787 476 ldus

142 511 183 566 Ee
205 515 339 582 tempore
361 526 432 581 gens
454 511 600 568 incredula
621 512 848 568 Nermsnnurum
870 528 923 584 per
971 511 1047 575 tulii,
1062 512 1219 569 suessionis
1232 513 1355 568 civitate.

105 602 212 658 Gallias
233 620 297 659 sese
312 604 436 672 diffudit,
450 604 585 673 caedibus,
607 605 727 677 rapinis,
743 611 828 678 atque
844 606 922 661 omni
1007 605 1054 660 Kis
1068 607 1243 677 temporibus
1255 605 1359 677 pagani
1373 605 1478 684 iterum
1494 606 1787 678 Burgundiamvasta·

103 696 283 752 crudelitatis
297 714 403 769 genere
417 698 595 754 debacchata.
610 698 716 755 Deinde
729 700 840 770 Franci,
857 700 923 754 Bur·
972 703 1082 766 verunt,
1099 699 1265 771 tactumque
1284 703 1327 754 est
1342 698 1450 754 bellum
1472 699 1547 754 inter
1567 699 1743 755 Christianos
1758 701 1788 755 ει

102 790 272 863 gundiones
289 795 319 846 et
333 791 549 864 aquitanienses
567 807 697 864 proceres
711 793 878 865 congregati
892 792 922 848 in
971 808 1098 865 paganos
1113 793 1143 848 in
1163 798 1258 848 mente
1279 793 1375 863 Chele,
1399 793 1556 865 peremptis
1577 811 1595 848 a
1615 793 1734 865 paganis
1754 809 1786 849 ex

103 899 209 951 riuum,
224 883 352 940 Ddonem
367 885 526 957 principem
542 885 692 958 elegerunt
703 885 755 940 sibi
768 887 798 940 in
811 902 920 957 regem.
972 885 1137 941 Christianis
1150 886 1248 941 multis
1261 886 1394 955 millibus,
1412 902 1456 942 rur
1472 887 1537 942 ldus
1553 887 1729 942 Decembris.

101 977 239 1034 Dbennte
259 994 328 1034 rere
348 977 448 1034 Odone
471 979 535 1035 Kal.
554 979 680 1034 tannarii
705 978 789 1052 [898],
814 979 922 1051 recepit
1008 979 1097 1051 igitur
1115 979 1248 1035 defuncto
1265 980 1385 1036 liedulfo
1401 997 1470 1052 rege
1488 997 1553 1037 xrrn
1573 980 1718 1037 Kalendas
1732 982 1786 1037 Fe·

102 1087 231 1142 reguum
251 1071 367 1129 Carolus
384 1072 521 1144 Simplex,
535 1072 609 1129 silius
628 1072 770 1128 ludovici.
787 1072 843 1128 Sub
861 1073 921 1145 ipso
971 1072 1089 1141 bruerii,
1114 1074 1292 1145 sepelierunt
1314 1090 1380 1129 eum
1405 1075 1434 1130 in
1460 1075 1576 1129 basilica
1598 1075 1708 1130 Sancta
1729 1074 1785 1130 Ce-

102 1168 236 1238 tempere
259 1170 403 1221 venerunt
422 1166 581 1223 Nermanni
604 1167 633 1222 in
662 1166 855 1239 Durgundiam
884 1166 920 1222 ad
970 1166 1077 1222 tumbae
1095 1167 1223 1239 virginis.
1242 1169 1308 1223 Post
1326 1172 1446 1223 mertem
1466 1168 1681 1240 igilnrltodulfi
1697 1167 1783 1240 regis,

102 1259 245 1314 Sanctum
260 1259 462 1315 Florentinum.
478 1259 608 1316 Occurrit
624 1266 722 1316 autern
736 1260 790 1316 illis
803 1260 920 1315 Richar·
971 1260 1052 1332 linge
1073 1261 1189 1333 uagnus
1204 1278 1261 1318 una
1275 1278 1339 1317 curn
1361 1261 1473 1317 Francis
1491 1262 1650 1317 accersiens
1670 1262 1784 1318 Guillel-

102 1352 169 1420 dus,
184 1354 242 1408 dux
256 1352 440 1425 Burgundim,
452 1370 519 1409 cum
531 1370 583 1410 sne
595 1355 719 1410 exercitu
731 1354 761 1409 in
776 1354 920 1410 territerio
971 1368 1051 1409 mum
1067 1352 1180 1419 ducem,
1197 1354 1246 1426 qui
1260 1354 1460 1426 Longa-spata
1477 1354 1591 1423 dicitur,
1606 1354 1684 1410 misit
1702 1354 1783 1409 illum

101 1448 333 1518 Tornadorense,
347 1448 515 1521 irruensque
526 1449 557 1504 in
576 1465 623 1505 ees
637 1449 776 1521 percussit
787 1449 919 1505 multitu·
970 1447 1004 1503 ad
1029 1447 1136 1516 Oviam,
1161 1463 1279 1504 uxorem
1296 1448 1357 1519 jem
1380 1448 1447 1504 dicti
1464 1448 1557 1506 Caroli
1582 1448 1733 1520 Simplicis,
1754 1453 1785 1503 ut

101 1540 203 1596 dinem
221 1557 255 1596 ex
277 1541 319 1596 eis
338 1542 368 1596 in
389 1558 438 1597 ere
458 1542 557 1612 gladii,
573 1545 602 1597 et
625 1543 726 1616 reliqui
746 1543 921 1615 fugeruntv
970 1539 1039 1596 inde
1064 1541 1214 1597 reduceret
1236 1541 1413 1597 ludovicum
1439 1542 1530 1597 lilium
1559 1542 1632 1613 ejus.
1662 1542 1785 1614 Fugerat

101 1634 198 1689 Nonas
216 1634 303 1690 lunii.
325 1635 467 1706 Tempore
489 1636 538 1690 illo
559 1635 651 1692 tactus
676 1642 718 1691 est
741 1610 957 1691 terrmmotusB
970 1635 1046 1690 enim
1056 1635 1090 1690 ad
1103 1637 1214 1707 patrem
1224 1651 1307 1690 suum
1318 1651 1415 1707 regern
1424 1634 1639 1708 anglorummb
1648 1635 1783 1690 timerem

100 1727 179 1783 cirea
198 1727 363 1784 caenobium
387 1733 490 1784 sancte
510 1728 655 1784 Columbae
672 1729 832 1801 virginis,v
854 1730 920 1785 ldus
969 1728 1098 1783 Herberti
1119 1732 1147 1783 et
1169 1728 1306 1801 llugeuis.
1319 1729 1500 1801 Veniensque
1521 1729 1587 1784 illue
1607 1728 1783 1796 Guilelmus,

99 1821 241 1876 tannarii.
256 1822 314 1877 Hoc
329 1827 458 1893 tempore
479 1822 587 1895 pagani
601 1820 774 1878 obsederunt
792 1822 918 1878 tiarneti-
969 1821 1097 1894 datisque
1112 1822 1258 1879 obsidibus
1273 1823 1324 1879 sub
1338 1823 1511 1879 sacramenti
1521 1823 1604 1879 titulo
1614 1822 1700 1879 matri
1711 1822 1783 1896 ejus,

99 1929 172 1968 narn
192 1913 349 1969 civitatem.
362 1914 482 1971 collecto
501 1915 589 1986 igitur
608 1914 745 1983 exercitu,
763 1914 920 1971 Richardus
969 1915 1083 1970 reduxit
1095 1915 1269 1971 ludovicum
1281 1917 1310 1972 iu
1328 1917 1488 1972 Franciam.

98 2006 157 2061 dux
175 2006 359 2079 Burgundiae,
375 2012 403 2061 et
418 2007 558 2063 liebertus
572 2007 713 2079 princeps,
730 2008 875 2063 irruerunt
888 2009 917 2063 in
1006 2009 1094 2080 igitur
1113 2025 1161 2066 ιιιιι
1183 2010 1325 2066 Kalendas
1346 2010 1412 2066 tulii
1436 2016 1535 2067 unctus
1565 2015 1607 2066 ost
1628 2011 1657 2066 in
1682 2026 1782 2083 regem

99 2115 162 2168 eos,
180 2100 337 2172 peremptis
352 2116 385 2155 ex
402 2100 523 2172 paganis
536 2117 584 2155 sex
597 2100 723 2156 millibus
738 2101 917 2173 octingentis,
969 2101 1124 2159 ludovicus
1144 2102 1219 2159 tilius
1237 2104 1328 2161 Caroli
1348 2104 1488 2176 Simplicis
1507 2105 1583 2177 apud
1602 2104 1782 2161 Mudunurn.

98 2195 129 2247 et
149 2209 168 2246 a
188 2193 297 2265 paucis,
320 2194 370 2266 qui
394 2199 601 2261 remanserant,
625 2195 736 2250 obsides
761 2195 916 2267 capientes,
968 2195 1098 2253 secundo
1114 2200 1176 2269 pest
1195 2198 1255 2253 haec
1275 2214 1361 2265 anne,
1378 2213 1423 2254 xvi
1440 2198 1580 2253 Kalendas
1594 2197 1695 2265 tlartii,
1708 2197 1783 2251 circa

97 2302 147 2342 aur
177 2286 239 2341 Kal.
262 2287 392 2358 Augusti,
414 2287 443 2342 in
465 2286 598 2358 Sabbate,
623 2288 775 2343 auxiliante
795 2288 850 2343 illis
870 2305 916 2344 su·
969 2289 1110 2361 gallorum
1129 2296 1242 2346 cantum
1252 2307 1342 2363 usque
1359 2291 1538 2347 illucescente
1549 2290 1605 2358 die,
1619 2289 1781 2362 sanguineae

97 2396 192 2451 perna
218 2379 381 2449 clementia,
405 2396 458 2453 per
480 2380 715 2436 intercessionem
738 2384 843 2436 sauctae
869 2382 918 2437 Dei
967 2381 1042 2438 acies
1056 2399 1108 2454 per
1122 2386 1212 2438 totam
1225 2384 1287 2439 eoeli
1302 2383 1404 2438 taciem
1423 2388 1626 2456 apparuerunt.
1643 2380 1782 2455 Sequenti

98 2473 250 2545 genitricis
263 2473 367 2529 itariae.
380 2475 448 2529 Post
463 2475 524 2529 baec
537 2474 635 2546 igitur,
656 2475 800 2530 mediante
820 2491 918 2531 mense
967 2479 1063 2530 autern
1085 2491 1193 2544 mense,
1215 2492 1242 2532 rx
1267 2475 1410 2530 Kalendas
1423 2476 1537 2548 Aprilis,
1558 2476 1668 2547 Kuugri
1687 2474 1781 2530 adhuc

98 2567 213 2630 Kartio,
227 2567 361 2639 apparuit
378 2567 458 2621 stella
475 2583 492 2622 a
512 2574 592 2638 parte
610 2567 703 2638 Circii,
719 2569 854 2623 emittens
871 2585 916 2623 ra·
967 2567 1072 2640 pagani
1095 2569 1251 2637 Franciam,
1274 2569 1468 2641 burgundiam
1489 2575 1574 2640 atque
1595 2568 1781 2641 Aquitaniam

97 2660 180 2715 dium
195 2676 346 2731 maguum,
365 2659 425 2715 fere
439 2659 541 2714 diebus
554 2676 608 2715 xiv.
966 2663 1043 2718 terro
1060 2666 1089 2718 et
1101 2662 1168 2735 igue
1181 2663 1348 2735 depopulari
1361 2668 1518 2735 caeperunt.
1535 2665 1600 2718 Post
1610 2663 1673 2718 haec
1688 2661 1780 2717 rebel·

134 2753 276 2825 Sequenti
291 2768 379 2822 anne,
391 2753 446 2808 tuit
460 2754 551 2809 tames
564 2770 671 2825 magna
684 2770 736 2825 per
749 2759 837 2810 totam
850 2754 916 2810 Gal·
967 2756 1100 2811 laverunt
1122 2758 1294 2813 Francorum
1323 2772 1454 2828 proceres
1480 2761 1578 2811 centra
1604 2755 1778 2811 Ludovicum

96 2846 180 2901 liam.
197 2846 305 2902 Deinde
320 2850 384 2918 post
396 2846 522 2918 quinque
534 2845 595 2901 tere
606 2862 707 2914 annes,
722 2847 784 2902 Kal.
799 2848 818 2902 F
820 2846 918 2903 ebrun-
967 2865 1077 2921 regem,
1097 2866 1185 2921 super
1202 2866 1302 2905 omncs
1323 2853 1419 2904 autem
1438 2852 1519 2921 lluge
1532 2849 1658 2921 Magnus.
1672 2850 1703 2904 ln
1719 2848 1780 2920 ipso

96 2941 144 3010 rii,
162 2939 259 3012 igneae
272 2940 347 2995 acies
361 2939 426 2995 visae
439 2943 506 2994 sunt
520 2940 549 2994 in
563 2940 633 2995 caelo
647 2939 822 2996 diversorum
838 2942 915 2997 cole·
968 2957 1043 2996 anno
1059 2942 1131 2997 facta
1141 2946 1184 2998 est
1195 2943 1285 2998 tames
1299 2942 1390 2998 valida
1400 2958 1450 3014 per
1464 2946 1555 2998 toturn
1566 2941 1782 3013 regnumFrau·

95 3050 176 3104 rum,
190 3032 271 3106 quod
283 3033 390 3088 mirum
401 3033 464 3101 luit,
478 3033 594 3088 alternis
607 3051 637 3089 se
646 3035 839 3106 insequentes.
852 3037 916 3107 lpse
966 3051 1076 3103 corum,
1093 3036 1134 3091 ita
1153 3039 1183 3091 ut
1202 3036 1314 3092 medius
1333 3036 1471 3092 trumenti
1489 3035 1702 3092 venundaretur
1717 3051 1780 3089 xxiv

96 3143 187 3195 anno,
201 3127 257 3182 tuit
266 3143 372 3199 magna
380 3126 520 3182 dissensio
532 3127 608 3182 inter
621 3143 719 3199 regem
732 3134 760 3183 ει
773 3128 916 3200 principes
966 3127 1092 3200 [solidisJ.
1109 3129 1225 3198 Deinde,
1246 3146 1303 3184 non
1325 3133 1387 3201 post
1407 3129 1512 3185 multos
1531 3129 1602 3192 dies,
1620 3134 1718 3199 captus
1738 3133 1780 3183 est

95 3221 168 3292 ejus.
184 3220 318 3277 Obbane
336 3236 449 3276 causam
469 3220 722 3293 plurimaestrages
743 3225 916 3293 perpetratae
965 3220 1124 3277 ludovicus
1146 3240 1203 3290 rex,
1217 3222 1293 3278 titirus
1314 3223 1407 3281 Caroli
1426 3223 1577 3295 Simplicis,
1598 3222 1672 3290 delo,
1695 3219 1777 3291 Bajo·

95 3319 164 3369 sunt
178 3312 331 3372 Christiani
343 3313 451 3386 pepuli,
470 3313 530 3381 sed,
546 3313 658 3369 favente
675 3315 742 3386 Dee,
757 3315 849 3370 omnis
867 3315 916 3371 illa
965 3332 1012 3370 eas
1035 3315 1158 3384 civitate,
1184 3335 1201 3372 a
1221 3317 1404 3384 Normanuis,
1427 3316 1524 3371 multis
1545 3333 1580 3370 ex
1604 3316 1779 3371 Francorum

95 3406 291 3464 contradictio
306 3409 434 3463 cessavit.
965 3409 1069 3480 populo
1097 3409 1289 3482 interemptis,
1305 3410 1500 3465 consentiente
1524 3410 1641 3480 Kugene
1664 3409 1777 3478 blegne.

130 3501 229 3557 'lertio
243 3505 341 3557 autem
354 3517 429 3556 anne
444 3503 510 3573 post
523 3501 596 3557 hanc
611 3501 850 3573 persecutionem,
864 3502 913 3558 de·
965 3502 1112 3572 Posthac,
1128 3518 1226 3557 mense
1243 3502 1326 3570 Maio,
1340 3502 1412 3557 feria
1426 3519 1465 3570 nr,
1480 3502 1554 3575 ptuit
1565 3500 1679 3572 sanguis
1695 3514 1780 3571 super

94 3596 215 3651 functus
234 3597 278 3650 est
298 3593 445 3662 liedulfus,
467 3595 525 3649 dux
547 3594 730 3668 Burgundiae,
746 3595 837 3667 pridie
856 3596 913 3651 Ka·
964 3595 1121 3666 operarios.
1143 3596 1173 3649 Et
1194 3595 1255 3668 ipse
1275 3612 1361 3662 anne,
1378 3612 1476 3650 mense
1494 3593 1666 3668 Septembri,
1683 3591 1778 3648 Lude-

93 3687 195 3745 lendas
209 3687 394 3760 Septembris,
402 3689 585 3760 sepultusque
601 3693 642 3743 est
654 3689 684 3743 in
697 3689 814 3744 basilica
829 3689 914 3745 Sanc·
964 3689 1041 3743 ricus
1056 3705 1104 3743 rex
1126 3692 1216 3743 tetum
1238 3691 1352 3760 tempus
1371 3688 1435 3743 vitre
1457 3705 1515 3744 sum
1536 3689 1653 3760 plenum
1672 3688 1778 3743 ducens

93 3789 132 3839 tae
151 3780 308 3849 Columbae,
323 3781 354 3835 in
373 3781 497 3837 oratorio
517 3782 612 3838 Sancti
627 3782 829 3854 symphoriani
841 3798 914 3837 urar·
963 3781 1159 3853 angustiarum
1177 3787 1206 3837 et
1225 3780 1455 3850 tribulationum,
1471 3781 1547 3836 diem
1567 3780 1666 3836 clausit
1683 3784 1776 3836 extre·

93 3875 177 3949 tyris.
194 3874 327 3933 Secunde
348 3891 423 3930 anne
439 3880 504 3947 post
525 3875 588 3946 ejus
603 3879 739 3943 mertem,
753 3876 913 3931 bedbertus
963 3892 1042 3930 inum
1059 3873 1144 3949 [954]ι
1167 3874 1351 3948 sepultusque
1374 3881 1416 3931 est
1438 3875 1536 3930 Remis
1557 3875 1586 3930 in
1609 3873 1724 3930 basilica
1747 3873 1776 3929 S.

93 3968 233 4042 princeps
262 3967 411 4024 rebellavit
440 3971 541 4023 centra
573 3968 705 4025 Carolum
738 3969 911 4040 simplicem,
964 3968 1095 4042 Remigii.

93 4069 256 4134 unctusque
275 4065 319 4116 est
340 4062 369 4117 in
390 4062 506 4118 basilica
525 4062 554 4118 in
576 4079 675 4135 regem
701 4078 729 4117 ιιι
752 4062 813 4117 Kal.
833 4063 910 4119 tulii.
999 4063 1134 4135 Sequenti
1158 4079 1271 4136 quoque
1294 4078 1402 4131 mense,
1422 4080 1440 4119 u
1453 4061 1706 4130 ldusNerembris,
1722 4062 1774 4116 Le·

93 4158 127 4211 Ει
148 4155 283 4212 nendum
303 4172 381 4211 anno
404 4156 526 4228 expleto,
552 4173 607 4212 xvn
629 4156 689 4211 Kal.
713 4156 779 4212 tulii
803 4156 912 4212 lactum
962 4157 1070 4213 thurius
1079 4157 1141 4227 jam
1152 4157 1276 4229 juvenis,
1287 4156 1363 4211 tilius
1378 4157 1449 4228 ejus,
1461 4160 1564 4212 unctus
1578 4163 1622 4212 est
1633 4157 1663 4211 in
1678 4171 1777 4227 regern

93 4253 137 4305 est
149 4249 261 4305 bellum
279 4249 438 4305 suessionis
460 4249 572 4305 civitate
593 4250 669 4305 inter
687 4250 819 4307 Carolum
835 4250 910 4306 Sim·
963 4249 1068 4319 Remis,
1083 4256 1112 4305 et
1129 4251 1209 4322 llugo
1224 4251 1341 4321 Magnus
1355 4250 1448 4305 factus
1461 4256 1504 4305 est
1518 4250 1571 4305 dria
1593 4251 1775 4304 Francorum.

89 4343 199 4415 ptieem
217 4348 248 4397 ει
264 4343 360 4414 ipsum
381 4342 566 4416 liudbertum,
589 4343 638 4416 qui
659 4344 802 4399 invaserat
821 4342 1089 4416 Fran-Dsecunde
1108 4346 1205 4397 autern
1228 4359 1303 4398 anne
1331 4349 1391 4415 pest
1417 4343 1490 4412 haec,
1513 4359 1611 4398 mense
1637 4343 1774 4412 Augusto,

89 4452 195 4492 cerum
209 4452 342 4507 regnum,
361 4437 409 4492 nbi
425 4437 590 4493 interiectus
605 4443 648 4492 est
662 4437 722 4509 ipse
736 4437 906 4494 Rodbertus.
961 4436 1070 4492 obsedit
1078 4435 1256 4507 supradictus
1269 4437 1348 4508 Kuge
1359 4437 1477 4508 stagnus
1490 4435 1608 4491 Pictavis
1619 4434 1775 4500 civitatem,

89 4531 195 4586 Carolo
208 4546 275 4585 rere
287 4546 304 4585 a
316 4530 394 4586 eaede
409 4530 478 4586 belli
496 4531 603 4586 victore
621 4534 795 4601 revertente,
812 4548 909 4587 eccur·
961 4531 1009 4585 sed
1024 4529 1094 4584 nihil
1111 4530 1136 4584 ei
1152 4528 1267 4601 profuit.
1286 4530 1356 4584 Dum
1376 4530 1454 4585 enim
1481 4529 1626 4585 obsideret
1644 4526 1775 4582 eamdem

89 4624 130 4679 rit
153 4623 195 4678 illi
220 4623 384 4693 Kerberias,
406 4624 563 4679 infidelium
585 4625 785 4696 nequissimus,
808 4629 838 4681 ει
858 4626 910 4681 ειιι)
961 4623 1071 4691 urbem,
1088 4623 1210 4695 quadarn
1225 4623 1270 4679 die
1284 4623 1409 4678 intonuit
1421 4623 1558 4679 Dominus
1574 4625 1683 4677 terrore
1697 4637 1776 4692 mag·

89 4718 166 4773 Dctm
194 4715 274 4790 pacis
298 4717 494 4785 simulatione,
519 4718 549 4772 in
575 4724 667 4774 castro
686 4719 763 4791 quod
784 4719 910 4774 Parrona
960 4735 1008 4784 ne,
1022 4716 1199 4790 disrupitque
1215 4717 1298 4773 turbo
1312 4716 1487 4789 propitiosam
1501 4716 1563 4787 ejus
1578 4732 1595 4770 a
1608 4713 1773 4770 summitate

89 4809 209 4880 dicitur,
232 4816 263 4866 ut
283 4811 445 4883 hospitandi
466 4811 560 4884 gratia
581 4811 746 4880 diverteret,
760 4813 908 4884 compulit,
962 4828 1049 4884 usqua
1072 4811 1216 4879 deorsum,
1242 4813 1398 4882 stuporque
1423 4825 1548 4882 magnus
1571 4809 1673 4864 invasit
1693 4808 1774 4863 illurn

89 4903 180 4960 etsie
199 4919 266 4959 eum
292 4903 360 4959 dolo
383 4910 499 4976 captum
524 4905 652 4962 retinuit.
677 4905 807 4962 Habebat
829 4905 908 4961 enim
960 4921 1025 4960 cum
1047 4905 1170 4961 exercitu
1185 4921 1245 4972 sue,
1261 4904 1299 4959 ita
1316 4907 1346 4958 ut
1364 4904 1457 4960 vivere
1476 4903 1639 4976 nequirent.
1655 4901 1773 4959 statim·

90 4997 172 5053 idem
193 4996 355 5053 [tedbertus
367 5013 497 5053 sorerem
515 4997 595 5054 istius
613 4999 741 5054 Herbcrti
762 4998 791 5054 in
810 5000 908 5071 cean·
960 5016 1016 5072 qne
1030 4998 1059 5053 in
1073 4999 1171 5071 fugam
1187 4998 1271 5067 versi,
1286 5003 1465 5053 recesserunt
1478 4996 1514 5053 ab
1525 4996 1604 5052 urbis
1614 4995 1773 5052 obsidione.

90 5091 150 5163 gie,
173 5092 210 5147 de
233 5107 291 5164 que
312 5095 392 5146 ortus
417 5096 460 5147 est
480 5094 561 5164 Kuge
583 5093 710 5164 Magnus.
731 5092 790 5148 lllie
814 5081 909 5165 itaque
961 5092 1035 5148 Fecit
1048 5098 1144 5148 autem
1160 5093 1214 5148 hoc
1228 5093 1301 5146 Dens
1317 5107 1368 5163 per
1382 5090 1620 5147 intercessionem
1632 5090 1709 5146 beati
1724 5090 1772 5145 Ki-

89 5184 339 5258 positusssarelus,
352 5185 652 5255 sedulium,nobilem
663 5185 753 5241 tilium
764 5185 908 5255 sichardi,
960 5186 1033 5254 lorii,
1049 5185 1098 5258 qui
1113 5201 1227 5257 semper
1240 5189 1316 5240 tutor
1334 5189 1362 5240 et
1383 5184 1519 5240 defensor
1532 5184 1608 5242 illius
1629 5190 1671 5240 cst
1685 5183 1772 5239 urbis.

89 5277 333 5352 Burgundionum
350 5277 463 5349 ducem,
482 5295 569 5352 quern
590 5280 625 5336 de
649 5296 727 5334 sacre
745 5280 825 5336 tonte
847 5297 908 5335 sus·
995 5282 1027 5336 ln
1040 5278 1102 5352 ipse
1115 5295 1202 5347 enno,
1217 5278 1370 5334 defunctus
1382 5283 1425 5334 est
1438 5278 1620 5346 Gislebertus,
1635 5279 1690 5333 dux
1703 5278 1772 5332 Dur·

89 5375 218 5443 ceperat,
235 5388 294 5433 nna
306 5388 373 5427 cnm
393 5372 513 5428 censitio
527 5373 655 5445 llugeuis
675 5373 780 5446 Magni,
797 5373 846 5428 tilii
861 5391 907 5428 su·
959 5372 1086 5445 grandiae,
1103 5373 1266 5445 relinquens
1287 5373 1420 5428 ducatum
1443 5372 1550 5441 Ottoni,
1570 5372 1627 5427 lilio
1647 5371 1775 5443 llugeuis

88 5465 214 5539 predicti
234 5465 361 5535 Doberti,
383 5469 412 5522 et
431 5482 582 5537 procerum
596 5468 782 5536 Francorum,
797 5467 826 5522 in
840 5484 907 5541 reg·
958 5468 1061 5537 Magni.
1076 5466 1202 5522 ilabebat
1217 5481 1341 5537 namque
1353 5467 1418 5521 Otto
1433 5466 1521 5520 tiliam
1535 5465 1611 5520 illins
1624 5463 1772 5521 Gisleberti

89 5576 163 5618 num
182 5559 355 5617 sublimarit.
380 5560 461 5616 ldem
490 5564 585 5617 autem
616 5562 734 5618 Carolus
772 5561 907 5634 Simplex,
959 5562 987 5616 in
1001 5561 1145 5633 conjugio.
1160 5559 1291 5617 seeundo
1304 5576 1380 5615 anne
1393 5559 1463 5615 obiit
1476 5560 1556 5631 llugo
1570 5560 1699 5629 Magnus,
1717 5557 1772 5611 dux

89 5659 155 5731 pest
174 5657 294 5731 longam
308 5655 430 5712 carceris
448 5656 685 5728 macerationem,
702 5656 854 5716 defunctus
868 5661 910 5716 est
960 5656 1146 5727 Francorum,
1163 5653 1244 5733 apud
1258 5653 1438 5731 Drediugam
1452 5653 1559 5709 littura
1576 5649 1791 5711 mammetis
