3750 6046
604 168 781 229 VdeORUll
799 173 842 228 ab
861 172 1033 231 melanuri
1053 172 1087 231 ll
1104 174 1285 233 nerstein.

370 463 794 610 VARlORUM
840 467 942 609 lu
986 468 1409 613 ADRIANUM
1458 470 1538 612 IV

772 738 1127 832 EPISTOLAE

500 1054 520 1105 Ι.
932 1057 1003 1139 Aet
1016 1054 1120 1126 scripta
1135 1057 1166 1108 et
1177 1054 1322 1110 scribenda
1333 1054 1472 1116 ferebant.
1489 1055 1517 1110 in
1525 1055 1649 1112 dedecus
1662 1063 1691 1114 et
1702 1073 1782 1114 scan-

162 1152 356 1222 Episcoporum
372 1154 523 1210 Germania
535 1155 571 1209 ad
582 1154 740 1210 Adsiduum
749 1170 863 1224 papum.
972 1147 1077 1203 delum·
1088 1147 1202 1219 imperii
1216 1147 1314 1216 nostri,
1330 1148 1401 1203 ultra
1416 1163 1466 1203 eos
1477 1148 1591 1219 prodire
1615 1151 1673 1221 pati
1693 1151 1784 1206 nolui·

311 1250 415 1320 (mm,
431 1251 543 1318 Concu„
558 1252 621 1318 m,
637 1253 710 1322 792)
970 1256 1042 1295 mus.
1055 1241 1202 1295 introitum
1210 1246 1237 1295 et
1247 1241 1356 1295 exitum
1368 1241 1456 1295 ltaliae
1464 1242 1783 1312 nccclausimusedictc,

970 1349 1021 1386 nec
1034 1332 1168 1387 claudere
1181 1334 1276 1405 aliquo
1285 1334 1509 1388 modovolumus
1523 1334 1782 1406 peregrinantibus,
1814 1330 1822 1337 ’

969 1424 1013 1480 vel
1028 1442 1080 1496 pro
1095 1427 1151 1480 suis
1172 1426 1384 1482 necessitatibus
1402 1426 1605 1482 rationabiliter
1617 1444 1681 1483 cum
1704 1430 1781 1484 testi·

970 1520 1067 1575 monio
1083 1520 1282 1591 episcoporum
1297 1524 1325 1575 et
1343 1521 1528 1592 praelatorum
1547 1536 1664 1576 suorum
1680 1523 1782 1578 Roma·

969 1629 1034 1667 nam
1045 1613 1143 1669 sedem
1157 1613 1342 1679 abeuntibus;
1357 1613 1404 1668 sed
1414 1613 1469 1668 illis
1479 1614 1669 1682 abusionibus,
1681 1615 1784 1687 quibus

970 1722 1068 1761 omnes
1090 1707 1214 1761 eccleslae
1232 1707 1315 1778 regni
1336 1707 1426 1761 nostri
1445 1711 1570 1777 gravatae
1591 1713 1620 1762 et
1638 1712 1784 1764 attentatu

970 1805 1046 1868 sunt,
1064 1803 1093 1854 ct
1105 1816 1205 1855 omnes
1218 1816 1293 1870 pene
1304 1799 1465 1854 claustrales
1476 1798 1632 1870 disciplina
1645 1807 1784 1857 emortuae

969 1895 998 1947 et
1021 1892 1148 1962 sepultae,
1178 1892 1291 1947 obviare
1321 1892 1504 1957 intendimus,
1533 1892 1679 1964 incapite
1706 1892 1785 1948 orbis

141 1360 278 1423 Quamvis
291 1361 413 1415 sciamus
429 1367 457 1415 et
473 1362 541 1416 certi
563 1363 651 1417 simus
671 1363 747 1435 quod
765 1363 920 1418 Ecclesiam

106 1453 156 1508 Dei
180 1454 327 1509 fundatam
352 1471 438 1525 supra
464 1455 579 1510 lirmam
601 1460 713 1528 petram
732 1473 826 1528 neque
843 1457 920 1512 venti

107 1562 201 1618 neque
228 1547 345 1602 flumina
360 1552 561 1619 tempestatum
585 1550 696 1621 possint
716 1551 847 1620 dejicere,
867 1566 920 1605 nos

104 1644 204 1694 tamen
218 1639 390 1697 infirmiores
405 1645 434 1695 et
444 1642 647 1712 pusillanimes,
661 1644 686 1698 si
698 1644 918 1714 quandohujus-

106 1732 183 1787 modi
209 1734 382 1805 contigerint
403 1735 535 1804 impetus,
557 1736 736 1791 concutimur
757 1742 786 1791 et
808 1742 917 1792 contre·

106 1826 263 1880 miscimus.
273 1827 342 1881 lnde
357 1828 491 1882 nimirum
501 1829 627 1899 graviter
636 1830 797 1886 conturbati
810 1847 918 1901 sumus,

105 1925 135 1974 et
149 1920 295 1975 conterriti
315 1936 401 1993 super
422 1920 474 1990 his,
493 1938 558 1992 quae
579 1921 656 1977 inter
673 1927 796 1978 vestram
821 1925 921 1978 sencti-

104 2016 244 2068 tetemet
268 2013 356 2068 filium
381 2017 506 2069 vestrum
529 2016 744 2071 devotissimum
771 2016 919 2071 dominum

104 2112 234 2162 nostrum
249 2107 451 2178 imperatorem
474 2109 571 2180 magni
586 2111 661 2178 meli,
683 2110 736 2164 nisi
755 2111 829 2165 Deus
841 2126 918 2164 aver-

105 2203 157 2266 tat,
172 2201 353 2255 seminarium
369 2202 521 2272 praebitura
536 2202 677 2258 videntur.

140 2294 279 2364 Equidem
294 2311 311 2348 a
324 2294 416 2349 verbis
430 2295 485 2349 illis
500 2311 563 2366 quae
579 2297 607 2349 in
626 2295 727 2350 litteris
743 2297 842 2351 vestris
855 2313 921 2352 con·

104 2386 279 2455 linebantur,
296 2404 364 2458 quas
378 2404 428 2459 per
440 2390 555 2443 nuntios
565 2392 671 2444 vestros
686 2389 918 2459 prudentissimos

104 2484 134 2534 et
157 2481 381 2549 honestissimos,
404 2482 553 2537 domiuum
580 2483 755 2537 Bernardum
781 2487 809 2538 et
830 2484 917 2539 domi·

103 2591 173 2629 num
202 2574 359 2629 Rolundum
383 2575 594 2642 cancellarium,
604 2576 780 2630 venerabilcs
799 2577 915 2647 presby·

106 2674 185 2721 teres
208 2667 375 2733 cardinales,
402 2668 528 2737 misistis3
553 2675 697 2723 commota
718 2674 760 2724 est
783 2669 917 2725 universa

971 1985 1044 2038 ileus
1057 2000 1108 2055 per
1125 1984 1279 2055 imperium
1301 1984 1433 2038 exaltavit
1454 1984 1621 2050 Ecclesiam
1641 1985 1669 2038 in
1692 1985 1785 2056 capite

970 2170 1124 2225 demolitur
1137 2169 1302 2241 imperium.
1316 2171 1338 2223 Α
1352 2169 1462 2240 picture
1484 2169 1586 2240 coepit;
1612 2169 1648 2224 ad
1668 2170 1785 2242 scriptu·

969 2279 1032 2317 ram
1058 2262 1166 2333 pictura
1189 2263 1325 2334 processit
1333 2280 1342 2331 ;
1367 2262 1507 2333 scriptura
1533 2262 1562 2316 in
1585 2263 1785 2319 auctoritatem

968 2465 1118 2515 coronam,
1145 2456 1353 2520 anteponemus
1381 2464 1469 2519 quarn
1495 2447 1608 2518 imperii
1633 2464 1783 2518 coronam,

968 2559 1024 2596 una
1046 2543 1195 2597 nobiscum
1224 2542 1261 2596 sic
1286 2541 1391 2612 deponi
1416 2541 1636 2596 consentiamus.
1664 2541 1785 2597 Picturte

968 2635 1125 2701 deleantur,
1146 2635 1293 2706 scripture
1309 2637 1506 2700 retractentur,
1523 2640 1553 2688 ut
1567 2635 1642 2690 iuter
1661 2651 1784 2707 regnum

967 2731 995 2782 et
1012 2728 1201 2783 sacerdotium
1231 2734 1337 2783 aeterne
1358 2726 1574 2782 inimicitiarum
1594 2732 1785 2784 monumenta

970 2837 1026 2875 non
1041 2826 1218 2876 remaneant.

1003 2916 1065 2968 llaec
1077 2916 1104 2968 et
1119 2914 1183 2979 alia,
1202 2916 1299 2984 utpote
1312 2913 1347 2967 de
1361 2912 1511 2967 concordia
1526 2913 1631 2985 Rogeri
1651 2919 1679 2969 et
1700 2912 1778 2969 Guil-

963 3007 1064 3061 lbclmi
1083 3007 1176 3073 Siculi,
1195 3013 1223 3061 et
1243 2994 1306 3072 aliis
1326 3006 1355 3061 in
1380 3022 1444 3077 quae
1465 3005 1496 3061 in
1518 3006 1596 3060 ltalia
1616 3006 1692 3062 lacta
1713 3009 1782 3062 sunt

964 3098 1212 3169 conventionibus,
1234 3104 1263 3154 et
1280 3115 1344 3170 quae
1363 3097 1399 3153 ad
1423 3099 1540 3168 plenum
1567 3099 1700 3170 prosequi
1720 3114 1781 3155 non

964 3192 1112 3260 audemus,
1133 3192 1168 3247 ab
1189 3208 1237 3247 ore
1257 3191 1365 3247 domiui
1382 3192 1473 3246 nostri
1496 3191 1679 3262 imperatoris
1699 3190 1780 3247 sudi·

983 3284 1068 3339 imus.

1001 3378 1118 3432 Absentc
1138 3378 1236 3430 autem
1255 3376 1381 3430 Palatino
1403 3376 1515 3442 comite,
1534 3376 1563 3428 et
1582 3374 1612 3428 in
1635 3390 1777 3446 praepara-

963 3469 1041 3524 tione
1066 3467 1257 3540 expeditionis
1277 3467 1305 3522 in
1329 3467 1437 3523 italiam
1456 3466 1617 3539 praemisso,
1638 3483 1656 3520 a
1671 3468 1779 3525 cancel·

963 3563 1033 3617 lerio
1047 3561 1151 3616 ibidem
1166 3560 1259 3615 adbuc
1274 3566 1413 3630 prasente
1429 3560 1506 3615 aliud
1525 3575 1582 3615 non
1605 3560 1775 3628 audivimus,

964 3656 1018 3709 nisi
1046 3654 1123 3727 quod
1143 3654 1312 3709 humilitatis
1332 3657 1392 3709 erat
1415 3657 1444 3708 et
1467 3653 1552 3724 pacis,
1575 3654 1776 3726 praeterquod

963 3749 1004 3803 eis
1020 3764 1072 3821 pro
1091 3747 1217 3820 periculo
1235 3747 1310 3816 vitre,
1334 3746 1410 3818 quod
1429 3763 1445 3800 a
1466 3746 1572 3818 populo
1594 3745 1773 3814 imminebat,

960 3859 1013 3915 pro
1027 3842 1133 3897 viribus
1146 3842 1203 3896 suis
1222 3839 1352 3907 astiterit,
1371 3839 1489 3907 cunctis,
1511 3837 1560 3912 qui
1582 3838 1622 3894 ibi
1643 3840 1772 3907 aderant,

959 3935 1045 4007 hujus
1057 3935 1098 3990 rei
1112 3933 1310 3989 testimouium
1322 3932 1550 4006 perhibentibus.

995 4030 1034 4086 ne
1056 4034 1158 4084 caetero
1175 4027 1354 4082 sanctitatem
1376 4032 1497 4082 vestram
1510 4025 1675 4098 suppliciter
1686 4042 1769 4100 roga·

96 4091 229 4149 Fridm'ci
246 4095 418 4162 ‘mmm
445 4095 605 4163 mmmm
628 4092 666 4147 “d
684 4095 819 4164 ‘'mli’‘
844 4094 908 4150 ⁶⁰¹⁸*
959 4137 1023 4177 mus
1036 4125 1065 4177 et
1084 4121 1275 4188 obsecramus,
1290 4123 1323 4174 ut
1339 4124 1443 4175 nostrae
1461 4120 1582 4191 parcatis
1600 4119 1769 4192 infirmitati,

449 4174 557 4226 mam·
958 4218 991 4270 ut
1008 4213 1273 4287 magnanimitatem
1290 4212 1339 4267 tilii
1358 4213 1453 4280 vestri,
1478 4213 1549 4267 sicut
1562 4213 1654 4270 bonus
1664 4217 1768 4286 paster,

103 2760 265 2833 respublica
280 2761 390 2832 imperii
410 2762 513 2824 nostri:
536 2779 619 2817 aures
638 2762 794 2832 imperialis
813 2766 915 2832 poten·

101 2856 150 2910 tiae
165 2870 198 2909 ea
212 2854 355 2925 patienter
369 2855 469 2910 audire
482 2871 538 2910 non
553 2858 716 2927 potuerunt,
730 2871 823 2927 neque
834 2872 916 2911 aures

101 2949 265 3019 principum
281 2949 437 3016 sustiner03
452 2964 551 3003 omnes
564 2949 605 3005 ita
616 2950 817 3004 continuerunt
833 2964 915 3004 aures

100 3057 175 3109 suas,
201 3042 277 3113 quod
305 3058 367 3108 nos,
390 3043 465 3096 salva
493 3045 582 3113 gratia
608 3048 708 3098 vestrm
730 3042 915 3097 sanctissimae

99 3135 288 3205 paternitatis,
305 3151 338 3189 ea
351 3136 550 3207 tueripropter
564 3135 705 3190 sinistram
721 3135 914 3207 ambiguitatis

97 3227 378 3298 interpretationem,
403 3229 444 3282 vel
470 3244 611 3282 consensu
628 3229 723 3299 aliquo
744 3229 912 3300 approbare,

98 3337 151 3376 nec
174 3321 321 3389 audemus,
342 3337 393 3377 nec
414 3337 575 3392 possumus,
596 3338 630 3375 eo
649 3321 725 3392 quod
750 3321 861 3376 insolita
886 3327 915 3376 et
964 3299 981 3336 v

96 3414 224 3469 inaudita
239 3416 352 3470 fuerunt
367 3431 458 3486 usque
472 3415 579 3470 adhaec
594 3417 734 3486 tempora.

135 3507 253 3563 Litteras
267 3511 375 3577 autem,
390 3524 460 3579 quas
480 3507 561 3562 nobis
584 3507 709 3574 misistis,
733 3507 826 3562 debita
847 3523 912 3563 cum

96 3601 256 3656 reverentia
279 3600 475 3672 suscipientes,
502 3604 531 3656 et
554 3602 758 3673 amplectentes
781 3617 912 3657 comme·

98 3694 316 3749 nuimusillium
332 3700 468 3762 vestrum,
490 3695 641 3750 dominum
666 3701 804 3764 nostrum,
824 3695 913 3766 impe-

96 3791 222 3843 retorem
242 3788 315 3843 sicut
330 3788 469 3858 jussistis3
491 3794 519 3844 et
539 3788 574 3843 ab
599 3805 633 3843 eo
648 3804 827 3860 responsum,
853 3783 949 3859 θεοῦ

97 3882 216 3952 gratias,
232 3882 390 3952 accepimus
412 3883 477 3951 tale,
498 3882 581 3954 quale
603 3882 722 3937 decebat
736 3882 910 3938 catholicum

97 3976 268 4048 principem,
285 3976 313 4030 in
329 3976 404 4031 bunc
418 3976 530 4030 modum
547 3992 553 4030 :

133 4275 194 4332 [liro
206 4277 394 4348 santonibus
405 4277 885 4348 nostrumregioportetimperium
898 4295 907 4332 t

94 4371 173 4441 leges
191 4377 293 4424 mmm*
315 4371 531 4441 impemwfflm’
553 4376 582 4426 et
604 4387 670 4425 ”⁵¹¹⁵
690 4369 907 4442 b⁰⁰⁰⁵praed⁰'
959 4402 1067 4457 mellita
1096 4400 1324 4467 dulcorantibus,
1352 4403 1492 4471 quatenus
1517 4405 1545 4454 et
1568 4400 1691 4455 Ecclesia
1717 4400 1769 4458 uei

96 4480 239 4517 ⁰⁰⁵³⁰f¹¹m
273 4467 301 4517 et
343 4470 453 4534 patrum
493 4471 665 4520 ¹¹⁰⁵“⁰¹'¹¹¹¹¹·
704 4466 772 4519 ¹³¹⁰⁵
803 4464 908 4520 “¹⁰¹¹ae
958 4494 1112 4566 tranquilla
1139 4494 1289 4548 devotione
1315 4493 1446 4561 laetctur,
1472 4491 1625 4563 imperium
1655 4493 1684 4549 in
1710 4510 1768 4551 suae

97 4557 226 4611 Ecclesiae
255 4573 305 4610 nec
331 4558 457 4612 volumus
481 4559 638 4630 preterire,
670 4575 723 4613 nec
747 4575 906 4629 possumus,
958 4586 1139 4643 sublimimi,
1172 4590 1245 4642 ,Lam
1276 4586 1424 4657 glorietur,
1458 4586 1518 4657 ipso
1557 4585 1703 4642 mediant,
1740 4591 1771 4643 οι

97 4650 234 4722 ‘lffidquid
244 4651 279 4705 δὴ
294 4651 356 4705 ism
366 4651 507 4708 diffidat
522 4670 578 4708 ⁰⁰¹¹
599 4653 762 4725 recipimffi·
778 4652 908 4708 ”eblum
957 4683 1118 4753 adjurante,
1132 4680 1181 4752 qui
1195 4680 1337 4736 mediator
1349 4679 1400 4734 Dei
1412 4682 1440 4735 et
1452 4679 1602 4735 bominum
1622 4680 1712 4736 lactor
1725 4687 1769 4737 cst

96 4745 174 4800 Patri
187 4749 284 4800 nostro
300 4745 488 4800 reverentiam
502 4746 623 4802 libenter
635 4747 820 4816 exhibemus,
838 4747 906 4802 libe·
958 4776 1046 4832 homo
1057 4774 1184 4830 Christus
1196 4775 1284 4830 Jews,

96 4854 159 4893 ram
174 4837 285 4909 imperii
300 4838 758 4896 nostricoronamdiviuotantum
770 4841 908 4896 benelicio
1347 4868 1380 4922 fl·

95 4932 277 5000 ascribimus3
302 4933 445 4987 electionis
466 4933 591 5005 primam
612 4950 710 4990 vocem
740 4935 907 5007 ttoguntiuo

95 5026 320 5097 archiepiscopo,
329 5026 432 5081 deinde
446 5027 668 5100 quodsuperest,
681 5028 791 5083 caeteris
805 5045 907 5084 sccun-

95 5119 162 5174 dum
174 5120 313 5176 ordenem
325 5119 510 5192 principibus,
525 5122 770 5194 recognoscimus3
781 5123 948 5226 regalemD

95 5214 257 5270 unctionem
282 5213 454 5282 Coloniensi,
481 5232 645 5287 supremam
664 5233 740 5283 vero,
765 5234 830 5288 quae
852 5216 907 5270 im·

93 5308 210 5379 pertalis
224 5311 275 5375 est,
290 5324 405 5363 summo
420 5309 545 5380 pontiflci
558 5327 565 5377 3
580 5309 719 5382 quidquid
733 5309 909 5383 praeterhac
996 5312 1168 5377 Enrnanrcrs,
1197 5308 1245 5365 liei
1272 5311 1361 5380 gratia
1389 5309 1584 5364 Romanorum
1612 5310 1771 5382 imperator

93 5404 146 5469 est,
161 5401 366 5457 exabundanti
382 5404 470 5470 est,a
499 5403 574 5457 malo
598 5407 649 5457 est.
677 5402 851 5471 cardinales,
878 5403 907 5458 in
959 5411 987 5461 et
1011 5419 1126 5475 semper
1152 5404 1307 5474 Augustus,
1334 5404 1458 5459 Anniano
1481 5402 1617 5459 Romana
1643 5404 1774 5463 aeclesis

93 5498 292 5567 contemptum
313 5495 488 5551 dilectissimi
512 5500 541 5550 st
565 5495 791 5552 reverendissimi
818 5497 908 5552 Patris
958 5497 1115 5554 venerabili
1129 5495 1265 5568 pontiflci.

93 5589 183 5644 nostri
210 5595 238 5645 et
264 5589 485 5660 consecratoris,
510 5606 528 5644 a
553 5589 657 5645 linibus
684 5596 770 5645 terre
803 5594 908 5646 nostra
993 5592 1100 5647 Dilecto
1112 5596 1141 5645 et
1159 5589 1238 5644 fideli
1256 5594 1353 5645 nostro
1375 5589 1507 5647 anselmo
1525 5589 1609 5648 bonae
1625 5593 1773 5648 memorie

92 5684 241 5756 coegimus
252 5701 310 5740 non
327 5685 421 5754 exire3
444 5683 494 5740 sed
507 5700 571 5740 cum
588 5685 642 5754 bis,
659 5687 688 5740 et
707 5684 826 5758 probis,
844 5701 909 5757 quae
957 5684 1150 5743 Ravenneusis
1165 5683 1289 5740 Ecclesia
1304 5682 1459 5740 venerabili
1475 5685 1607 5758 episcopo
1629 5685 1772 5758 defuncto,

259 5785 398 5854 Parnon.
421 5785 633 5854 cmxxviii
1578 5791 1616 5851 52

957 4978 1132 5047 Imperatoris
1149 4975 1283 5031 Eriderici
1301 4974 1339 5029 od
1360 4974 1516 5030 Adriarmm
1533 4989 1649 5046 papum.
1667 5005 1701 5018 -
1719 4976 1771 5033 Pro

1119 5061 1319 5128 confirmatione
1335 5059 1413 5113 electi
1421 5060 1611 5115 flovmnensis.

1208 5175 1319 5245 (blansi,
1345 5174 1425 5238 ibid„
1447 5175 1522 5246 tot]

970 2077 1046 2131 orbis
1060 2077 1183 2132 Ecclesia
1199 2076 1264 2146 (non
1283 2092 1335 2148 per
1350 2077 1450 2143 Deum,
1471 2080 1502 2130 ut
1519 2077 1683 2148 credimus),
1709 2094 1786 2134 nunc
1869 2154 1872 2159 Ι

970 2355 1085 2426 prodire
1103 2358 1300 2412 conatur.Nou
1315 2355 1467 2426 patiemur,
1489 2371 1548 2409 uon
1561 2355 1766 2412 sustinebimus
1772 2372 1782 2425 ;
1861 2366 1866 2373 “

958 4308 1068 4364 leniatis
1098 4308 1208 4379 scriptis
1237 4306 1335 4362 vestris
1364 4306 1469 4378 scripta
1502 4306 1596 4377 priore
1630 4309 1769 4364 suavitate
1859 4326 1862 4331 ·
