3750 6046
154 188 208 247 aar
841 194 1001 254 oananrcr
1020 196 1149 253 unlus
1167 162 1170 167 ’
1782 199 1836 254 aaa

156 314 208 379 rat,
224 313 444 370 commendavit.
461 314 631 371 Lanfrancus
647 316 743 389 itaque
758 316 868 389 primus
882 320 968 374 Cedo·
980 331 1008 405 Α
1019 318 1072 375 bus
1091 321 1120 373 ct
1137 319 1269 390 plaustris
1284 316 1432 374 difficultas
1454 317 1578 375 instabat
1600 318 1836 391 procuratoribus

154 405 299 462 mensium
319 407 404 463 abbas
423 408 514 465 factus
527 415 580 480 est,
596 411 646 465 sed
664 411 749 481 paulo
770 418 831 483 post
847 413 882 468 ad
901 415 970 469 Can·
1020 428 1072 485 pcr
1098 429 1167 484 quos
1194 412 1343 484 congeries
1368 413 1507 485 lapidum,
1533 412 1638 485 aliique
1660 413 1697 469 ad
1721 417 1836 469 tantum

153 499 329 556 tuarieusem
358 502 632 575 archiepiscopatum
657 509 802 577 promotus
829 511 880 562 εει.
905 508 971 562 Uret
1020 522 1091 577 opus
1104 506 1262 577 agebantur
1282 507 1432 562 necessarii
1451 511 1613 578 apparatus.
1635 507 1772 563 Praelatus
1787 507 1837 562 ita·

153 591 229 649 idern
244 594 358 652 natione
375 597 588 669 Langobardos,
603 598 762 654 liberalium
783 600 889 656 artium
907 617 970 656 eru·
1020 615 1075 671 que
1089 599 1176 654 abbas
1188 599 1267 655 omni
1281 603 1411 671 ternpore
1426 601 1575 672 regiminis
1588 600 1631 655 sui
1643 617 1700 656 nou
1715 600 1835 672 quievit,

154 686 263 744 ditione
278 688 429 746 affluenter
444 690 579 759 imbutus,
594 692 780 764 benignitate,
796 693 927 764 largitate
942 699 969 750 ct
1018 692 1068 749 sed
1089 693 1244 748 multarum
1263 709 1361 748 rerum
1381 693 1573 749 sollicitudine
1587 695 1687 749 anxius
1703 694 1836 764 subjectis

156 782 236 838 omni
249 783 389 854 religione
403 784 547 856 praeditus,
561 785 745 857 eleemosynis
757 787 874 859 aliisque
887 787 970 844 bonis
1019 789 1047 842 et
1060 785 1179 857 posteris
1192 785 1301 841 affatim
1319 786 1447 858 profecit.
1464 786 1618 842 Ecclesiam
1631 803 1758 858 namque
1777 787 1835 843 cla-

154 875 254 931 studiis
272 876 466 950 multipliciter
486 878 622 933 intentus.
646 880 695 934 Hic
717 880 855 935 nimiruln
874 898 891 934 a
911 881 967 950 die,
1018 896 1080 934 ram
1094 885 1123 934 et
1136 879 1271 950 amplam.
1287 879 1392 951 licique
1406 881 1552 935 servitium
1566 880 1654 935 libero
1668 880 1836 935 celebranti·

154 985 211 1040 quo
227 970 358 1040 primitus
371 971 445 1041 apud
459 971 690 1041 itonam-Villam,
705 977 737 1028 ut
748 974 968 1045 praelibavimus,
1018 972 1071 1029 bus
1091 975 1197 1044 aptum,
1218 974 1372 1028 claustrum
1392 979 1421 1028 et
1440 973 1609 1045 capitulum,
1630 973 1835 1029 dormitorium

154 1062 279 1116 ecclesiae
294 1063 426 1133 regimen
440 1065 573 1136 suscepit,
592 1083 647 1122 ιιιι
666 1067 748 1121 annis
769 1073 796 1123 et
815 1084 841 1124 11
864 1069 968 1125 mensi·
1019 1072 1048 1121 ct
1062 1065 1252 1134 refectorium,
1269 1066 1419 1138 coquinam
1432 1070 1461 1122 et
1472 1065 1629 1135 cellarium,
1643 1067 1775 1139 aliasque
1791 1069 1835 1123 ol·

153 1153 207 1209 bus
221 1155 319 1210 multis
332 1156 361 1211 in
375 1157 461 1213 domo
476 1157 525 1213 bei
544 1158 675 1215 fidelibus
694 1160 845 1233 proficiens
864 1162 967 1218 nobili·
1019 1160 1116 1214 ticiuas
1130 1164 1322 1230 competentes
1335 1159 1430 1215 usibus
1445 1160 1664 1229 monachorum,
1679 1161 1836 1217 auxiliante

154 1251 198 1302 ter
211 1248 323 1304 claruit.
1019 1253 1085 1319 Deo,
1102 1251 1228 1323 perfecit,
1241 1269 1307 1308 curn
1325 1252 1451 1309 subsidio
1466 1257 1495 1308 ει
1507 1253 1656 1326 largitione
1668 1254 1790 1309 fratrum
1808 1259 1837 1308 et

189 1342 374 1398 Venerandus
396 1346 477 1417 ngo
502 1346 649 1419 episcopus
673 1350 892 1421 magnanimum
919 1352 970 1408 Uei
1019 1346 1186 1400 amicorum·
1209 1346 1382 1401 Lanfrancus
1407 1346 1485 1401 enim
1506 1345 1836 1418 uoehiepi³00p11⁵‚dum

151 1435 284 1492 clientem
309 1437 475 1495 blainerium
499 1440 583 1511 jussu
607 1442 688 1497 ducis
709 1443 821 1498 Uticam
842 1444 967 1514 adduxit,
1019 1438 1190 1494 dedicationi
1212 1438 1396 1496 cadomensis
1415 1439 1538 1496 ccclesiae
1557 1456 1634 1495 enno
1649 1439 1837 1496 scilicetduo·

150 1544 275 1600 eumque
299 1532 454 1587 secundum
482 1538 587 1589 statuta
611 1551 753 1591 canonum
783 1541 849 1591 ante
877 1537 968 1593 altare
1018 1531 1130 1587 decimo
1157 1535 1222 1602 post
1243 1532 1394 1604 anglicum
1416 1531 1521 1588 bellurn
1545 1531 1623 1607 [ann.
1647 1533 1834 1605 {0771inter-

152 1622 247 1676 Sancti
268 1624 345 1679 Petri
366 1627 485 1696 apostoli
509 1643 563 1681 ιιιι
585 1628 645 1682 ιιει.
667 1628 787 1700 Augusti
809 1629 966 1687 benedixit.
1018 1624 1082 1694 fuit,
1099 1625 1234 1681 ltainerio
1248 1624 1342 1681 abbati
1355 1641 1415 1681 ιιιι
1430 1625 1516 1681 libras
1528 1626 1652 1697 Anglicae
1666 1632 1792 1682 monetae
1805 1632 1834 1684 et

151 1715 199 1770 tlte
219 1722 328 1784 autem,
344 1725 473 1790 suscepto
487 1721 604 1776 nomine
622 1722 731 1777 abbatia
751 1727 781 1776 ει
792 1739 890 1792 onere,
904 1725 966 1779 lau·
977 1694 1006 1766 Β
1018 1717 1088 1773 duos
1105 1718 1168 1774 auri
1181 1735 1291 1774 marcos
1305 1718 1441 1790 erogavit,
1461 1725 1490 1775 ec
1509 1719 1691 1791 postmodum
1710 1719 1747 1776 de
1760 1723 1832 1777 can-

151 1807 281 1865 dabiliter
299 1811 377 1878 vixit,
395 1817 424 1866 ει
441 1820 606 1886 susceptum
620 1815 750 1887 regimen
770 1832 826 1873 ιιιι
843 1817 925 1871 annis
939 1823 968 1872 ct
1017 1811 1056 1866 tia
1070 1828 1120 1882 per
1142 1811 1280 1867 domnum
1302 1813 1459 1884 [tegorium
1477 1812 1511 1869 de
1527 1815 1629 1884 Sappo,
1645 1813 1694 1885 qui
1710 1813 1764 1868 sibi
1780 1830 1832 1886 pro

152 1917 189 1956 vn
209 1904 352 1959 mensibus
371 1905 480 1962 utiliter
501 1908 602 1975 tenuit,
625 1909 777 1981 multisque
797 1909 890 1965 modis
908 1927 967 1966 mo·

151 1996 308 2052 nestorium
332 1998 384 2053 sibi
409 2000 590 2056 commissum
615 2001 691 2056 intus
714 2005 743 2056 et
765 2003 898 2071 exterius,
918 2004 965 2074 ju·

150 2092 234 2144 rante
248 2090 318 2159 Uro,
330 2092 504 2148 emendavit.
517 2095 628 2149 Fratres
644 2099 740 2150 autern
754 2096 916 2168 benigniter
925 2114 966 2153 se·

145 2180 229 2238 davit
242 2184 356 2240 solertia
375 2191 404 2240 ει
418 2186 539 2255 ratione,
558 2187 607 2259 qui
626 2187 836 2259 aliquantulum
858 2190 965 2246 turbati

150 2274 262 2330 fueraut
276 2276 305 2330 in
322 2277 383 2348 ejus
396 2279 544 2335 electione.
560 2282 634 2336 Uuos
647 2281 725 2336 enirn
738 2282 904 2350 monachos,
915 2283 965 2355 qui

148 2369 300 2440 religione,
315 2371 487 2443 geminaque
498 2372 612 2428 scientia
625 2373 779 2445 pollebant,
792 2375 963 2432 ltainaldum

149 2461 257 2517 scilicet
278 2462 313 2518 de
336 2465 427 2534 Rupe,
449 2469 477 2520 ct
499 2464 652 2521 Falconem
673 2468 708 2522 de
729 2469 906 2524 Warleuvilla
928 2468 964 2523 ad

148 2555 192 2610 sui
206 2555 335 2626 regimen
349 2557 505 2629 elegerant,
520 2559 642 2631 ideoque
657 2560 693 2616 ab
708 2577 752 2628 co,
768 2562 816 2633 qui
832 2579 882 2633 ρει
895 2579 963 2633 pon·

1016 1904 1134 1959 scientia
1152 1904 1308 1960 litterarum
1328 1911 1412 1960 notus
1429 1908 1458 1960 et
1471 1905 1580 1960 amicus
1600 1909 1671 1972 erat,
1694 1923 1728 1962 ιι
1743 1905 1832 1962 libras

1016 1996 1209 2053 sterilensium
1224 1997 1311 2052 misit.
1327 1997 1375 2054 llis
1392 1998 1480 2071 igitur
1498 1999 1583 2067 datis,
1598 1998 1724 2054 ecclesiae
1747 2000 1833 2055 turcis

1016 2094 1110 2146 erecta
1130 2095 1173 2146 est
1193 2096 1221 2146 et
1239 2091 1399 2147 monachile
1418 2091 1617 2147 dormitorium
1636 2098 1832 2148 constructum

1015 2188 1066 2239 cst.
1081 2182 1221 2240 flothildis
1235 2200 1301 2240 vero
1314 2183 1414 2255 regina
1428 2184 1584 2256 pretiosam
1602 2185 1724 2240 infulam
1739 2184 1830 2254 dedit,

1016 2278 1173 2347 etcappam
1192 2275 1289 2332 adbel
1306 2276 1463 2344 servitium,
1479 2280 1509 2331 et
1526 2279 1641 2332 centum
1661 2277 1752 2333 libras
1773 2278 1831 2333 lto-

1016 2366 1195 2423 domeusium
1211 2369 1246 2424 ad
1266 2367 1410 2440 agendum
1430 2369 1585 2424 tricorium.
1607 2368 1766 2426 Willelmus
1780 2387 1829 2426 au·

1015 2464 1073 2515 tem
1095 2461 1129 2517 dc
1151 2463 1214 2530 Ros,
1234 2461 1395 2533 Baioccnsis
1410 2461 1528 2518 clericus
1548 2463 1597 2534 qui
1617 2463 1646 2518 in
1667 2463 1768 2519 cadem
1783 2480 1829 2518 ec·

1014 2556 1100 2612 clesia
1112 2556 1216 2629 triplici
1230 2561 1292 2611 erat
1310 2556 1419 2611 honere
1434 2556 1570 2626 praeditus
1584 2559 1657 2624 (erat
1672 2557 1750 2612 enim
1764 2575 1830 2613 cau·

150 2649 255 2704 tilicem
270 2651 298 2704 et
311 2649 416 2706 ricinos
428 2651 488 2707 sine
508 2653 621 2707 illorum
635 2669 774 2709 consensu
788 2654 962 2726 praelereba-
1014 2654 1059 2704 tor
1072 2656 1100 2706 et
1114 2650 1240 2705 decanus
1253 2653 1281 2705 ut
1293 2649 1529 2720 archidiawtlus),
1545 2666 1579 2705 ιι
1595 2649 1682 2704 libras
1700 2651 1828 2706 sterilen-

147 2745 195 2797 tur
210 2759 267 2797 non
286 2744 432 2800 modicum
454 2744 637 2800 desciverant.
654 2746 735 2817 Saepe
755 2748 785 2801 in
801 2748 963 2819 hujusmodi
1015 2744 1091 2799 sium
1108 2743 1189 2800 dedit
1200 2742 1387 2800 Uticensibus.
1403 2743 1456 2807 Qui
1470 2759 1527 2797 110ss
1545 2742 1636 2799 mullO
1655 2747 1718 2814 post
1735 2744 1830 2800 saeculi

150 2835 267 2906 negotio
280 2852 332 2908 per
343 2837 657 2894 deterioresoririsolet
669 2839 799 2896 turbatio.
810 2840 879 2896 Nam
895 2842 963 2897 dum
1014 2852 1133 2908 pompas
1158 2841 1257 2908 sponte
1279 2837 1455 2907 relinquens,
1473 2835 1655 2891 cadomensis
1675 2837 1830 2892 monachus

148 2927 273 3000 improbi
293 2946 374 2985 suam
393 2930 533 2987 violenter
546 2948 715 3003 preponere
730 2934 898 2989 sententiam
917 2936 961 2989 ni·
1012 2930 1102 2985 factus
1117 2933 1209 2998 est,et
1221 2930 1300 2999 inde,
1314 2930 1481 3001 priusquam
1495 2945 1586 2984 unum
1598 2945 1708 2985 annum
1722 2930 1752 2985 iu
1767 2947 1829 2985 mo·

146 3026 255 3090 tuntur,
272 3023 409 3093 regularis
422 3023 502 3092 ordo,
522 3025 675 3097 saniusque
689 3026 836 3082 consilium
857 3028 960 3084 multo·
972 3056 999 3130 C
1013 3025 1134 3080 nacbatu
1154 3023 1313 3096 perficeret,
1337 3023 1374 3077 ad
1396 3023 1589 3078 Fiscannensis
1608 3024 1729 3079 coenobii
1753 3025 1828 3096 regi·

148 3114 199 3171 ties
212 3115 417 3187 impediuntur.
433 3118 621 3190 Omnipotens
641 3136 705 3175 vcro
724 3121 796 3175 lleus
809 3121 962 3177 Ecclesiam
1011 3134 1077 3173 men
1091 3123 1253 3189 assumptus
1270 3120 1322 3171 est.
1336 3116 1446 3171 Nomen
1463 3117 1524 3188 ejus
1538 3132 1588 3187 pro
1604 3117 1702 3171 multis
1715 3117 1826 3172 beneti-

148 3225 231 3263 suam
243 3209 273 3263 in
288 3209 366 3265 omui
380 3225 514 3281 pressura
526 3216 660 3283 potenter
673 3214 807 3285 protegit,
824 3221 853 3270 et
866 3231 961 3270 erran·
1011 3211 1071 3279 ciis,
1092 3227 1156 3281 quac
1180 3210 1355 3265 Uticensibus
1374 3209 1503 3277 contulit,
1525 3209 1556 3263 in
1580 3210 1674 3264 rotulo
1696 3211 1827 3281 generali

148 3307 190 3358 tes
215 3302 342 3374 corrigit,
365 3320 397 3358 ac
420 3305 612 3360 necessarium
628 3306 752 3362 solamen
768 3308 841 3363 sicut
857 3309 917 3365 vult
933 3311 961 3365 et
1010 3304 1145 3374 scripturn
1169 3310 1221 3371 est,
1249 3306 1278 3358 et
1302 3319 1354 3373 pro
1379 3303 1441 3374 ipso
1462 3302 1561 3357 missas
1584 3306 1613 3358 et
1634 3303 1778 3359 orationes
1799 3309 1828 3358 et

147 3411 199 3466 per
212 3411 282 3467 quos
295 3397 356 3450 vult
369 3397 523 3454 clementer
535 3398 666 3470 porrigit.
681 3400 747 3472 Ejus
761 3401 857 3472 itaque
871 3403 961 3474 provi·
1010 3397 1204 3469 eleemosynas
1224 3397 1297 3451 sicut
1318 3412 1370 3467 pro
1394 3396 1535 3451 monacho
1558 3396 1685 3467 protosso
1711 3413 1828 3468 prorsus

148 3488 244 3544 dantia
262 3490 412 3560 praefatum
430 3491 597 3546 llainerium
618 3494 661 3563 (ut
675 3498 770 3565 postea
786 3494 894 3567 liquido
915 3513 961 3567 pa·
1009 3491 1056 3561 agi
1072 3494 1210 3545 statutum
1228 3495 1281 3545 est.
1303 3489 1433 3545 Plurimis
1448 3489 1545 3562 itaque
1566 3489 1724 3545 fautoribus
1745 3506 1827 3545 novoe

148 3581 211 3653 tuit)
224 3583 258 3637 ad
272 3583 492 3654 gubernandum
507 3585 637 3641 Uticense
656 3587 827 3658 coenobium,
841 3589 918 3661 quod
932 3589 960 3644 in
1009 3583 1131 3640 basilica
1151 3583 1259 3639 fabrica
1280 3583 1433 3638 sublimata
1449 3586 1503 3650 est,
1525 3584 1555 3637 et
1576 3581 1733 3653 inemptum
1755 3600 1826 3655 opus

147 3675 236 3732 sterili
257 3693 324 3731 rure
347 3676 422 3732 iuter
445 3678 635 3750 nequissimos
653 3681 853 3751 compatriotas
873 3687 960 3739 srturn
1011 3685 1070 3733 tam
1095 3677 1220 3733 ecclcsiae
1245 3694 1330 3749 quarn
1352 3676 1503 3733 domorum
1531 3675 1738 3732 honorabiliter
1761 3693 1827 3732 con·

147 3774 216 3838 erat,
229 3771 383 3842 promovit.
395 3773 461 3827 Erat
471 3772 549 3828 enim
560 3773 595 3829 dc
604 3773 738 3845 contiguo
746 3775 870 3844 castello,
882 3776 960 3847 quod
1009 3777 1183 3826 summatum
1195 3776 1245 3826 εει.

146 3863 251 3920 dicitur
267 3864 446 3933 Escalfoium,
466 3865 615 3933 oriundus,
636 3867 834 3939 grammatica,
858 3868 960 3926 dialec-
1044 3866 1182 3936 Tempore
1199 3864 1349 3937 regiminis
1365 3865 1492 3921 ldainerii
1511 3863 1621 3920 abbatis
1640 3880 1673 3919 xc
1691 3865 1826 3921 monachi

146 3957 201 4013 tica
216 3961 244 4013 et
256 3958 400 4014 rhetorica
413 3959 520 4014 affatim
531 3959 667 4029 imbutus,
679 3959 716 4014 ad
727 3962 960 4018 resecandaritia
1007 3958 1126 4013 diverses
1142 3958 1286 4031 qualitatis
1306 3961 1335 4014 at
1353 3957 1532 4025 conditionis,
1556 3973 1680 4029 quorum
1702 3959 1823 4014 nomina

146 4051 235 4107 solers
246 4057 275 4106 ει
287 4067 412 4119 severus,
422 4052 459 4108 ad
468 4052 637 4107 inserendas
647 4057 675 4108 et
684 4053 857 4109 intimandas
869 4056 960 4111 fratri·
1009 4051 1167 4123 conscripta
1180 4056 1246 4106 sunt
1260 4051 1291 4106 in
1304 4050 1449 4106 volumine
1466 4050 1604 4122 generalis
1614 4050 1824 4123 descriptionis,

146 4144 198 4198 bus
212 4145 329 4200 virtutes
346 4145 480 4200 fervidus.
496 4144 666 4200 Observator
684 4147 832 4202 monastici
852 4148 959 4204 ordinis
1009 4144 1175 4200 saecularem
1190 4143 1321 4199 habitum
1335 4144 1365 4198 in
1380 4143 1503 4199 Uticensi
1518 4142 1617 4199 schola
1634 4143 1825 4216 reliquerunt,

145 4237 284 4305 assiduus,
298 4237 456 4293 commissis
469 4237 522 4292 sibi
534 4238 608 4293 viam
623 4238 687 4293 vitae
701 4240 881 4295 monstrabat
896 4257 958 4297 ver·
1009 4243 1039 4293 ct
1053 4237 1186 4293 instinctu
1202 4236 1393 4309 laudabilique
1412 4236 1554 4292 bonorum
1568 4237 1698 4309 exemplo
1711 4254 1765 4308 per
1778 4255 1826 4293 ar-

145 4329 188 4385 bis
204 4336 234 4386 et
247 4330 389 4403 operibus,
404 4331 615 4403 multorumque
629 4331 666 4386 ad
681 4333 857 4403 operandum
872 4334 901 4388 in
917 4335 957 4388 vi·
1008 4330 1097 4386 duum
1111 4330 1166 4385 iter
1184 4330 1225 4386 ire
1243 4330 1373 4402 aggressi
1387 4333 1462 4384 sunt.
1477 4330 1518 4385 Ει
1533 4329 1602 4400 ιρειε
1621 4329 1750 4401 quidam,
1765 4330 1827 4403 ipso

143 4440 196 4479 nea
209 4423 322 4479 Domini
337 4423 460 4479 Sabaoth
473 4424 606 4479 incitator
617 4425 708 4481 factus
721 4431 765 4482 cst
782 4430 811 4481 et
827 4427 958 4497 prierius,
970 4419 999 4491 l)
1011 4427 1089 4495 patre
1101 4423 1195 4479 adhuc
1207 4424 1329 4493 vivente,
1342 4424 1494 4496 praemium
1507 4423 1589 4479 bonae
1602 4424 1827 4480 conversationis

145 4533 297 4589 comesque
311 4517 457 4573 sollicitus.
1008 4517 1201 4585 obtinuerunt,
1222 4517 1325 4588 aliique
1345 4517 1375 4571 in
1394 4522 1489 4571 sancto
1513 4515 1658 4588 proposito
1683 4516 1733 4572 diu
1757 4533 1824 4589 pcr-

180 4611 229 4665 llie
255 4611 340 4683 coepit
364 4627 469 4666 novam
496 4612 642 4668 basilicam
669 4614 699 4668 in
724 4613 830 4670 honore
854 4617 958 4669 sauctae
1009 4615 1188 4678 manserunt,
1203 4611 1379 4681 longamque
1401 4609 1534 4664 mititiam
1553 4609 1671 4665 viriliter
1692 4625 1824 4666 exercue—

144 4705 236 4760 llariae
263 4704 360 4761 matris
382 4705 494 4761 Uomiui
518 4711 546 4761 et
570 4706 661 4762 sancti
683 4706 760 4761 Petri
784 4706 902 4777 apostoli
926 4724 958 4762 ac
1008 4708 1085 4772 runt,
1100 4702 1377 4775 erquedevotiona
1390 4701 1724 4775 placere,ethemiuibus
1738 4704 1825 4760 bono·

145 4798 233 4853 sancti
247 4799 413 4854 confessoris
423 4799 539 4867 Ebrulfr,
554 4799 649 4871 ibique
662 4805 770 4871 septem
781 4799 882 4855 altaria
892 4804 959 4855 sunt
1008 4813 1073 4851 rum
1086 4812 1207 4868 operum
1219 4796 1394 4851 exhibitione
1407 4795 1543 4868 prodesse
1556 4794 1739 4852 studuerunt.
1754 4797 1827 4852 Nou·

144 4891 174 4946 in
190 4891 297 4946 honore
316 4897 480 4946 sanctorum
499 4898 665 4947 consecrata
682 4892 786 4948 divinia
805 4893 956 4964 majestati.
1009 4889 1079 4945 nulli
1099 4905 1166 4945 vero
1188 4889 1337 4945 nobilitate
1362 4888 1503 4960 pollentes
1524 4888 1697 4945 monasterio
1720 4906 1772 4945 suo
1797 4891 1825 4946 in

145 4985 229 5038 Vetus
248 4983 324 5038 enirn
345 4982 473 5049 ecclesia,
494 5000 579 5055 quam
601 4985 630 5040 S.
652 4985 795 5053 Ebrulfus,
817 4985 958 5057 llilperico
1007 4983 1105 5038 multis
1123 4983 1325 5050 subvenerunt,
1346 4987 1376 5038 et
1394 4981 1588 5054 aparentibus
1606 4982 1664 5038 suis
1684 4983 1729 5037 vel
1752 4985 1826 5040 notis

144 5079 173 5132 et
194 5079 298 5146 nepote
313 5076 373 5146 ejus
393 5075 553 5133 llildeberto
571 5083 681 5149 sceptra
699 5079 870 5135 Francorum
892 5096 955 5151 ges·
1008 5076 1052 5132 rel
1066 5076 1164 5132 amicis
1177 5076 1299 5131 decimas
1312 5079 1341 5131 ει
1354 5075 1495 5143 ecelesias,
1509 5078 1539 5130 et
1550 5081 1718 5132 ornamenta
1738 5078 1825 5132 cecle-

144 5168 280 5234 tantibus‚
301 5169 494 5239 apostolorum
515 5170 636 5243 principi
654 5175 862 5241 construxerat,
883 5173 956 5229 anti·
1008 5168 1120 5224 siastica
1145 5167 1258 5224 utilitati
1283 5168 1404 5224 fratrum
1429 5168 1625 5224 obtinuerunt.
1650 5168 1826 5241 Singillatim

144 5261 251 5333 quitata
270 5276 424 5332 magnaei
442 5265 522 5333 ρειιε
536 5262 630 5318 diruta
642 5267 712 5333 erat,
731 5282 784 5321 nec
806 5265 956 5322 conventui
1008 5263 1114 5331 omnia,
1128 5278 1194 5334 quae
1206 5262 1303 5317 domui
1318 5278 1376 5317 suae
1388 5261 1494 5334 singuli
1505 5261 1826 5331 contulerunt,omuino

143 5355 358 5421 monachorum,
376 5355 426 5425 qui
446 5355 571 5427 quotidie
594 5357 763 5430 augebatur,
787 5358 954 5415 sufficiebat.
1007 5355 1826 5429 describereneque03sedtameneliqua,proutcompeten·

141 5449 230 5504 Porro
244 5447 396 5504 aediticium
410 5447 446 5504 de
460 5447 604 5521 lapidibus
615 5451 692 5523 opud
710 5451 823 5508 Uticum
834 5450 957 5509 condere
1007 5447 1636 5520 ternreFerendifacultatemsidero,jurante
1643 5450 1826 5520 er,veraci·

143 5540 225 5596 valde
249 5539 424 5599 laboriosum
449 5546 501 5611 est,
528 5544 578 5616 qui
605 5544 757 5616 lapidicina
780 5544 955 5614 iteruleasis,
1007 5542 1823 5619 terintimareprocommunicommodoposteritaticupio.

142 5632 219 5690 uude
235 5632 363 5706 quadrati
379 5635 487 5708 lapides
502 5637 693 5705 advehuntur,
714 5638 749 5694 ad
763 5654 811 5694 εει
826 5637 958 5694 milliaria
1042 5637 1154 5695 Primus
1166 5638 1262 5710 itaque
1277 5636 1485 5693 monachorum
1498 5634 1686 5709 hogeriusde
1696 5635 1824 5711 uterina

141 5729 227 5802 longe
242 5731 294 5787 est.
308 5728 428 5788 tlaxirna
440 5746 510 5805 ergo
530 5731 560 5789 in
577 5730 743 5806 colligendis
761 5732 843 5807 equis
860 5736 890 5790 et
904 5731 956 5790 bo·
1003 5731 1086 5806 jussu
1096 5727 1822 5805 praefatiabbatisinpagumtitcassiuumperrexit.
