3750 6046
155 232 209 290 tar
840 233 999 292 annuatur
1019 232 1149 291 virtuts
1785 238 1838 295 lat

153 354 311 410 tumulatus
328 355 457 427 quiescit.
470 356 613 411 tordanns
628 354 731 410 deinde
746 355 890 422 successit,
912 355 969 412 ira·
981 358 1126 442 Ateutat3
1149 369 1221 427 quos
1240 356 1386 413 blanditiis
1403 362 1432 413 et
1450 357 1605 414 terroribus
1627 362 1709 415 nocta
1729 355 1838 431 dieque

153 454 198 504 ter
211 448 281 520 ejus,
293 449 405 521 juvenis
418 449 546 521 pulcher,
556 448 695 521 bonisque
706 448 817 519 pollens
830 450 965 506 moribus.
1020 449 1184 519 impugnat,
1203 453 1233 505 et
1251 449 1346 504 omnia
1367 450 1466 507 mundi
1479 451 1697 519 delectamenta,
1708 450 1837 508 diuitias·

154 543 186 597 ln
204 541 281 597 curia
301 542 412 598 ilenrici
431 544 508 615 regis
526 543 602 598 inter
623 557 728 597 coaevos
750 542 896 612 militavit;
920 543 966 599 cui
1016 558 1071 614 que
1096 542 1140 597 vel
1166 542 1288 598 honores
1314 543 1425 599 adhoc
1448 542 1549 600 callido
1569 543 1782 614 subministrat,
1804 552 1837 603 ut

154 635 289 706 praetatus
303 652 354 692 rer
370 638 540 709 prudentem
550 639 579 692 et
589 636 739 707 pulchram
751 636 904 708 conjugem
917 653 967 693 no·
1016 635 1126 691 animas
1141 635 1319 691 solummodo
1332 636 1362 692 in
1376 636 1544 693 barathrum
1556 636 1728 709 perditionis
1737 654 1835 696 secum

152 728 232 786 mina
244 730 395 798 iuliauam,
409 728 588 787 Godescalchi
601 729 700 798 sitiam,
715 729 804 798 dedit,
823 745 886 802 quae
899 747 965 786 cum
1015 729 1173 800 pertrahat.
1189 728 1334 785 abraham
1354 745 1420 785 vero
1437 729 1609 786 blandientis
1624 732 1835 789 assentationes

153 822 272 880 adelide
289 825 390 896 regina
407 825 442 879 de
458 823 632 879 lovennensi
644 823 763 895 regiona
784 822 814 878 in
832 824 962 896 angliam
1015 822 1090 893 regis
1108 822 1291 894 contempsit,
1306 838 1360 879 nec
1373 821 1473 879 laudes
1486 838 1539 879 uec
1553 839 1675 880 munera
1696 825 1835 896 quoslihet

154 918 241 975 venit.
1016 914 1051 970 ab
1063 915 1113 971 illo
1127 915 1256 987 recipere
1273 915 1394 988 dignum
1413 916 1505 984 duxit,
1520 917 1571 972 sed
1589 916 1834 975 commilitonibus

250 1005 292 1059 Vl.
307 1003 508 1060 llcditotioaes.
525 1005 592 1061 Vita
603 1005 636 1059 Β.
648 1006 740 1060 Patris
752 1004 865 1074 Ebrutlt.
1014 1013 1128 1064 tantum
1142 1009 1199 1064 suis
1211 1015 1306 1080 partes
1319 1026 1394 1080 suas,
1413 1015 1442 1065 et
1459 1026 1524 1082 qun
1545 1011 1581 1066 ad
1600 1026 1683 1067 esum
1700 1027 1832 1069 neeessa-

189 1102 247 1157 lluc
270 1117 359 1172 usqua
379 1099 415 1156 de
439 1101 523 1157 rebus
545 1102 574 1158 S.
600 1101 705 1156 Ebrulli
727 1101 832 1157 diutius
852 1102 964 1158 loeutus
1014 1102 1055 1156 ria
1079 1108 1173 1173 erant,
1197 1118 1311 1159 sumere
1339 1103 1480 1174 permisit.
1509 1103 1554 1160 Sic
1575 1103 1715 1161 nimirum
1739 1105 1832 1162 sancti

151 1210 226 1263 sum,
238 1210 301 1267 quae
312 1200 440 1250 nostrum
451 1211 597 1267 magnaei
606 1197 687 1266 parte
697 1194 817 1267 implent
826 1196 963 1252 libellum.
1013 1195 1075 1265 riri,
1089 1195 1158 1251 dum
1173 1196 1202 1251 in
1215 1196 1269 1252 hac
1280 1196 1337 1252 rita
1349 1201 1463 1268 tempus
1478 1196 1587 1253 militiae
1601 1213 1660 1253 sum
1672 1201 1829 1270 peragunt,

152 1288 221 1344 lude
233 1288 305 1343 mihi
320 1304 417 1360 quaeso
427 1305 486 1345 non
496 1289 681 1362 indignentur
694 1290 823 1354 lectores,
834 1289 868 1360 si,
878 1289 963 1344 baue-
1013 1287 1113 1345 omnia
1125 1289 1267 1346 mundana
1276 1306 1329 1361 pro
1340 1289 1447 1346 coelesti
1457 1289 1598 1346 desiderio
1612 1293 1764 1363 spernunt,
1779 1308 1831 1349 nec

150 1382 207 1439 ficii
227 1383 336 1455 accepti
359 1399 485 1451 memor,
509 1383 600 1439 recolo
628 1387 738 1438 nostros
757 1383 962 1440 benefactores.
1013 1382 1099 1437 ullam
1111 1383 1275 1439 mercedem
1286 1399 1338 1455 pro
1352 1383 1509 1440 sanctitatis
1521 1399 1580 1438 sum
1595 1385 1830 1442 remuneratione

151 1477 225 1548 Opto
238 1476 371 1550 equidem
385 1476 551 1532 fundatores
565 1481 593 1532 et
605 1476 757 1532 benevolos
766 1481 963 1549 cooperatores
1011 1480 1158 1548 appetunt.
1172 1478 1276 1532 Verum
1291 1476 1450 1533 mundanos
1468 1476 1623 1550 principes,
1638 1478 1689 1550 qui
1705 1478 1764 1535 tide
1776 1479 1828 1535 Ca·

150 1585 250 1626 eorum
265 1571 372 1643 scripto
386 1569 586 1626 commendare
599 1570 690 1626 tenaci
703 1570 850 1626 memorie
863 1577 962 1643 poste·
1011 1569 1115 1625 tholica
1128 1575 1157 1626 at
1172 1574 1346 1626 aeternorum
1359 1569 1502 1626 desiderio
1516 1569 1661 1628 honorum
1676 1571 1718 1627 eis
1736 1571 1828 1629 aomi-

150 1679 259 1732 rorum,
275 1669 305 1719 ut
317 1663 368 1719 tilii
380 1664 513 1719 Ecclesiae
525 1679 619 1718 coram
632 1664 690 1719 lieo
704 1663 733 1718 in
747 1667 901 1735 conspectu
914 1680 962 1718 an·
1014 1665 1119 1732 tantur,
1134 1661 1291 1719 admouent
1303 1665 1336 1717 ut
1351 1663 1477 1719 ecclesiis
1491 1667 1586 1736 partas
1603 1679 1668 1720 suas
1685 1663 1722 1720 de
1737 1664 1827 1736 patri·

148 1755 281 1828 gaiorum
295 1772 438 1813 memores
450 1756 507 1813 sint
520 1772 629 1825 eornm,
642 1772 765 1828 quorum
776 1755 920 1812 beneflciis
933 1733 1001 1813 inB
1013 1754 1115 1811 moniis
1127 1759 1156 1811 et
1168 1755 1322 1827 questibus
1333 1755 1393 1810 suis
1409 1756 1528 1825 donent,
1547 1762 1575 1813 et
1584 1749 1586 1752 ’
1594 1772 1701 1829 egenos
1716 1757 1829 1814 mundi·

149 1848 203 1904 bac
217 1850 332 1905 mortali
346 1849 404 1905 vita
419 1852 625 1917 sustentantur,
640 1849 677 1904 ad
691 1848 888 1921 peragendam
902 1864 962 1905 ser·
1012 1864 1068 1920 quo
1089 1850 1299 1920 contemptores
1317 1848 1376 1905 suis
1397 1848 1545 1906 beneficiis
1565 1855 1740 1921 sustentent3
1762 1855 1796 1907 ut
1812 1868 1829 1907 a

136 1942 267 1998 'vitutem
284 1942 445 1999 Conditoris
460 1943 665 1998 universorum.
684 1941 753 1997 ilinc
768 1941 855 1997 victor
873 1942 962 1999 Abra·
1011 1941 1133 2012 Christo,
1147 1941 1196 2014 qui
1216 1958 1246 1998 se
1264 1942 1295 1998 in
1314 1943 1486 2014 pauperihus
1509 1958 1571 2000 ossa
1591 1942 1700 2013 asserit,
1721 1960 1828 2018 peren·

149 2037 228 2105 ham,
242 2039 390 2109 postquam
404 2053 421 2092 a
433 2035 511 2091 cade
524 2038 647 2107 quatuor
657 2051 760 2108 rogum
773 2034 922 2107 remearit,
934 2040 963 2091 et
1012 2050 1080 2090 nem
1092 2034 1212 2107 gloriam
1224 2035 1277 2091 sibi
1295 2034 1446 2092 vindicent.
1462 2035 1554 2093 biultis
1565 2036 1719 2111 approbari
1733 2042 1830 2111 potest

148 2130 219 2184 Loth
232 2133 366 2202 nepotem
381 2145 464 2184 suum
478 2145 544 2184 curn
558 2129 728 2201 concaptivis
740 2129 800 2185 suis
812 2129 961 2202 utriusque
1012 2128 1225 2185 auctoritatibus
1238 2133 1267 2185 et
1280 2128 1419 2201 exemplis
1433 2129 1510 2202 quod
1524 2132 1638 2187 tantum
1657 2131 1713 2187 sihi
1730 2132 1826 2189 homi·

147 2240 232 2278 serus
254 2227 282 2279 et
301 2222 461 2279 substantia
481 2223 604 2292 reduxit,
630 2222 712 2278 sociis
731 2223 789 2278 suis
811 2225 842 2278 ut
866 2226 962 2295 partes
1010 2238 1061 2278 nes
1072 2223 1194 2279 retinent
1203 2222 1238 2278 ad
1248 2222 1479 2281 emolumentum
1492 2224 1828 2298 aemrumsalntis,quan-

147 2334 211 2372 siras
235 2317 270 2373 de
292 2316 388 2388 spoliis
414 2317 604 2373 Sodomorum
629 2315 792 2389 acciperent
814 2316 960 2389 praecepit.
1010 2321 1072 2371 tum
1084 2315 1113 2370 in
1126 2316 1308 2389 eleemosyna
1320 2316 1542 2373 misericorditer
1556 2316 1731 2376 distribuunt
1741 2319 1827 2391 juxta

145 2412 201 2466 Per
225 2409 386 2478 Abraham,
415 2411 465 2482 qui
493 2413 572 2467 Pater
598 2411 724 2467 serebas
747 2410 959 2482 interpretatur,
1010 2413 1184 2481 preceptum
1199 2409 1360 2466 Salvatoris.
1371 2411 1444 2465 Nam
1453 2426 1486 2466 ea
1496 2425 1560 2483 quse
1570 2426 1623 2485 pro
1636 2410 1826 2469 delectatione

145 2503 264 2575 perlecti
276 2504 329 2559 riri
340 2503 537 2576 designantur,
552 2503 602 2576 qui
613 2507 714 2560 contra
726 2503 868 2575 malignos
880 2503 961 2576 spiri·
1009 2503 1100 2558 carnis
1118 2502 1238 2576 prodige
1255 2502 1429 2574 distrahunt,
1444 2520 1495 2560 seu
1509 2520 1562 2577 pro
1576 2504 1732 2561 mundialis
1746 2505 1825 2562 inani

146 2600 192 2651 tus
205 2600 234 2652 et
247 2597 315 2652 vitia
328 2596 420 2652 carnis
433 2595 561 2668 quotidie
571 2596 718 2665 dimicant,
728 2596 870 2652 mnndum
879 2612 960 2652 mun·
1009 2595 1159 2667 splendore
1173 2595 1313 2652 felicitatis
1325 2595 1464 2652 inutiliter
1476 2595 1650 2667 diffundunt,
1662 2597 1724 2654 sine
1739 2597 1825 2656 dubio

145 2689 231 2763 dique
246 2689 405 2761 principem
422 2695 566 2760 superant,
583 2692 709 2746 terrenos
727 2689 817 2745 fastus
834 2695 863 2745 et
879 2690 959 2745 leno·
1008 2689 1087 2743 velut
1099 2705 1174 2760 aqua
1194 2688 1323 2745 defluens
1335 2688 1583 2747 irremediabiliter
1596 2693 1758 2749 transeunt.
1771 2691 1825 2748 atii

145 2782 221 2839 cinia
236 2783 330 2838 carnis
342 2783 520 2851 conculcant,
534 2799 566 2838 ac
584 2782 669 2839 veluti
686 2787 794 2838 stercus
812 2786 958 2855 reputant.
1008 2797 1086 2849 varo,
1102 2781 1152 2854 qui
1166 2779 1328 2838 heredibus
1347 2782 1405 2838 suis
1419 2783 1551 2855 ingentes
1571 2799 1656 2856 gazas
1675 2790 1785 2858 augent
1797 2792 1825 2841 et

145 2879 199 2933 Per
218 2877 290 2932 Loth
311 2874 473 2931 abarbmis
495 2875 525 2932 in
547 2875 739 2948 captivitatem
758 2875 885 2946 ductum,
907 2874 959 2930 sed
1008 2880 1163 2942 reservant,
1182 2875 1254 2946 proh
1269 2875 1367 2930 dolori
1388 2881 1577 2947 augmentum
1597 2876 1717 2933 malitias
1741 2878 1824 2935 mise

144 2970 232 3026 vivaci
250 2970 354 3025 virtute
371 2969 527 3042 spiritualis
544 2969 640 3041 patrui
658 2968 795 3025 nobiliter
814 2973 957 3041 ereptum,
1008 2968 1114 3041 sieque
1127 2967 1181 3024 sihi
1193 2969 1339 3025 multoties
1350 2969 1541 3038 accumulant,
1553 2974 1693 3041 natosque
1707 2987 1776 3052 snos
1788 2972 1824 3028 ad

143 3063 194 3135 qui
221 3065 326 3119 cinctus
350 3063 394 3117 vel
419 3063 564 3119 declinatio
592 3063 809 3134 interpretatur,
836 3061 959 3117 carnalis
1009 3062 1166 3118 multorum
1189 3061 1359 3119 detrimenta
1379 3062 1497 3119 solerter
1515 3063 1648 3119 educant.
1668 3064 1725 3137 lpsi
1747 3066 1825 3123 eninr

144 3156 258 3212 animus
278 3173 328 3212 seu
351 3155 478 3212 bestialis
502 3157 623 3228 populus
645 3154 830 3228 significatur,
852 3155 901 3228 qui
926 3155 957 3211 in
1006 3155 1089 3212 furtis
1114 3158 1143 3211 et
1171 3155 1388 3228 rapacitatibus,
1420 3156 1656 3231 multimodisque
1687 3158 1823 3231 nequitiis

143 3249 285 3320 Sodomis,
307 3250 338 3305 id
362 3255 405 3305 est
428 3249 642 3305 delectabilibus
666 3248 791 3320 flagitiis,
818 3249 956 3322 illaquea·
1007 3264 1188 3320 summopere
1200 3248 1370 3319 inserviunt,
1383 3248 1555 3322 meritoque,
1566 3249 1756 3324 malignitatis
1765 3268 1823 3308 sua

143 3347 207 3412 tur,
232 3348 261 3399 et
285 3359 361 3398 nexu
388 3342 496 3414 peccati
521 3343 647 3412 vinctus,
673 3358 690 3397 a
715 3342 772 3419 Deo
800 3342 956 3412 declinans,
1007 3341 1102 3415 dignis
1116 3342 1273 3399 ultionibus
1286 3342 1426 3412 mulctati,
1436 3342 1606 3414 depereunt.
1617 3342 1662 3400 Sic
1674 3359 1782 3419 nempe
1793 3344 1824 3401 tit

143 3437 306 3508 amalignis
320 3436 464 3508 spiritibus
478 3435 645 3508 captivatur.
657 3437 709 3491 Per
722 3435 813 3491 socios
824 3436 955 3505 abraha,
1006 3439 1040 3490 ut
1051 3451 1105 3491 nec
1117 3434 1197 3505 ecto,
1210 3451 1264 3491 nec
1281 3437 1356 3491 terra
1375 3434 1455 3507 digni
1469 3435 1647 3508 judicentur,
1663 3441 1693 3493 et
1711 3439 1822 3511 amplos

142 3530 191 3604 qni
206 3545 347 3602 pugnasse
362 3531 507 3602 leguntur,
522 3528 622 3584 ssdelea
635 3527 700 3584 laici
711 3529 777 3600 Jure
790 3528 955 3601 intelligun·
1006 3527 1130 3585 honoras
1146 3528 1254 3603 ingrati
1273 3543 1449 3585 successores
1467 3528 1670 3602 adipiscantur,
1690 3533 1720 3588 et
1739 3534 1821 3588 ants-

142 3629 200 3692 tur,
217 3624 266 3696 qui
275 3624 356 3696 jussu
369 3623 430 3695 ejus
443 3623 607 3694 portionem
622 3621 787 3679 exuviarum
797 3622 851 3679 sihi
861 3638 958 3694 snmp-
1006 3636 1142 3693 cessores,
1152 3621 1202 3694 qui
1211 3620 1306 3693 pravis
1316 3621 1478 3677 heredibus
1490 3621 1595 3679 nimias
1605 3637 1676 3697 opes
1689 3640 1822 3697 procura·

142 3717 398 3773 sissereferuntnr.
414 3716 460 3772 Sic
478 3715 600 3772 enimin
619 3716 693 3772 libro
709 3715 848 3772 Geneseos
868 3716 956 3788 scrip·
1006 3714 1109 3784 verint,
1122 3731 1140 3771 a
1153 3714 1251 3770 multis
1263 3714 1482 3772 maledicantur.

141 3815 203 3867 tum
228 3814 271 3865 est
292 3828 300 3867 r
325 3812 400 3866 Dicit
413 3826 463 3866 rea
478 3810 653 3868 Sodomomm
673 3809 711 3864 aa
727 3809 867 3865 Abraham
886 3827 895 3863 z
914 3808 956 3864 Da
1040 3806 1152 3863 Prosidi
1164 3807 1298 3880 sophista
1312 3807 1348 3863 da
1360 3824 1527 3865 mammona
1542 3808 1704 3882 iniquitatis
1715 3810 1822 3869 amicos

141 3904 209 3960 mibi
223 3905 342 3972 arrimas3
355 3908 453 3958 catera
465 3903 528 3958 totta
540 3903 601 3958 tibi.
618 3901 669 3969 Qui
682 3901 820 3971 respondit
835 3903 860 3956 ci
873 3917 881 3952 ε
894 3904 956 3960 Noa
1005 3899 1060 3956 sibi
1072 3900 1190 3969 iaciunt,
1204 3901 1264 3973 qui,
1278 3899 1348 3957 dum
1363 3901 1486 3957 carnalia
1504 3917 1606 3958 eorum
1619 3902 1657 3959 ad
1670 3905 1821 3976 presentis

140 3999 272 4066 accipiam
285 3995 617 4066 qiiutqacmecomm'bas
630 3998 750 4064 quatuo
766 3999 840 4060 siant,
858 4008 954 4065 cacep-
1004 3994 1071 4049 vitae
1095 3993 1331 4050 sustentationem
1361 3995 1538 4067 percipiunt,
1567 3995 1678 4052 meritis
1703 4000 1734 4052 at
1760 4014 1823 4054 ora·

143 4091 178 4143 tis
192 4089 232 4144 lu's
244 4103 304 4158 qua
318 4088 489 4144 comederunt
503 4089 627 4157 jurasses,
645 4092 670 4141 et
684 4087 814 4158 partibas
834 4089 956 4142 rumam
1004 4085 1128 4142 tionibus
1139 4086 1298 4160 spiritualia
1314 4087 1545 4144 benefactoribus
1556 4087 1614 4145 suis
1630 4088 1661 4144 in
1679 4093 1822 4147 aeternum

140 4184 189 4252 qai
209 4186 339 4236 veneant
354 4195 472 4236 mecum:
494 4182 579 4243 Acer,
599 4181 685 4244 liscol,
705 4185 730 4236 et
751 4181 888 4246 Mambre;
909 4181 956 4235 isti
1004 4180 1174 4251 rependant.
1185 4180 1348 4251 bajocensis
1358 4179 1682 4253 Ebruliussummopere
1691 4182 1749 4239 sihi
1760 4200 1822 4256 per

141 4275 277 4345 accipiant
291 4281 385 4345 partes
406 4286 468 4331 suas
483 4276 493 4329 t
506 4275 595 4346 idea..
620 4289 674 4340 riv,
696 4274 800 4344 utut.)
822 4272 954 4344 Plerique
1005 4272 1121 4346 quisirit
1134 4272 1277 4329 debitores
1290 4272 1488 4346 hujuscemodi
1494 4291 1503 4344 3
1520 4273 1556 4330 de
1569 4274 1649 4346 cujus
1660 4275 1723 4348 jam
1736 4277 1821 4334 rebus

138 4367 276 4423 laicorum
292 4366 450 4422 mansuetis
469 4369 498 4423 et
517 4365 649 4422 modestis
666 4365 793 4422 moribus
810 4366 953 4421 adoman·
1004 4366 1035 4422 in
1048 4367 1181 4439 praesenti
1196 4368 1332 4438 opusculo
1342 4367 1464 4439 plurima
1475 4368 1570 4424 retuli.
1581 4369 1695 4426 amodo
1709 4370 1745 4426 de
1759 4370 1821 4444 ipso

138 4466 196 4532 tur,
212 4461 267 4517 tide
280 4466 307 4518 et
321 4461 396 4517 bona
412 4462 553 4517 voluntate
568 4460 700 4532 periectis
713 4459 814 4516 Christi
833 4458 992 4540 bullato-1)
1003 4464 1085 4531 patre
1108 4458 1214 4530 ordiar,
1232 4464 1261 4515 et
1280 4459 1342 4531 eq'us
1363 4464 1451 4533 gesta,
1473 4459 1547 4517 sicut
1559 4477 1577 4516 a
1590 4462 1691 4533 priscis
1713 4465 1819 4539 scripto

137 4555 216 4611 ribus
229 4554 545 4628 adjunguntur,eisque
557 4554 587 4637 in
598 4554 743 4609 daemones
754 4553 952 4625 viriliterpng-
1003 4569 1053 4608 seu
1069 4552 1206 4609 relatione
1228 4553 1388 4623 traduntur,
1406 4553 1532 4610 breviter
1551 4570 1719 4628 prosequar,
1740 4561 1770 4614 et
1783 4558 1821 4613 vi·

138 4648 271 4705 nantibus
286 4648 450 4722 benigniter
466 4648 708 4719 congratulantur.
725 4645 834 4719 Fragile
855 4652 952 4702 tamen
1001 4647 1132 4719 tamajus
1146 4646 1554 4720 adreiectionemlegentium
1569 4647 1617 4704 hic
1632 4649 1673 4705 ita
1690 4649 1819 4708 inserere

136 4743 272 4799 saeculum
283 4759 340 4798 non
350 4742 523 4815 relinquunt,
535 4740 653 4798 omniuo
665 4739 808 4796 mundana
817 4739 951 4795 deserere
1002 4740 1087 4796 nitar.

135 4836 248 4903 nolunt,
268 4837 317 4892 sed
329 4835 414 4908 legali
430 4833 564 4907 conjugio
581 4833 755 4903 deserviunt,
772 4833 844 4905 legis
856 4836 948 4887 traus—
1037 4832 1210 4890 Venerahilis
1224 4832 1314 4907 igitur
1329 4836 1411 4891 Pater
1426 4833 1567 4905 Ehrultus,
1584 4834 1745 4893 admodum
1764 4855 1817 4896 no·

136 4929 330 5002 gressionibus
340 4930 430 4985 baum
441 4928 471 4984 in
485 4927 583 4983 multis
595 4927 751 4995 offendunt,
763 4926 950 4998 eleemosynis
999 4926 1050 4983 bili
1069 4932 1147 4982 ortus
1164 4926 1306 4999 prosapia,
1326 4926 1498 5000 Bajocasinae
1517 4927 1596 4983 urhis
1615 4929 1757 4987 oriundus
1771 4948 1817 4989 ex-

134 5028 232 5078 tamen
252 5026 366 5094 peccata
386 5038 445 5091 sua,
467 5021 624 5078 secundum
645 5020 766 5076 Danielis
788 5019 948 5088 consilium,
1000 5020 1081 5077 stitit.
1096 5021 1187 5086 ouem
1201 5024 1344 5093 parentes,
1359 5020 1448 5076 nimia
1460 5021 1613 5078 educantes
1625 5038 1705 5092 cura,
1721 5026 1819 5083 cauo

134 5115 290 5171 redimunt.
314 5115 363 5171 lati
384 5115 522 5172 nimirum
542 5119 638 5187 partas
661 5129 724 5169 suas
745 5113 781 5168 de
804 5113 949 5168 manubiis
998 5113 1062 5169 hoe
1078 5111 1145 5169 fidei
1160 5113 1328 5187 magisterio
1348 5113 1540 5170 tradiderunt.
1555 5114 1609 5181 oui
1623 5114 1698 5172 mira
1711 5119 1816 5175 veloci·

133 5208 258 5265 hostium
276 5208 430 5280 accipiunt,
449 5209 519 5265 dum
532 5207 568 5264 de
585 5206 707 5262 terrenis
723 5204 948 5278 possessionibus
997 5211 1055 5264 tate
1070 5204 1168 5263 divina
1181 5211 1210 5262 et
1223 5206 1351 5263 humana
1364 5206 1518 5280 diligenter
1528 5222 1699 5280 percurrens
1711 5211 1817 5281 studia,

133 5302 190 5360 Deo
205 5301 389 5360 servientium
408 5301 581 5358 monasteria
599 5303 776 5370 construunt,
795 5300 826 5355 et
841 5297 877 5354 de
892 5298 946 5354 ini·
998 5299 1087 5356 etiam
1099 5300 1193 5357 adhuc
1212 5316 1284 5373 puer
1303 5300 1379 5374 ipsos
1400 5300 1552 5374 magistros
1573 5300 1678 5359 dicitur
1691 5319 1816 5376 praeces·

131 5412 188 5470 quo
198 5412 365 5453 mammona
375 5410 534 5469 pauperum
543 5392 761 5450 atinllrmorum
768 5390 948 5449 xenodochia
997 5392 1066 5451 sisse
1082 5393 1220 5451 doctrina.
1236 5392 1362 5452 Coelestis
1379 5393 1458 5451 enim
1476 5392 1577 5466 gratia,
1594 5410 1661 5469 qum
1674 5395 1731 5453 sibi
1748 5413 1818 5455 eum

131 5489 178 5563 pie
200 5491 393 5560 constituunt,
416 5491 446 5545 et
466 5487 502 5543 de
523 5485 686 5543 substantiis
711 5485 768 5541 suis
788 5484 947 5541 oratoribus
996 5485 1143 5560 religionis
1152 5486 1300 5544 doctorum
1309 5486 1440 5545 futurum
1449 5487 1817 5560 praeviderat,inomnibus

131 5583 193 5642 coli
211 5584 316 5641 victum
337 5587 368 5640 et
386 5581 520 5639 vestitum
540 5578 702 5652 porrigunt.
717 5581 804 5635 Porro
827 5594 877 5635 rex
896 5578 947 5635 So·
995 5578 1188 5637 efficacissime
1201 5579 1322 5638 docilem
1335 5579 1510 5639 reddiderat.
1524 5580 1622 5654 Neque
1641 5581 1817 5643 aninsolen·

131 5678 295 5746 domomm,
307 5674 496 5748 triumphanti
504 5672 648 5730 ahraham
655 5673 785 5745 adulans,
796 5672 945 5730 diabolum
1001 5673 1042 5731 tia
1054 5677 1087 5732 ut
1096 5688 1160 5731 mos
1169 5677 1212 5732 est
1222 5673 1308 5747 hujus
1320 5674 1421 5745 atatis,
1431 5673 1553 5747 superbe
1563 5672 1673 5749 aliquid
1684 5675 1811 5751 agendo,

115 5772 234 5844 agraet,
252 5770 304 5845 qm·
329 5769 408 5827 aruc
423 5766 533 5829 artibus
549 5765 669 5827 nomudi
687 5770 799 5829 abactor
817 5765 944 5847 quotidie
993 5769 1083 5829 truite
1096 5766 1202 5829 indolis
1217 5766 1390 5847 dignatam
1401 5765 1556 5851 inficiebat·
1571 5766 1658 5845 Vultu
1670 5766 1815 5851 maican
