3750 6046
27 122 31 127 '
87 115 156 172 1399
800 114 935 170 nontam
956 116 988 168 tv
1009 116 1102 172 PAPAE
1722 112 1782 167 titt

86 241 263 296 utemuibus
276 240 433 295 secundum
448 241 537 295 Deum
549 245 578 295 et
593 241 623 294 Β.
639 238 783 295 Benedicti
801 239 897 310 Regu·
909 240 993 322 Auis
1011 258 1039 295 m
1063 241 1200 296 Pctmiolo
1218 257 1284 296 cum
1308 238 1493 312 pertinentiis
1511 239 1585 294 suis.
1615 236 1700 293 Nulli
1719 252 1783 308 ergo

23 325 28 337 ⁸
86 335 143 390 lam
169 338 199 388 et
221 334 454 388 cousuetudinem
480 333 738 388 camaldulensium
761 333 898 387 studeatis
952 336 1070 390 ommno
1092 336 1241 390 bominum
1260 336 1302 389 las
1322 336 1357 388 sit
1388 335 1473 404 hujus
1499 338 1617 388 uostrae
1642 328 1783 385 constitu·

88 429 235 483 humiliter
249 427 377 495 obedire,
396 427 508 498 quodsi
522 426 595 480 iufra
616 427 698 481 utrius
719 425 826 480 utensis
841 442 900 496 spa·
953 430 1037 483 tionis
1047 434 1074 483 ct
1088 427 1310 484 corilirmatieuis
1327 427 1462 499 paginam
1476 425 1648 482 temerario
1662 441 1735 477 arrsu
1749 423 1785 478 iu·

87 521 160 576 tium
185 520 333 575 uoliteritis
366 520 535 591 adimplere,
566 537 598 574 ex
628 522 695 574 tunc
720 519 830 574 vinculo
855 535 902 572 ros
954 522 1077 587 fringere
1090 540 1137 576 scu
1151 521 1323 592 quibuslibet
1337 521 1473 576 molestiis
1486 519 1682 591 perturbare.

89 614 280 669 anathematis
295 614 432 669 noveritis
447 614 606 668 innodatos.
989 617 1092 688 siquis
1105 617 1192 687 igitur
1206 616 1234 670 id
1248 619 1390 669 attentare
1401 613 1642 685 praesumpserit,
1660 611 1786 665 secundo

124 708 227 762 Daisun
256 708 363 776 Roma,
393 707 468 779 apud
494 707 631 763 Sanctum
656 708 783 773 Petrum,
808 706 904 761 ldibus
954 711 1071 766 tertiove
1100 710 1304 769 cornmouitus.
1333 709 1386 763 nisi
1411 706 1684 780 praesumptionem
1709 720 1786 759 suam

88 801 189 858 ttartti.
955 805 1042 875 digna
1054 804 1246 858 satisfactione
1261 802 1429 870 correxerit,
1448 801 1570 856 honoris
1585 803 1620 854 et
1643 798 1734 853 officii
1749 798 1786 852 sui

447 913 554 967 xxvm,
956 899 1115 970 periculum
1139 898 1272 969 patiatur,
1296 903 1346 950 aut
1372 893 1786 964 excommunicationispoeue

957 993 1119 1047 muletetur.
1135 994 1237 1058 rtmen,
1252 1007 1346 1058 emen,
1361 1005 1455 1043 amen.

994 1088 1051 1154 Ego
1066 1085 1208 1139 Adrianus
1221 1085 1369 1139 catholica
1383 1082 1516 1137 Ecclesiae
1533 1082 1713 1151 episcopus.

995 1181 1053 1250 Ego
1065 1181 1174 1233 imarus
1186 1177 1364 1232 Tusculanus
1377 1176 1538 1248 episcopus.

995 1275 1052 1343 Ego
1066 1272 1209 1326 llubaldos
1221 1269 1315 1342 presb.
1330 1270 1406 1325 card.
1427 1272 1537 1325 Sauctae
1552 1267 1710 1324 Praxedis.

93 1035 372 1092 Ecclesiasticus
391 1034 513 1088 deltano
535 1033 670 1087 ecclesiam
689 1032 718 1086 S.
739 1034 906 1086 Potentiona

269 1113 435 1183 (Romanam)
456 1113 604 1180 rependam
624 1113 720 1167 tradit.

229 1224 349 1293 (Roma,
366 1240 412 1294 ap.
432 1223 460 1278 S.
481 1225 607 1290 Petrum,
624 1224 702 1277 llart.
728 1224 781 1292 ll.)

128 1369 263 1420 maranus
279 1362 439 1434 episcopus,
455 1378 551 1416 servus
561 1377 708 1416 servorum
729 1361 787 1426 Dei,
804 1360 907 1414 dilecto
993 1368 1052 1435 Ege
1068 1364 1226 1421 Merrfredus
1239 1364 1332 1435 presb.
1346 1364 1422 1418 card.
1435 1363 1601 1419 tit.Saactae
1618 1361 1745 1417 Sabinae.

95 1458 153 1513 titio
166 1459 281 1513 Gerousa
297 1457 382 1528 priori
396 1455 522 1510 eeclesiae
538 1455 649 1510 Sanctae
670 1454 763 1509 Mariae
777 1455 811 1508 de
830 1455 908 1508 llcno
994 1461 1053 1529 Ego
1066 1460 1211 1513 aribertus
1226 1458 1321 1529 presb.
1335 1456 1413 1511 card.
1429 1456 1472 1511 tit.
1488 1459 1516 1512 S.
1533 1456 1712 1510 anastasia.

95 1552 212 1622 ejusque
232 1551 366 1606 fratribus
390 1556 448 1604 tam
470 1549 657 1620 praesentibus
685 1563 773 1618 quam
802 1547 907 1601 futuris
996 1557 1054 1625 Ego
1068 1553 1158 1607 tulius
1171 1552 1262 1623 presb.
1280 1551 1358 1606 eard,
1375 1551 1418 1604 tit.
1433 1554 1460 1607 s.
1476 1549 1619 1604 Marcelli.

95 1645 231 1700 canonice
247 1643 416 1709 viventibus,
433 1643 462 1697 in
477 1648 659 1714 perpetuum.
920 1614 948 1685 B
997 1646 1210 1717 Egollubaldus
1224 1645 1316 1717 presb.
1342 1644 1420 1699 card.
1443 1642 1486 1699 tit.
1515 1647 1544 1698 S.
1568 1642 1675 1700 Crucis
1695 1642 1723 1696 iu
1745 1644 1782 1696 lc·

130 1741 219 1794 Decor
233 1737 334 1792 domus
347 1735 462 1791 Domini
479 1734 641 1806 diligendos
655 1739 696 1788 est
712 1739 741 1788 et
760 1734 836 1787 locus
857 1734 909 1787 ha·
961 1742 1094 1797 ruralem,

95 1831 240 1887 bitatiouis
255 1830 352 1901 gloriae
368 1830 429 1900 ejus
443 1834 549 1884 attenta
570 1828 717 1897 diligentia
729 1831 758 1883 et
777 1842 909 1882 reveren·
998 1838 1056 1905 Ege
1070 1834 1200 1890 reteldus
1216 1831 1310 1905 presb,
1329 1833 1405 1887 eard,
1416 1832 1460 1886 tit.
1476 1832 1590 1887 Sanctae
1610 1831 1728 1885 Priscae.

96 1924 136 1979 lia
149 1924 342 1979 honorandus·
999 1932 1057 1999 Ego
1074 1928 1165 1984 Guido
1179 1925 1276 1998 presb.
1293 1925 1369 1981 card.
1384 1925 1519 1979 Pastoris.

132 2017 260 2072 Ecclesiae
277 2032 400 2087 namque
415 2016 463 2071 Dei
478 2031 542 2085 qnae
556 2032 613 2068 non
632 2014 693 2068 sine
711 2014 802 2068 multo
817 2014 913 2068 dolore
1000 2025 1056 2094 Ege
1072 2021 1213 2078 Gerrrdus
1234 2018 1329 2091 presb.
1357 2018 1434 2073 eard.
1457 2019 1492 2073 tit
1519 2018 1623 2075 sancti
1652 2018 1783 2089 Stephani

96 2115 126 2167 et
140 2111 236 2166 labore
249 2110 446 2181 peregrinatur
459 2111 487 2163 iu
504 2110 586 2163 terris
605 2125 657 2180 pro
681 2109 758 2162 illius
773 2125 870 2162 amore
886 2113 914 2162 el
963 2118 993 2171 in
1007 2116 1096 2173 Coelio
1109 2117 1211 2170 ltlonte.

97 2204 238 2259 desiderio
253 2220 316 2275 quae
340 2203 482 2274 perpetuis
497 2208 524 2257 et
546 2203 714 2256 inconcessis
741 2202 911 2273 gaudiorum
1002 2212 1059 2280 Ege
1076 2212 1201 2265 sorenes
1223 2208 1318 2278 presb.
1339 2206 1413 2260 eard.
1433 2209 1610 2261 Sanctorum
1632 2206 1785 2260 loanniset

97 2297 221 2367 praemiis
235 2298 346 2352 fruetur
366 2297 396 2350 iu
423 2296 499 2350 coelis
521 2295 666 2366 religiosas
690 2311 827 2367 personas
850 2310 914 2364 quae
966 2294 1043 2361 parili
1057 2304 1098 2358 ιῑι,
1115 2301 1267 2356 lamachii.

96 2390 249 2446 famulatui
271 2389 431 2446 conditoris
447 2389 535 2443 nestri
554 2390 723 2460 mancipatae
743 2394 809 2442 sum
822 2394 915 2442 atteu·
1003 2401 1059 2469 ssgo
1073 2399 1192 2451 jeannes
1215 2394 1309 2464 presb,
1332 2393 1407 2447 eard,
1434 2393 1476 2446 ιη,
1498 2394 1678 2447 superorum
1696 2395 1784 2464 ,sq-150.

99 2484 154 2539 tius
166 2487 312 2538 reveretur
326 2485 355 2536 el
368 2482 470 2553 diligit.
498 2483 551 2535 Nos
566 2498 681 2552 quoque
696 2481 798 2552 quibus
811 2498 828 2534 a
850 2497 914 2550 pro·
967 2492 1015 2546 stri
1030 2498 1058 2544 er
1070 2488 1191 2544 Martini.

98 2576 487 2632 visoreomuiumbouorum
500 2576 619 2630 llorniuo
639 2575 913 2629 universalisllecle·
1004 2587 1062 2655 Ege
1090 2582 1256 2652 Rodulplrus
1280 2581 1414 2635 diaconus
1437 2579 1515 2633 card.
1545 2580 1665 2635 Sanctae
1701 2582 1785 2635 Lucia

99 2673 147 2727 siae
162 2688 238 2737 carra,
261 2671 322 2742 ipso
342 2670 525 2740 disponente,
549 2669 701 2722 commisse
720 2674 772 2735 est,
786 2668 919 2737 benepla-
968 2679 1095 2749 jngepre
1111 2676 1193 2732 setis,

100 2770 210 2821 centem
224 2766 280 2820 llco
296 2762 466 2833 religionem
482 2779 533 2832 pro
555 2762 644 2817 nostri
658 2762 741 2816 oflicii
757 2761 854 2815 debito
870 2761 911 2815 la·
1005 2775 1064 2843 Ege
1088 2772 1212 2826 serenes
1237 2767 1309 2821 diac.
1335 2766 1411 2821 eard.
1445 2769 1621 2822 Sanctorum
1650 2768 1745 2838 Sergii
1766 2773 1789 2822 et

100 2860 233 2914 boraurus
260 2861 388 2911 statuere
415 2860 444 2910 et
467 2855 621 2910 stabilitam
647 2859 744 2909 exacta
771 2854 917 2925 diligentia
971 2866 1082 2921 Bacchi.

103 2967 279 3008 corrserrare.
295 2949 413 3004 ldaxime
429 2949 458 3002 iu
474 2949 544 3002 urbe
559 2951 646 3003 llome
658 2949 686 3001 iu
702 2965 759 3018 qna
773 2948 845 3000 sicut
863 2964 953 3052 arr-C
1003 2963 1059 3032 Ego
1081 2956 1214 3013 fiir-ardue
1236 2955 1308 3009 diae,
1332 2955 1409 3010 eard,
1435 2959 1544 3009 srnetae
1567 2955 1669 3009 narie„
1688 2957 1718 3010 in
1742 2956 1784 3008 vr,

103 3045 222 3116 tiquilus
240 3047 326 3112 caput
351 3041 436 3095 totius
458 3041 564 3096 erroris
589 3042 690 3107 laterai,
715 3040 755 3094 ita
776 3040 913 3093 rriruirum
968 3057 1045 3110 Lara,

103 3135 316 3193 christianitatis
337 3141 463 3205 tempore
488 3134 606 3204 dignum
628 3138 671 3188 est
692 3138 723 3186 ut
742 3133 813 3187 inca
828 3134 913 3186 totius
1004 3150 1062 3217 Ego
1077 3146 1136 3200 0d0
1152 3144 1223 3199 diac,
1248 3142 1325 3197 eard,
1347 3143 1375 3197 s,
1403 3141 1507 3196 nicol-,ri
1531 3143 1561 3196 jn
1582 3144 1712 3197 gamm
1739 3142 1792 3196 qur.

103 3229 258 3285 sanctitatis
273 3229 370 3282 lumen
393 3227 537 3296 effulgeat.
566 3227 652 3298 liujus
679 3228 776 3297 itaque
804 3226 919 3280 rationis
969 3243 1055 3296 liano,

104 3323 202 3379 debili)
219 3321 372 3393 pl'Ovocail,
399 3321 557 3375 charissimi
589 3321 638 3374 filli
662 3319 753 3374 11081,Γί
782 3318 920 3376 Guidottis
1005 3337 1107 3390 nalum
1123 3333 1231 3387 Romae·
1246 3329 1322 3401 apud
1343 3331 1371 3384 S,
1389 3330 1515 3396 Pelpum,
1537 3346 1591 3399 per
1614 3345 1740 3384 mgnum
1759 3332 1795 3385 Rq

104 3415 262 3489 presbyteri
286 3414 436 3469 cardinalis
461 3414 534 3468 tituli
564 3414 687 3468 Pastoris
719 3413 848 3485 precibus
869 3429 918 3466 au·
971 3429 1057 3494 pandi,
1085 3432 1190 3479 ,Ἥρω
1211 3424 1346 3478 nomene
1373 3422 1501 3476 Eeeleeiae
1532 3423 1632 3492 presb,
1663 3423 1744 3478 rard,
1771 3428 1797 3477 er

106 3512 388 3569 ssuesslffissclffilaffl
413 3513 503 3582 ipsam
524 3516 626 3565 fflssclffl
655 3511 827 3566 P⁰le¹¹¹i²¹1¹ae
856 3526 922 3563 ⁰⁰¹¹·
971 3520 1089 3577 cancell.
1106 3534 1151 3572 xri
1172 3517 1291 3571 Kalend.
1311 3516 1422 3586 aprilis,
1441 3515 1540 3569 indict.
1561 3532 1605 3580 ιιι,
1631 3518 1798 3571 incarnatio

105 3607 304 3662 siliolratrum
325 3608 489 3660 nostrorum
511 3605 561 3658 libi
588 3606 699 3676 tuisque
714 3602 922 3658 successoribus
972 3616 1015 3671 ηις
1032 3611 1185 3667 rtomrrriree
1206 3626 1282 3664 erne
1308 3611 1384 3674 ¹154,
1400 3608 1585 3682 pontificatus
1607 3626 1680 3665 rere
1705 3609 1799 3665 deurni

108 3698 297 3756 ordinandam
318 3698 534 3769 regendamque
559 3700 722 3768 apostolicae
736 3697 811 3751 sedis
825 3698 921 3751 aiteio·
973 3706 1087 3763 Adriani
1099 3720 1178 3776 prpae
1195 3704 1315 3757 tvenne
1332 3720 1348 3757 r,

107 3794 190 3849 ritate
209 3792 430 3847 committimus:
452 3798 607 3846 statuentes
626 3796 657 3845 ut
680 3791 749 3846 ordo
769 3789 923 3845 canonicus
1331 3797 1418 3851 xxlx,

11 3956 14 3963 Ι
107 3888 343 3956 incepertos,
368 3885 925 3955 0203110101'0,cottslilflalubeljuxla
978 3893 1210 3952 Wibcldoobbalt'
1233 3892 1388 3945 Stabuleusi
1413 3890 1641 3946 cemtaetenses
1664 3893 1797 3948 Boradio-

108 3979 315 4033 iustitutiouem
331 3982 359 4032 et
382 3977 592 4031 observantiam
611 3978 728 4047 Regula
739 3978 844 4047 ,vestra
859 3993 923 4047 per·
1094 3988 1185 4041 petraea
1194 3979 1219 4026 el
1232 3976 1260 4027 S.
1272 3974 1350 4026 Petro
1363 3972 1395 4024 dc
1410 3972 1479 4025 llote
1492 3972 1682 4026 comanendnt.

109 4072 204 4142 peluis
225 4072 331 4126 ibidem
353 4070 530 4140 temporibus
552 4070 753 4124 inviolabiliter
774 4086 924 4124 conserve·
1120 4066 1237 4136 (Romae,
1253 4082 1299 4135 ap.
1317 4064 1345 4118 S.
1364 4063 1580 4130 retruserunt.
1602 4066 1660 4136 tu.)

71 4222 74 4227 ,
110 4172 167 4222 tur.
198 4167 239 4221 nd
266 4167 320 4222 lieo
345 4166 530 4222 medictatem
556 4168 683 4221 omnium
713 4168 925 4238 possessionum
1121 4156 1659 4231 [MtfllttteAmltl·0⁰lltcl··1¹‚589·l

113 4278 182 4332 quas
205 4261 339 4332 praedicta
361 4260 480 4315 ecclesia
502 4261 752 4332 inpresentiarum
775 4261 927 4323 rationabi·
1014 4267 1152 4317 Arauros
1165 4261 1324 4331 episcopus,
1339 4275 1435 4312 servus
1449 4274 1598 4312 serrorum
1622 4261 1687 4327 Dei,
1704 4262 1803 4316 dilecto

111 4356 178 4410 liter
201 4353 327 4425 possidet
347 4370 412 4408 cum
432 4353 585 4409 medietate
605 4355 751 4408 vincarum
771 4361 798 4407 et
819 4346 1036 4425 pensio-Dillio
1066 4353 1228 4409 Stabuleusi
1256 4352 1362 4418 abbati,
1394 4351 1516 4405 salutem
1548 4358 1577 4406 et
1616 4353 1804 4425 apostolicam

111 4466 182 4503 num
194 4449 229 4503 ad
244 4448 374 4503 eamdem
386 4448 531 4502 ecelesiam
551 4448 756 4518 pertinentium
769 4448 850 4517 juxta
871 4447 927 4501 dis·
979 4448 1220 4503 benedictionem.
1277 4466 1280 4470 “

112 4543 284 4614 positionem
311 4541 440 4611 praedicti
465 4541 514 4595 tilii
542 4541 632 4595 nostri
657 4541 793 4597 Gnidouis
818 4541 930 4611 presby·
1015 4542 1090 4596 licet
1109 4540 1237 4594 omnium
1258 4538 1445 4593 Ecclesiarum
1466 4537 1688 4595 nobiscuraet
1704 4542 1805 4597 sollici-

110 4636 167 4691 tori
182 4634 333 4689 cardinalis
351 4635 497 4688 corrouicis
515 4633 615 4687 vestris
637 4634 665 4687 iu
690 4633 790 4688 eadem
815 4634 930 4688 ecclesia
979 4635 1047 4689 tudo
1072 4633 1233 4693 immineat,
1255 4631 1318 4686 licet
1351 4648 1400 4685 eas
1426 4630 1581 4685 debeamus
1603 4634 1807 4689 universaliter

111 4727 353 4783 commorantibus
380 4728 591 4781 confirmamus.
613 4726 747 4791 Quandiu
778 4728 930 4782 callenicus
981 4727 1147 4792 defendere,
1159 4726 1292 4797 religiosa
1307 4729 1402 4779 marren
1422 4725 1479 4778 loca
1495 4741 1546 4778 uos
1560 4728 1807 4783 corrrenitattcu·

112 4822 180 4877 erdo
196 4821 277 4892 juxta
293 4821 369 4875 Beati
381 4821 532 4890 Augustini
557 4821 696 4891 ltegnlam
719 4820 749 4873 in
771 4820 834 4875 loco
857 4821 929 4891 ipso,
981 4822 1036 4876 tius
1056 4820 1218 4886 confovere,
1235 4826 1263 4873 et
1281 4819 1407 4889 gratiora
1431 4818 1470 4871 eis
1486 4817 1630 4872 exhibere
1653 4821 1807 4893 obsequia,

114 4914 234 4970 Doruino
256 4920 421 4985 praestante,
448 4914 579 4985 viguerit,
602 4914 630 4968 in
646 4913 743 4966 usibus
765 4919 792 4967 et
814 4912 933 4984 disposi-
981 4914 1029 4986 qui
1047 4913 1164 4985 propria
1180 4912 1386 4983 relinquentes,
1414 4911 1441 4964 in
1468 4911 1554 4966 domo
1573 4911 1694 4969 llomiui
1714 4916 1809 4986 elege-

112 5008 191 5063 tioue
211 5009 332 5062 fratrum
350 5007 457 5061 ibidem
483 5007 600 5062 llorniuo
625 5007 807 5062 servientium
832 5007 930 5062 statui-
982 5013 1049 5062 rrrut
1061 5007 1162 5077 abjecti
1177 5010 1206 5060 et
1218 5005 1403 5076 despicabiles
1418 5020 1581 5071 reureuere,
1599 5008 1699 5079 magis
1724 5025 1809 5080 quam

113 5115 178 5154 utus
203 5116 383 5171 permanere.
403 5100 434 5156 lu
456 5100 560 5170 quibus
581 5099 719 5154 nimirum
748 5099 931 5170 possessioni·
983 5100 1111 5155 babitare
1125 5100 1154 5154 in
1167 5099 1358 5154 tabernaculis
1372 5102 1563 5170 pcccatorum.
1589 5100 1811 5174 {aepiscopatu

113 5192 166 5247 bus
188 5193 239 5247 bas
270 5192 392 5264 propriis
424 5193 603 5250 decrevimus
625 5192 766 5247 vocabulis
791 5192 932 5248 aduotau·
982 5193 1123 5265 siquidem
1138 5193 1257 5249 aretino
1275 5192 1408 5262 quaedam
1424 5190 1675 5249 monesteriaesse
1692 5211 1812 5251 noscun-

116 5283 178 5340 des.
983 5292 1040 5343 tur.
1065 5285 1306 5357 berardingorum
1330 5285 1462 5340 videlieet
1481 5288 1509 5339 et
1539 5284 1638 5341 Sancti
1668 5288 1750 5345 Petri
1778 5289 1813 5345 de

149 5378 182 5431 ln
194 5376 306 5434 Meroua
323 5383 381 5436 tres
400 5379 523 5451 pedicas,
544 5382 677 5436 l‘averalo
693 5382 751 5435 tres
767 5380 882 5451 pedicas
905 5386 935 5436 et
984 5383 1066 5449 llota,
1081 5380 1111 5434 in
1127 5379 1230 5452 quibus
1243 5377 1368 5451 religiosi
1389 5378 1440 5433 riri
1456 5378 1559 5434 fratres
1570 5378 1813 5439 Cemaldulenses

115 5473 174 5526 tres
186 5469 307 5541 petiolas
324 5488 331 5526 :
351 5473 464 5529 saloim
480 5489 569 5528 nuum
590 5473 719 5547 pedicam
740 5473 777 5528 ad
798 5476 934 5529 Sanctum
984 5473 1097 5530 assidue
1119 5471 1234 5527 student
1258 5471 1379 5527 llomiuo
1402 5470 1560 5539 deservire,
1580 5471 1644 5545 qui,
1663 5472 1738 5531 licet
1756 5477 1814 5531 sint

114 5561 268 5620 Genesium
294 5580 381 5621 unam
402 5567 530 5638 pedicam
557 5573 585 5623 et
607 5583 657 5624 vm
671 5567 933 5640 potiesviuearum,
984 5567 1071 5622 rebus
1089 5565 1297 5638 temporalibus
1314 5581 1463 5637 pauperes,
1477 5564 1614 5623 thesauro
1635 5568 1743 5625 temen
1766 5570 1811 5627 in·

111 5672 139 5716 u
153 5656 251 5716 bostra
262 5656 336 5716 circe
349 5659 499 5719 ecclesiam
513 5677 520 5733 ;
540 5667 569 5720 et
583 5660 732 5720 eceteram
744 5662 839 5721 sancti
852 5663 936 5721 loan-
985 5660 1130 5723 delicieuti
1147 5659 1304 5737 locupletes
1327 5674 1389 5717 esse
1406 5657 1572 5717 creduntur.
1585 5660 1644 5719 Pro
1657 5660 1732 5739 ipsis
1756 5662 1811 5721 ite·
