3750 6046
1808 50 1816 109 i

92 178 141 236 rev
787 184 947 242 onnamuv
965 184 1097 243 virens
1717 190 1769 251 rus
1814 172 1816 177 ’

90 302 235 374 comitem,
248 302 284 360 ad
299 303 409 362 curiam
423 322 506 363 suam
527 305 635 377 aseivit,
651 311 680 364 et
701 324 752 365 rev
766 313 860 366 matus
873 307 1033 395 inAlleret
1052 308 1187 383 impetus,
1208 308 1328 367 reddere
1351 308 1543 370 munitionem
1561 311 1656 386 parati
1677 320 1769 374 erant.

89 395 236 455 factiosae
257 399 339 455 dictis
353 407 453 458 contra
468 418 498 458 se
519 402 562 457 val
582 402 703 458 tratrem
726 419 822 471 suum,
838 404 906 459 Nor·
953 403 1016 459 Non
1030 403 1109 460 enim
1121 420 1183 461 sese
1200 403 1260 461 siue
1284 404 1418 463 violentia
1437 406 1545 465 dedere
1563 406 1768 481 dignabantur,

89 490 216 547 mannia
237 492 350 564 ducem,
365 495 527 551 commissos
548 494 663 567 ubjecit,
684 500 713 551 et
729 495 764 552 de
785 496 905 568 singulis
954 513 991 554 ne
1005 497 1128 555 malefidi
1142 498 1770 576 desertoresmeritojudicarenterr.8sdqnis

48 600 52 613 ¹
91 600 160 641 eum
176 586 270 659 palam
292 590 464 661 respondere
481 588 627 662 pracepit.
651 589 809 662 Diligenter
825 590 905 647 enim
954 590 1010 647 dur
1030 592 1113 649 deses
1136 596 1165 649 et
1179 592 1274 649 mollis
1295 597 1366 663 erat,
1392 610 1425 650 ac
1444 594 1598 669 principali
1621 594 1769 655 ”verinis

91 694 159 734 eum
170 678 276 737 iecerat
289 698 340 754 per
355 700 444 738 unum
457 699 565 745 annum
580 683 733 755 explorari,
749 686 778 739 et
791 683 903 755 ritope·
953 686 1077 755 carebat,
1090 686 1249 743 llodbertus
1261 687 1297 743 de
1316 687 1485 759 llontetorti,
1501 688 1609 763 aliique
1622 688 1770 749 seditionis

88 772 191 831 rebilus
204 778 283 831 actes
296 792 348 848 per
360 777 484 848 privatos
496 777 688 849 exploratores
707 780 790 834 ceute
809 778 903 835 inves-
953 779 1115 850 complices,
1132 780 1183 852 qui
1197 779 1320 837 vicissim
1338 780 1523 847 dissidebant,
1538 782 1688 856 mappalia
1708 800 1769 855 sna,

90 868 185 940 tigeri,
211 885 452 945 summopereque
475 871 575 928 litteris
601 871 742 928 adnotari.
772 872 904 945 Cumque
953 876 1053 944 sponte
1064 872 1194 930 immisso
1206 873 1285 947 igne,
1299 874 1499 946 incenderunt,
1508 875 1769 935 tutumexercitnm

90 962 249 1019 Radbertus
262 963 415 1032 licentiam,
427 968 462 1019 ut
481 964 567 1021 moris
581 968 633 1034 eut,
647 965 733 1021 eundi
752 965 790 1021 ad
808 966 902 1022 consi·
952 965 1148 1038 turbaverunt,
1170 971 1199 1023 ut
1220 967 1276 1040 ipsi
1295 983 1331 1025 ex
1356 968 1513 1041 industria,
1527 970 1647 1027 numine
1669 987 1768 1044 perse·

89 1048 163 1111 lium
193 1072 260 1112 cum
286 1057 344 1112 suis
375 1059 552 1129 postulasset,
586 1059 745 1132 eademque
775 1063 901 1132 accepta,
953 1064 1068 1132 quante,
1077 1060 1368 1136 ingerunt,aliosque,
1380 1062 1429 1135 qui
1439 1062 1576 1121 odibilem
1588 1063 1769 1123 liudbertum

92 1165 234 1221 egressus,
258 1151 374 1223 purgari
398 1168 428 1208 se
452 1152 486 1208 de
512 1152 632 1224 objectis
656 1152 822 1209 criminibus
844 1169 903 1209 non
952 1168 1070 1225 gravere
1090 1153 1273 1224 affectabant,
1287 1155 1412 1228 turpiter
1429 1156 1530 1229 sugere
1552 1158 1767 1231 compulerunt.

90 1260 175 1316 posse
188 1245 379 1318 cognovisset,
406 1245 488 1318 equis
500 1245 630 1303 celeriter
646 1246 777 1315 ascensis,
792 1245 829 1301 ad
840 1262 901 1302 cas·
952 1244 1113 1301 cestrenses
1137 1260 1215 1314 vero,
1245 1251 1276 1300 ut
1297 1250 1410 1302 tantum
1436 1245 1560 1303 dedecus
1582 1246 1769 1305 Nurmannici

91 1337 159 1393 tella
174 1355 224 1393 sua
239 1339 359 1411 pavidus
370 1345 399 1397 et
411 1340 532 1396 anhelos
545 1339 686 1413 confugit,
701 1344 740 1410 et,
757 1356 824 1413 rege
836 1356 903 1397 cum
952 1337 1089 1394 exercitus
1109 1336 1252 1407 viderunt,
1278 1355 1343 1395 cum
1363 1339 1475 1397 ululatu
1497 1355 1605 1412 magno
1630 1346 1696 1415 post
1722 1358 1770 1399 eus

88 1430 242 1488 baronibus
273 1434 332 1489 suis
370 1450 536 1507 responsum
575 1437 767 1507 exspectante,
807 1434 903 1507 regius
952 1431 1112 1488 deridentes
1135 1432 1279 1488 vociterati
1298 1437 1375 1504 sunt,
1401 1434 1554 1507 minusque
1582 1435 1769 1509 postmodum

89 1525 537 1601 mtallesltodbertumextcmplo
548 1527 696 1584 recessisse
712 1528 816 1584 retulit.
825 1529 902 1583 Tunc
951 1523 1096 1594 timentes,
1107 1524 1393 1598 crudelemguerram
1402 1543 1455 1599 per
1463 1527 1648 1584 oximensem
1657 1544 1766 1602 pagum

90 1619 221 1676 delusum
241 1636 270 1676 se
289 1637 340 1677 rer
364 1621 467 1690 doluit;
488 1622 539 1678 sad
564 1625 675 1694 tempus
696 1621 815 1678 ultionis
842 1638 901 1677 nun
951 1622 1107 1690 coeperunt.
1121 1618 1280 1675 Radbertus
1299 1623 1395 1677 autem
1408 1620 1444 1676 de
1464 1620 1728 1693 Grentemaisnilio,
1742 1626 1772 1680 et

88 1712 193 1769 dubins
206 1714 387 1786 exspectavit.
402 1715 576 1772 liudbertum
587 1715 682 1788 itaque
691 1715 811 1788 publicis
823 1692 940 1787 ques-B
952 1712 1033 1782 lingo
1048 1711 1083 1769 de
1092 1712 1184 1768 Monte
1196 1712 1349 1784 Pincionis,
1362 1717 1448 1787 atque
1470 1714 1631 1772 Radbertus
1647 1714 1686 1772 de
1699 1716 1769 1773 Cur·

87 1806 165 1863 tibus
193 1807 366 1880 impetitum,
392 1826 446 1866 nec
472 1809 600 1882 legaliter
626 1809 779 1882 expiatum,
806 1808 901 1881 palam
950 1806 1023 1876 ceio,
1038 1806 1334 1880 etbumineseorum,
1356 1810 1498 1880 quantum
1520 1812 1667 1881 putarant,
1686 1810 1769 1867 saevis

87 1900 304 1973 blasphemavit,
323 1907 360 1972 et,
386 1903 439 1959 nisi
465 1902 674 1975 adjudicium,
701 1902 902 1959 rectitudinem
950 1898 1133 1971 pradonibus
1145 1899 1321 1971 resistebant,
1329 1901 1508 1975 patriamque
1519 1901 1768 1961 suamdeienders

87 1996 224 2065 facturus,
258 2002 409 2066 remearet,
437 1996 582 2069 publicum
616 1997 728 2053 hostem
752 1996 901 2068 iudicavit.
951 1992 1127 2064 satagebant.
1152 1994 1257 2050 Verum
1284 1993 1389 2066 publici
1407 1995 1512 2066 hostes,
1533 1995 1642 2068 praedis
1665 1995 1767 2063 illecti,

88 2091 197 2145 lterum
215 2090 353 2146 rebellem
376 2089 413 2146 ad
437 2089 607 2147 concionem
625 2088 761 2158 invitavit,
776 2089 824 2145 sed
854 2089 901 2145 ille
950 2087 1099 2144 atrociores
1116 2087 1340 2156 insurrexerunt,
1359 2088 1559 2159 {etcastellum
1578 2090 1713 2148 Gnnterii
1732 2096 1770 2148 at·

87 2182 185 2239 venire
202 2199 317 2248 prorsus
331 2183 477 2254 refutavit3
500 2184 570 2255 imo,
582 2183 694 2240 castella
708 2199 760 2239 sua
772 2181 851 2238 vallis
872 2185 903 2238 et
952 2185 1037 2252 atque
1052 2181 1163 2250 Furcas,
1172 2183 1562 2256 argentomumqueturgide
1573 2184 1766 2256 possidentes,

88 2276 177 2332 muris
193 2276 322 2349 undique
342 2277 473 2346 munivit,
485 2281 514 2334 ut
535 2294 552 2334 ι
571 2277 699 2351 cognatis
717 2276 899 2345 Nurmannis,
951 2272 1036 2330 nimis
1048 2274 1114 2329 irati
1131 2280 1207 2344 sunt,
1220 2275 1296 2349 quud
1311 2274 1400 2348 aliqui
1421 2275 1582 2334 vicinorum
1606 2277 1672 2336 sine
1697 2279 1768 2336 duce

88 2370 286 2443 extraneisque
313 2371 428 2441 Gualbs,
457 2374 486 2427 et
514 2388 531 2427 a
555 2372 664 2428 cunetis
686 2370 817 2428 atllnibus
844 2370 902 2427 sais
951 2371 1053 2424 contra
1068 2369 1169 2424 eosvel
1182 2369 1285 2426 latrare
1298 2369 1359 2425 ausi
1378 2369 1505 2427 fuerunt.
1518 2372 1572 2427 Per
1589 2374 1687 2428 tutam
1701 2388 1769 2445 ergo

87 2463 261 2521 adminicula
275 2464 381 2537 petivit.
951 2460 1129 2534 provinciam
1136 2461 1306 2535 pagensium
1318 2462 1430 2536 praedas
1442 2464 1606 2537 rapiebant,
1617 2469 1657 2538 et,
1674 2466 1769 2540 direp-

123 2560 183 2615 tler
193 2558 569 2632 autemersrcitumrtnglia
578 2559 751 2629 convocavit,
766 2565 795 2615 et
806 2561 900 2615 Arun-
951 2554 989 2610 tis
1000 2555 1142 2626 omnibns,
1157 2555 1258 2613 dumus
1271 2555 1397 2613 tlammis
1409 2557 1571 2615 tradebant.

89 2651 195 2709 dellum
214 2652 373 2723 castellum,
387 2651 465 2725 quod
488 2669 578 2725 prope
603 2652 682 2709 littus
707 2650 795 2708 maris
815 2651 901 2707 sitnm
986 2650 1074 2705 Porro
1090 2649 1307 2723 rexAnglorum
1320 2667 1380 2708 non
1393 2651 1463 2723 otio,
1475 2656 1506 2708 ut
1517 2651 1607 2709 irater
1619 2651 1696 2726 ejus,
1711 2656 1767 2711 tor·

89 2751 142 2815 est,
167 2745 288 2816 obsedit,
313 2745 409 2818 ibique
440 2745 537 2801 castris
563 2744 740 2815 constructis,
767 2748 902 2803 stratores
952 2741 1030 2815 pnit;
1046 2743 1094 2799 sed
1110 2742 1197 2799 tutius
1208 2743 1317 2817 anglise
1329 2744 1457 2817 legiones
1470 2744 1648 2803 inautumno
1659 2746 1770 2804 aduna-

88 2855 154 2895 cnm
171 2838 286 2895 familiis
299 2838 358 2895 suis
376 2838 468 2895 tribus
492 2838 636 2895 mensibus
649 2837 766 2895 dimisit.
792 2840 903 2895 Interea
951 2834 1001 2906 vit,
1013 2835 1082 2892 etin
1095 2836 1244 2909 regionem
1259 2837 1426 2895 lterciorum
1442 2839 1572 2911 minavit,
1584 2839 1685 2914 ibique
1700 2842 1769 2899 Bra·

87 2931 218 2988 inducias
231 2931 376 2988 humiliter
390 2948 408 2987 a
428 2947 496 3004 regc
509 2932 654 3005 petierunt
666 2931 798 2988 custodes
811 2931 903 2987 muni·
952 2928 1030 3002 giam
1044 2929 1134 2986 tribus
1149 2930 1317 3003 septimanis
1332 2931 1453 2989 obsedit.
1481 2932 1645 2990 liodbertus
1672 2939 1769 2992 autem

89 3025 185 3093 tionis,
205 3030 238 3082 ut
266 3025 420 3081 aduminu
445 3042 496 3082 suo
524 3026 672 3097 erigerent
698 3025 741 3082 vel
765 3025 902 3081 auxilium
953 3022 1184 3080 scrobesburiam
1210 3030 1373 3095 secesserat,
1398 3029 1428 3082 et
1452 3027 1606 3099 prelatum
1632 3028 1770 3103 oppidum

91 3118 275 3190 detensionis,
300 3120 344 3175 vel
373 3120 545 3193 permissura
572 3119 822 3176 reconciliationis.
848 3120 903 3176 An·
953 3116 1226 3188 Rogerius,⁸Corbeti
1250 3117 1319 3188 lilio,
1344 3124 1374 3176 et
1385 3119 1529 3176 liudberto
1556 3121 1592 3177 de
1615 3122 1770 3191 Novavilla,

88 3217 196 3270 nuente
206 3229 284 3285 rego,
292 3212 433 3269 veredarii
443 3212 653 3269 liudbertumin
664 3214 780 3286 regione
789 3213 904 3269 llercio·
953 3210 1771 3289 Ulgeriuquellenatoricommiserat,quibusuxxxstipen·

88 3323 153 3363 rum
167 3306 349 3379 quaesierunt,
365 3307 448 3379 eique
464 3311 577 3379 repertu
599 3306 807 3362 intolerabilem
827 3305 904 3378 regis
953 3303 1057 3360 diarius
1073 3304 1178 3360 milites
1202 3306 1400 3378 conjunxerat.
1427 3308 1531 3364 Pacem
1559 3325 1680 3383 qnoque
1704 3325 1768 3367 cum

90 3401 304 3474 oppressionem
320 3400 476 3456 imminere
498 3399 551 3455 sibi
570 3400 654 3456 anxie
678 3399 902 3456 denudaverunt.
950 3396 1056 3457 Guallis
1078 3403 1147 3454 tnnc
1164 3398 1225 3471 ipse
1247 3400 1365 3469 iecerat,
1381 3405 1410 3457 et
1425 3416 1507 3475 reges
1522 3418 1625 3459 eorum
1639 3404 1771 3463 &decan

90 3495 132 3551 lbi
145 3510 250 3568 nempe
264 3494 411 3568 Brugiam,
431 3494 656 3551 munitissimum
670 3497 804 3562 castrum,
819 3509 905 3565 super
953 3493 983 3548 et
995 3491 1156 3561 Gervatnm,
1176 3491 1247 3549 tilios
1265 3494 1341 3561 ilasi,
1367 3493 1419 3550 sibi
1444 3495 1590 3566 asciverat,
1608 3513 1681 3570 qous
1706 3514 1771 3555 cum

89 3586 905 3658 Sabrinamlluvinmeunstmebat,ettotisadresistendum
954 3585 1012 3642 suis
1037 3586 1127 3658 copiis
1151 3586 1307 3644 exercitum
1333 3587 1409 3661 regis
1432 3589 1582 3647 exturbare
1602 3591 1771 3664 frequenter

90 3682 195 3740 viribus
209 3682 373 3739 auxiliarios
386 3682 657 3755 frustraquaerebat.
669 3680 794 3739 Audiens
808 3680 905 3754 itaque
954 3678 1103 3752 dirigebat.
1126 3679 1308 3737 Guillalmnm
1326 3697 1394 3738 vero
1416 3682 1586 3752 Pantulium,
1613 3684 1770 3743 militarem

90 3776 279 3835 delectionem
292 3792 419 3845 suorum,
433 3774 585 3848 ingemuit,
595 3790 701 3848 eosque
725 3791 742 3830 a
765 3774 905 3846 promissa
954 3773 1240 3846 probumquevirum
1261 3775 1529 3846 exhaereditaverat,
1553 3780 1584 3833 et
1603 3779 1697 3835 multa
1720 3779 1771 3836 sibi

90 3870 156 3941 tide,
167 3870 233 3942 quia
247 3869 412 3941 imposerat
424 3869 569 3941 adjutorii,
583 3867 713 3937 absolvit,
723 3868 906 3939 multumque
954 3866 1139 3940 pollicentem
1153 3868 1266 3924 servitia
1281 3868 1312 3924 in
1326 3868 1442 3926 instanti
1461 3870 1631 3928 serenitate
1653 3876 1770 3946 punitus

90 3979 214 4020 moemns
226 3963 373 4019 licentiam
388 3962 577 4018 concordandi
593 3977 659 4017 cum
677 3977 745 4032 rege
756 3960 903 4017 concessit.
955 3977 1016 4017 asu
1031 3961 1253 4033 propulsaverat.
1266 3962 1311 4019 llle
1324 3968 1431 4032 autem,
1443 3964 1613 4021 altodbexto
1619 3968 1770 4040 contemp·

92 4056 286 4114 Redeuntibus
307 4056 418 4128 legatis,
442 4055 500 4111 loeti
524 4055 673 4112 muniones
695 4057 818 4111 castrum
843 4054 906 4128 regi
956 4057 1011 4110 tus.
1025 4054 1062 4110 ad
1075 4070 1175 4128 regem
1190 4071 1341 4112 conversus
1356 4060 1408 4113 cst.
1421 4058 1512 4124 Quem
1527 4074 1589 4128 rex,
1603 4058 1673 4132 qaia
1695 4060 1769 4117 vivs·

91 4148 290 4220 reddiderunt,
309 4153 339 4204 et
349 4148 513 4221 benigniter
533 4147 570 4204 ab
596 4163 629 4204 eo
651 4147 786 4220 suscepti,
809 4147 906 4204 multis
955 4164 1017 4205 cem
1035 4148 1164 4205 animum
1178 4149 1240 4222 ejus
1259 4149 1431 4224 jamdudum
1443 4152 1692 4225 expertusmerat,
1706 4171 1769 4229 gra·

92 4242 258 4300 muneribus
289 4241 421 4298 honorati
446 4247 521 4298 sunt.
550 4240 629 4298 Unde
656 4258 705 4297 rer
734 4240 770 4297 ad
797 4240 906 4299 blidam
954 4245 1049 4298 tantur
1062 4242 1237 4313 amplexatus
1252 4248 1304 4300 est.
1323 4244 1456 4301 Protinus
1474 4245 1515 4301 illi
1532 4244 1672 4304 ducentos
1693 4248 1771 4305 mili·

92 4342 226 4407 castrum,
238 4336 313 4409 quod
330 4334 488 4409 Rugeriide
504 4333 791 4408 Butbleiuquondam
804 4335 905 4407 luerat,
956 4338 999 4391 tes
1011 4336 1232 4408 commendavit,
1251 4339 1280 4393 et
1308 4337 1465 4394 custodiam
1492 4338 1647 4412 Stepburdi
1674 4341 1769 4410 castri,

93 4431 249 4488 exercitum
264 4429 415 4503 promovit.
429 4429 481 4487 Cui
496 4446 563 4486 mur
584 4428 745 4502 gaudentes
769 4428 1032 4505 oppidaniunud
1049 4429 1080 4485 in
1098 4429 1190 4486 vicino
1204 4434 1277 4499 erat,
1304 4430 1458 4504 deputavit.
1484 4433 1534 4489 llic
1560 4449 1648 4506 super
1670 4451 1771 4493 omnes

93 4526 208 4584 obviam
215 4527 423 4599 processerunt,
430 4522 582 4597 ipsumque
589 4522 749 4581 naturalem
757 4522 907 4579 dominum
957 4522 1102 4580 liudberto
1116 4523 1225 4594 nocuit,
1240 4526 1372 4598 utusque
1390 4525 1426 4581 ad
1441 4526 1632 4600 deiectionem
1646 4529 1772 4587 consiliis

92 4621 222 4692 tutantes,
236 4635 302 4675 cum
316 4617 419 4691 gaudio
431 4621 627 4690 susceperunt.
650 4616 699 4672 llis
713 4616 753 4672 ita
774 4616 906 4687 peractis,
957 4618 987 4672 et
998 4616 1086 4672 ermis
1097 4616 1283 4689 pertinaciter
1296 4616 1415 4674 obstitit.

93 4732 143 4771 rex
159 4713 280 4786 pupulos
300 4728 457 4785 parumper
473 4711 616 4784 quiescere
630 4709 771 4784 permisit,
788 4708 907 4781 ejusque
991 4709 1124 4766 Consrdes
1135 4713 1231 4766 autem
1244 4714 1273 4768 et
1292 4711 1434 4784 primores
1452 4712 1534 4787 regni
1549 4729 1607 4771 una
1627 4732 1770 4775 convene·

91 4808 274 4881 prudentiam
296 4808 324 4862 et
349 4804 558 4861 animositatem
581 4802 729 4876 congeries
754 4807 906 4876 magnatu-
956 4807 1035 4874 runt,
1055 4806 1084 4860 et
1101 4804 1137 4860 de
1156 4804 1330 4877 pacificando
1348 4804 1480 4863 discorde
1499 4823 1566 4864 cnm
1578 4808 1697 4867 domino
1720 4828 1770 4868 suu

92 4918 156 4957 rum
171 4898 330 4974 pertimuit.
957 4895 1110 4954 admodum
1124 4902 1322 4955 tractaverunt.
1339 4899 1474 4956 [licebant
1487 4901 1563 4957 enim
1576 4920 1584 4959 s
1597 4904 1629 4961 Si
1647 4920 1699 4961 rsa
1710 4922 1770 4962 sueo-

126 4996 236 5051 lnterea
250 5009 297 5049 rex
312 4993 421 5065 legatos
434 4990 463 5046 in
478 4990 641 5046 Neustriam
655 4989 770 5058 direxit,
787 4988 907 5061 ducique
956 4993 1081 5061 qnittnon
1090 4993 1211 5048 comitem
1223 4993 1353 5048 violemur
1364 4994 1500 5064 subegerit
1513 4997 1680 5069 nimiumque
1689 5001 1773 5071 perti·

91 5086 222 5144 veridicis
258 5085 384 5159 apicibus
408 5083 572 5153 insinuavit,
602 5082 724 5156 qualiter
748 5081 907 5139 Rudbortus
955 5086 1047 5152 nude,
1071 5090 1103 5141 ut
1126 5088 1251 5150 conetur,
1275 5101 1335 5142 cum
1356 5086 1597 5154 submeditooerit,
1616 5105 1708 5149 omnes
1724 5106 1772 5149 nus

92 5180 218 5253 utrisque
235 5177 412 5247 forisfecerit,
433 5182 462 5234 et
484 5176 519 5232 de
542 5176 619 5234 cuna
642 5193 692 5232 sua
706 5175 805 5233 furtim
822 5175 904 5231 ausu·
955 5183 986 5233 nt
1000 5178 1116 5234 imbelles
1135 5178 1251 5235 ancillas
1267 5180 1363 5236 amodo
1383 5182 1561 5238 conculcabit.
1577 5184 1773 5257 Poesmipitnr

93 5273 175 5347 gerit.
201 5271 308 5329 Deinde
330 5270 507 5327 commonuit
526 5273 566 5336 ut,
595 5269 668 5327 sicut
689 5270 861 5343 pepigerant
876 5268 906 5324 in
955 5273 1025 5328 inter
1037 5287 1079 5329 eos
1097 5273 1194 5330 otniae
1203 5288 1333 5343 ememus,
1352 5276 1465 5343 attero,
1488 5279 1662 5349 comperique
1681 5283 1772 5335 sueno

90 5366 204 5439 englis,
219 5364 332 5439 utrique
347 5365 514 5421 traditorem
534 5381 618 5421 suum
640 5365 800 5437 plecterent
816 5377 905 5436 gene·
956 5364 1074 5435 legitime
1085 5369 1269 5439 mundemus,
1286 5373 1312 5424 et
1324 5370 1363 5424 sic
1379 5374 1534 5441 utrumque,
1551 5372 1772 5441 petentem

92 5459 290 5517 ralivindicta.
304 5458 633 5531 Duxitaqueerercitum
643 5457 824 5514 Normannia
836 5473 904 5514 uun-
953 5459 1082 5525 sedundu,
1112 5461 1257 5517 debitorem
1286 5462 1362 5518 nubis
1384 5462 1521 5531 summus
1548 5460 1678 5529 Quadam
1702 5480 1771 5539 ergo

93 5553 231 5627 gregavit,
251 5557 280 5608 et
293 5551 441 5608 vinacium
462 5557 599 5623 castrum,
620 5553 697 5626 qnod
719 5551 853 5609 Girardus
867 5551 904 5608 de
954 5551 1010 5624 die,
1020 5568 1119 5627 regam
1131 5568 1232 5609 omnes
1247 5553 1332 5610 simol
1344 5554 1485 5625 adierunt,
1498 5558 1527 5613 et
1543 5554 1574 5611 in
1587 5555 1683 5614 modio
1694 5572 1772 5616 unr-

93 5649 198 5706 Sanctu
219 5645 324 5702 llilario
345 5644 538 5713 conservabat,
558 5645 678 5703 obsedit.
695 5645 839 5720 Oppidani
851 5662 903 5703 au·
953 5663 990 5719 pu
1002 5646 1175 5720 colloquium
1189 5646 1224 5704 de
1236 5664 1306 5721 pace
1325 5647 1489 5706 medullitus
1504 5648 1645 5721 lecerunt,
1659 5666 1693 5709 ac
1706 5652 1770 5727 plu·

93 5745 153 5805 bru
173 5740 309 5801 militares
328 5738 448 5798 assultus
468 5737 616 5814 optabant,
640 5740 717 5816 quia,
745 5739 769 5797 si
795 5739 904 5801 validus
953 5740 1033 5799 ribus
1045 5741 1225 5816 argumentis
1240 5741 1352 5817 regiam
1370 5742 1770 5827 auswntatenemollirsuo·
