3750 6046
136 212 187 266 ue
826 210 988 270 eneemcr
1008 208 1138 269 viratus
1766 186 1813 263 rio

139 340 216 396 debes
239 339 330 393 urbem
351 338 455 408 offerre,
470 355 553 409 errem
567 341 687 396 noudum
698 340 829 412 possides,
852 348 877 397 et
895 345 952 413 ipse
962 342 1117 431 Attonitas
1136 339 1241 411 ubique
1259 342 1401 394 terrarum
1422 335 1481 392 Deo
1500 335 1608 409 gratias
1627 334 1751 390 exaltata
1763 339 1813 390 est.

133 433 260 503 requirit.
284 432 367 489 Nebis
388 435 469 496 euim,
495 434 533 489 ed
560 434 617 489 leco
641 439 735 491 uestro
759 437 948 499 reraeoutibus,
1037 436 1186 506 iturosque
1212 431 1383 488 venerabilis
1411 430 1531 486 baldrici
1559 432 1725 501 prosecutus
1752 444 1814 482 sum

136 527 245 583 censitio
267 541 401 596 morsuque
418 529 477 582 siue
497 528 579 583 drrbie
598 529 649 583 tibi
664 530 717 584 erit
737 528 817 584 eotde
834 544 950 585 necesso·
1000 528 1131 602 vestigia,
1155 532 1184 583 et
1203 542 1333 582 veracem
1354 525 1407 581 ieci
1427 523 1624 580 narrationem
1648 521 1685 577 do
1707 520 1814 577 famosa

137 621 207 675 rius.
222 619 324 675 Ciuitas
342 622 422 690 repiae
441 620 577 690 majestati
589 622 717 678 nobiliter
733 626 758 677 et
771 623 877 678 utiliter
889 625 951 680 sub
999 622 1103 679 Christi
1119 620 1230 689 militia,
1246 637 1321 692 quse,
1334 620 1451 692 iurante
1467 619 1534 689 Deo,
1550 615 1706 688 insigniter
1718 614 1813 673 debel-

136 713 246 783 jocetu't,
264 729 317 784 pre
336 729 391 784 quo
406 718 500 769 tentus
518 714 593 770 heres
611 717 636 769 ei
653 715 801 771 hominium
819 718 902 784 societ
918 732 950 772 ac
999 716 1067 771 lavit
1085 715 1114 770 in
1135 714 1200 771 Eois
1221 712 1347 786 partibus
1366 711 1546 768 ethnicorum
1561 709 1707 766 examina.
1723 708 1814 765 linitis

136 807 278 863 militabit·
999 810 1029 866 in
1042 810 1110 865 locis
1122 809 1203 880 operi
1221 811 1319 864 nostre
1331 806 1438 862 inserui
1453 805 1555 861 eadem
1569 803 1654 859 rerba
1669 802 1813 875 sophista,

173 901 251 971 Rege
281 899 513 971 persuasionibus
538 900 709 971 optimatum
736 919 794 959 non
822 903 949 975 acquies-
1000 903 1071 959 sicut
1085 903 1302 975 deprompserat
1316 901 1388 973 ipse,
1401 915 1460 956 nen
1474 914 1559 954 ausus
1573 898 1656 953 aliter
1669 896 1732 968 ejus
1742 895 1815 951 dieto

137 996 230 1061 cente,
246 1008 341 1048 cernes
361 993 451 1048 iratus
469 994 595 1064 recessit,
617 1001 645 1050 et
659 995 824 1051 Ascalonitis
842 1001 875 1052 ut
889 1011 949 1052 sese
999 996 1161 1069 propalare,
1176 1012 1240 1067 quse
1253 1010 1310 1049 nen
1323 992 1476 1048 credebam
1491 1008 1536 1048 me
1550 1007 1630 1064 pesse
1643 989 1814 1046 emendare.

137 1086 318 1158 pertinaciter
331 1086 521 1142 defenderent
536 1088 691 1144 mandarit.
707 1091 767 1146 ilex
787 1094 884 1147 autem
900 1091 949 1146 ob·
1000 1089 1133 1156 Onredam
1158 1094 1273 1155 tamen,
1300 1103 1336 1142 ne
1363 1085 1508 1159 prolixitas
1532 1083 1685 1141 taxationis
1711 1088 1815 1139 nostra

138 1179 228 1235 sidere
250 1179 352 1235 urbem
372 1180 476 1250 releit3
501 1180 550 1237 sed
570 1182 735 1253 proceribus
760 1184 867 1239 cunctis
889 1200 951 1256 prae
1001 1182 1114 1238 fastidio
1127 1182 1255 1254 legentes
1268 1182 1412 1249 oneraret,
1424 1178 1618 1235 abbreviando
1629 1176 1735 1248 recidi;
1748 1193 1813 1232 nen·

22 1346 25 1355 Ι
136 1273 181 1327 ira
195 1275 224 1328 et
237 1272 405 1344 fatigatione
418 1274 625 1343 recedentibus,
644 1275 714 1331 nihil
729 1282 894 1349 perpetrare
910 1294 951 1332 se
1000 1277 1077 1332 nulle
1100 1292 1167 1332 vero
1195 1274 1353 1347 posteritati
1376 1272 1567 1340 netitlcanda,
1589 1288 1653 1344 quae
1678 1273 1816 1338 tacuerat,

138 1366 180 1421 lus
203 1365 312 1437 potuit,
335 1365 529 1439 oppidumque
553 1368 671 1423 illaesum
696 1374 810 1426 moestus
834 1370 950 1427 dimisit.
1002 1369 1139 1425 veraciter
1152 1368 1253 1440 adjeci,
1275 1372 1360 1440 prout
1373 1365 1409 1423 ab
1424 1366 1479 1436 his,
1493 1366 1543 1439 qni
1562 1364 1708 1421 laboribus
1728 1366 1759 1419 et
1772 1380 1818 1437 pe·

138 1459 213 1514 Proh
227 1459 337 1530 pudori
353 1476 404 1515 nec
420 1461 490 1532 ipse,
507 1477 559 1516 nec
574 1461 621 1517 alii
637 1477 730 1535 reges,
746 1464 794 1535 qui
808 1467 872 1536 pest
885 1480 952 1520 eum
1003 1463 1100 1519 riculis
1112 1463 1313 1532 interfuerunt,
1330 1460 1442 1517 edidici.

138 1567 191 1623 per
210 1569 245 1608 xx
259 1568 350 1608 annes
370 1560 571 1627 regnaverunt,
590 1556 770 1628 saepedictam
791 1557 953 1614 Philistina·
1038 1557 1188 1613 cretarum
1208 1556 1357 1623 seniorem,
1376 1569 1462 1628 quem
1483 1553 1557 1610 bene
1578 1552 1709 1625 cognovi,
1734 1567 1817 1608 rene·

64 1632 70 1642 ⁸
140 1662 203 1701 rum
216 1647 399 1718 metropolim
413 1647 550 1719 usquead
563 1649 954 1707 hodiernemdienrnanoisci
1003 1651 1254 1708 ranterhenoraro
1268 1649 1390 1705 decrevi.
1407 1649 1454 1703 itio
1473 1647 1541 1703 ciris
1559 1645 1614 1703 luit
1632 1644 1821 1702 Aurelianen-

139 1744 310 1812 petnerunt;
327 1739 385 1795 ime
401 1756 529 1812 peream
548 1743 613 1814 plus
631 1759 718 1815 quarn
736 1749 847 1800 centum
864 1728 992 1801 miltiaB
1004 1745 1055 1813 sis,
1082 1745 1238 1800 menachus
1259 1747 1288 1799 et
1308 1742 1395 1798 abbas
1420 1740 1629 1813 burguliensis,
1651 1738 1819 1796 liberalibus

140 1832 299 1903 hominum,
314 1837 417 1905 prester
435 1833 492 1889 alia
509 1834 664 1892 innumera
681 1837 868 1907 detrimenta,
886 1856 954 1911 per·
1005 1839 1129 1894 imbutus
1147 1838 1255 1908 studiis,
1276 1842 1304 1894 et
1322 1835 1466 1909 religiosas
1485 1835 1594 1890 meritis
1615 1833 1681 1889 vitae
1701 1848 1818 1889 senera-

141 1925 286 1982 diderunt.
307 1925 352 1982 Sic
371 1926 536 1983 insatiabilis
554 1930 681 1985 lucratur
697 1931 826 1987 ambitio.
845 1932 874 1988 Si
889 1949 956 1989 vera
1003 1932 1078 1987 bitis.
1101 1931 1178 2000 inde,
1192 1948 1244 2004 pre
1264 1930 1400 2003 religione
1421 1934 1450 1986 et
1468 1928 1618 2001 sapientia,
1640 1926 1677 1983 ad
1698 1926 1819 1999 madum

141 2019 254 2074 dileetio
267 2035 367 2090 regem
384 2021 563 2092 possedisset,
578 2027 607 2078 et
619 2023 678 2095 ipse
692 2025 855 2096 proximum
872 2043 954 2082 suum
1005 2027 1133 2083 [telensis
1159 2025 1417 2097 archiepiscopatus
1440 2022 1575 2079 electione
1599 2024 1753 2094 provectus
1780 2024 1820 2075 est

138 2112 220 2184 juxta
231 2113 326 2183 legem
339 2113 387 2168 Dei
402 2114 474 2169 sicut
488 2132 518 2169 se
534 2115 684 2186 dilexisset,
699 2118 801 2174 hostile
816 2120 954 2193 oppidum
1005 2119 1205 2176 ecclesiastiea.
1226 2122 1256 2174 ln
1276 2118 1439 2192 episcopato
1461 2117 1666 2173 monachatum
1689 2113 1819 2183 serravit,

141 2206 204 2277 ipsa
217 2205 263 2261 die
277 2205 393 2279 adipisci
409 2208 554 2279 potuisset,
571 2226 623 2281 per
634 2211 708 2283 quod
729 2212 801 2268 liber
820 2214 955 2269 transitus
1006 2220 1034 2269 et
1049 2230 1114 2269 crum
1129 2213 1286 2282 monachis,
1303 2218 1387 2284 prout
1400 2228 1461 2267 sors
1476 2210 1571 2280 dabat,
1586 2209 1759 2281 plerumque
1774 2208 1822 2263 ha-

142 2314 233 2370 usque
256 2299 286 2354 in
308 2300 477 2372 babylonem
499 2302 673 2359 Christicolis
695 2306 842 2377 patuisset.
863 2308 954 2364 Gode-
1004 2306 1361 2362 bitnvit.1ndemitisenim
1376 2304 1821 2374 Britonibusprseerat,querum

141 2392 253 2449 fredum
281 2409 379 2465 regem
408 2395 529 2451 multum
555 2398 652 2462 leude,
680 2399 729 2454 sed
754 2400 827 2457 sicut
852 2402 956 2458 Paulrrs
1005 2402 1218 2473 perversitatem
1233 2400 1352 2455 tolerare
1366 2416 1424 2455 non
1439 2400 1559 2469 poterat.
1576 2396 1657 2453 Unde
1671 2398 1822 2467 protervos

142 2487 285 2559 apestolus
303 2488 456 2543 Corinthiis
470 2488 567 2545 scribit
579 2491 601 2562 (Ι
620 2491 692 2561 Gor„
713 2493 760 2565 ιι),
782 2497 812 2550 iu
833 2497 880 2550 bec
902 2512 956 2552 nou
1006 2497 1035 2550 et
1049 2494 1161 2567 exleges
1176 2494 1343 2565 frequenter
1357 2491 1514 2562 deserebat,
1528 2490 1599 2546 etin
1613 2489 1820 2545 Nermenniam

143 2581 236 2636 lrrrsde.
1005 2587 1149 2659 fugiebat;
1165 2587 1214 2643 ubi
1232 2588 1357 2642 tielensis
1376 2586 1494 2641 ecclesia
1514 2600 1599 2656 super
1623 2582 1748 2639 ltiselam
1767 2582 1820 2636 tlu-

176 2674 276 2730 Fertur
290 2674 319 2729 in
334 2690 431 2747 pugna
452 2677 655 2733 admiravisum
673 2680 804 2736 habuisse
821 2698 854 2739 cu
869 2683 957 2739 millia
1006 2682 1083 2736 rium
1096 2699 1112 2736 a
1127 2681 1300 2753 temporibus
1319 2680 1407 2736 saneti
1430 2679 1586 2747 Samsonis,
1606 2680 1747 2749 regnante
1769 2676 1824 2731 llil-

143 2767 267 2822 miiitum
283 2774 310 2823 et
324 2768 488 2824 innumeras
502 2772 632 2826 cohortes
648 2773 789 2844 peditum.
803 2776 955 2832 Christiani
1007 2775 1126 2831 doberto
1140 2791 1208 2847 rege
1221 2775 1404 2841 Francorum,
1422 2772 1525 2828 lendes
1538 2771 1670 2835 habebat,
1685 2776 1714 2827 et
1728 2770 1822 2842 quiete

142 2863 237 2916 autem
252 2861 415 2916 habueruut
433 2879 507 2933 pene
523 2864 599 2920 mille
615 2866 730 2935 milites,
750 2872 778 2923 et
797 2886 849 2926 xxx
868 2869 957 2925 millia
1006 2869 1179 2941 peritiaeque
1202 2868 1372 2940 possidebat.
1399 2866 1438 2922 lbi
1462 2866 1572 2938 seriptis
1591 2869 1619 2920 et
1640 2863 1823 2937 dogmatibus

142 2953 283 3026 peditum.
300 2955 365 3024 Oui,
384 2955 502 3027 jurante
523 2959 592 3026 lieo,
608 2960 685 3015 code
705 2967 826 3031 peracto,
851 2965 956 3019 reversi
1006 2963 1064 3018 suis
1079 2962 1222 3018 auditores
1239 2978 1304 3016 suos
1318 2961 1355 3016 ad
1375 2961 1425 3016 eoi
1442 2960 1549 3016 eulturn
1568 2958 1714 3027 incitabat,
1734 2959 1765 3012 et
1783 2957 1821 3012 ri-

144 3053 210 3103 sunt
231 3047 268 3102 ad
288 3049 494 3105 ismaelitarum
512 3052 633 3107 tentoria
649 3053 817 3125 diripienda.
835 3057 954 3114 iurene·
966 3097 994 3172 C
1006 3056 1068 3112 cina
1088 3056 1225 3126 coenebia,
1249 3056 1418 3111 Fiscannum
1440 3054 1555 3124 scilieet,
1575 3069 1607 3109 ac
1631 3051 1823 3109 Fontinellam

144 3145 213 3196 runt
235 3142 333 3213 igitur,
357 3145 389 3196 ut
411 3142 536 3199 breviter
558 3145 693 3215 dixerim,
716 3148 853 3221 quidquid
874 3151 957 3207 benae
1007 3156 1092 3223 atque
1110 3150 1326 3212 Gemmetioum,
1347 3149 1459 3221 aliaque
1479 3148 1562 3220 plera
1582 3145 1723 3216 visitabat,
1748 3144 1822 3201 etin

144 3234 325 3305 supellectilis
344 3237 496 3309 excogitari
515 3242 616 3310 potest,
633 3245 785 3313 argentum
799 3247 828 3299 et
844 3260 956 3316 aurum,
1007 3245 1108 3300 timere
1124 3244 1174 3299 liei
1191 3243 1275 3299 saeris
1294 3242 1473 3300 sermonibus
1491 3240 1680 3298 confortabat.
1696 3238 1824 3295 Tandem

144 3342 287 3384 annonem
308 3333 337 3383 et
357 3330 481 3386 farinam
504 3337 532 3388 et
554 3333 659 3400 oleum,
675 3341 805 3392 armenta
820 3352 957 3408 pecorum
1008 3339 1037 3394 in
1062 3340 1207 3393 senectute
1230 3337 1306 3393 bena
1330 3336 1481 3393 defunctus
1507 3341 1559 3405 est,
1583 3340 1612 3390 et
1635 3333 1774 3401 Pratellis,
1794 3332 1824 3387 in

145 3420 410 3492 innumerabilium,
425 3440 540 3481 omnem
555 3441 691 3498 pompam
708 3434 957 3501 ornamentorum,
1007 3430 1121 3487 basilica
1154 3430 1249 3487 Sancti
1284 3431 1358 3487 Petri
1391 3430 1521 3501 apostoli,
1550 3431 1616 3485 ante
1646 3426 1823 3495 crucitixnm,

144 3515 274 3572 cumules
287 3532 445 3587 armerum,
459 3522 487 3574 et
500 3519 522 3574 si
536 3520 605 3592 quid
618 3522 695 3577 aliud
709 3526 879 3596 potestesse
895 3541 956 3581 me·
1008 3525 1135 3597 sepultus
1148 3529 1199 3579 est.

145 3610 208 3665 lius.
236 3610 282 3665 itis
305 3612 438 3667 omnibus
463 3612 590 3686 direptis,
613 3615 643 3671 in
663 3615 804 3672 civitatem
831 3622 957 3674 muctam
1044 3618 1102 3686 llic,
1118 3618 1184 3691 quia
1197 3618 1356 3686 scribendo,
1371 3620 1401 3673 et
1415 3633 1458 3674 ros
1476 3617 1657 3689 longinquas,
1678 3618 1777 3688 utpote
1794 3613 1824 3670 in

145 3704 300 3759 laureatam
323 3706 430 3760 reversi
448 3710 524 3777 sunt,
545 3709 755 3782 condignasque
777 3713 833 3768 Deo
854 3713 958 3783 gratias
1010 3711 1073 3767 Eois
1085 3710 1246 3767 ciimatibus
1259 3717 1344 3779 actas,
1360 3711 1515 3783 indigando
1529 3710 1629 3777 tessus,
1644 3709 1825 3782 requiescere

147 3797 343 3868 persingulas
363 3799 493 3855 ecclesias
514 3804 682 3859 retuterunt.
706 3804 879 3875 bedbertus,
901 3806 958 3861 drrx
1009 3806 1121 3875 antreto,
1144 3809 1257 3862 sextum
1277 3806 1330 3873 (35)
1352 3805 1549 3861 Ecclesiasticus
1571 3802 1696 3859 historiae
1716 3802 1825 3858 librum

146 3891 384 3959 ltermannerum,
401 3893 472 3948 emit
490 3898 649 3951 stantarum
663 3896 698 3951 ab
718 3897 770 3966 his,
789 3899 838 3970 qui
857 3899 892 3954 ab
912 3898 960 3954 ad·
1008 3899 1090 3956 linire
1104 3899 1238 3956 decerne.
1254 3900 1283 3955 ln
1297 3900 1417 3971 septime
1432 3901 1537 3969 autem,
1554 3898 1578 3953 si
1596 3913 1691 3969 sospes
1710 3902 1741 3952 et
1753 3895 1826 3952 liber

147 3982 281 4039 mirarise
303 3985 428 4040 sauciato
450 3988 640 4057 retinuerunt,
663 3990 764 4062 viginti
789 3992 890 4047 mareis
917 4009 960 4048 ar·
1010 3993 1119 4060 vixero,
1140 3993 1292 4049 arixiliante
1318 3993 1390 4048 mibi
1415 3992 1558 4048 salvatore
1581 3995 1689 4057 nestro,
1713 3989 1743 4045 in
1769 4006 1825 4062 que

149 4075 240 4146 genti,
257 4080 285 4131 et
302 4076 398 4133 intulit
413 4078 480 4134 illud
496 4080 526 4135 in
544 4082 706 4152 sepulcrum
721 4084 836 4140 Domini
850 4085 885 4140 nd
901 4102 959 4142 me·
1009 4086 1135 4142 maxime
1151 4103 1245 4160 spero,
1262 4087 1297 4142 de
1312 4086 1429 4142 dirersis
1450 4085 1607 4155 eventibus,
1623 4082 1768 4156 prosperis
1782 4082 1826 4139 sel

147 4174 317 4225 numentum
332 4173 508 4227 memorandi
523 4175 671 4247 triumphi.
687 4176 764 4232 Alter
778 4176 847 4233 emit
860 4195 959 4236 ensem
1010 4180 1145 4248 adversis,
1159 4180 1208 4252 qui
1222 4196 1273 4253 per
1293 4198 1348 4236 xxx
1369 4197 1460 4236 annos
1474 4179 1669 4251 contigerunt,
1687 4176 1827 4233 veraciter

148 4262 279 4332 ejusdem
294 4262 455 4320 admiravisi
467 4283 500 4322 ox
514 4266 666 4339 byzanteis.
1009 4274 1154 4342 tractabo,
1181 4277 1210 4329 et
1233 4290 1285 4346 pre
1310 4290 1389 4346 posse
1417 4290 1480 4330 mee
1506 4273 1617 4329 netitiae
1642 4275 1826 4345 posterorum

183 4356 299 4412 Factum
319 4362 364 4413 est
379 4358 469 4430 igitur
487 4361 624 4432 gaudium
645 4362 835 4422 inenarrabile
856 4368 885 4422 in
903 4371 961 4424 tota
1010 4367 1178 4440 simpliciter
1197 4367 1347 4424 intimabo.
1363 4368 1415 4424 blei
1430 4366 1566 4424 nimirum
1584 4366 1692 4422 similes
1707 4368 1827 4422 autumo

149 4449 369 4507 Christianitate.
390 4452 436 4508 Sic
455 4455 605 4511 Christiani
626 4457 782 4514 ierusalem
803 4461 838 4516 ab
857 4460 1148 4540 impio-Deuosdam
1167 4477 1227 4517 esse
1246 4461 1429 4534 futurosque
1449 4458 1641 4533 generationis
1654 4460 1742 4532 hujus
1754 4458 1827 4515 ordi·

136 4559 213 4607 ,rum
227 4544 358 4601 manibus
373 4547 537 4614 Terrorem,
554 4565 628 4605 anne
643 4550 678 4605 ab
697 4554 894 4611 incarnatione
911 4556 962 4610 tto
1012 4572 1085 4610 nesa
1095 4555 1322 4628 chronographis
1334 4555 1415 4611 aride
1427 4554 1694 4629 perscrutabuntur,
1706 4558 1737 4609 et
1749 4558 1828 4609 actus

150 4637 222 4692 mini
249 4636 351 4711 [10991,
378 4639 577 4712 liberaverunt,
606 4649 635 4697 et
658 4644 802 4700 multoties
826 4662 858 4702 ex
884 4647 961 4719 ipsis,
1014 4650 1198 4719 transitorios,
1219 4655 1250 4706 ut
1268 4649 1460 4706 coessentibus
1479 4648 1532 4704 sibi
1551 4648 1589 4704 ad
1607 4647 1828 4704 eoiueauonem

150 4730 261 4787 Christe
287 4731 373 4803 duce,
401 4734 623 4806 triumpharent.
655 4738 711 4793 lieo
737 4742 831 4795 autem
860 4740 963 4812 ingens
1013 4758 1062 4798 seu
1082 4743 1301 4799 delectationem
1320 4746 1448 4799 retexere
1463 4742 1573 4816 possint
1593 4742 1716 4799 labentis
1732 4741 1829 4798 menti

149 4822 256 4881 behem
271 4842 287 4881 u
309 4826 373 4881 idus
390 4829 509 4900 Augusti
532 4828 620 4903 [¹099]
637 4831 742 4887 tactem
760 4838 811 4901 est,
827 4839 856 4891 et
871 4835 965 4891 Chris·
1013 4853 1093 4892 casus
1108 4838 1279 4909 prseteritos.

180 4947 230 5011 (35)
245 4946 358 5011 Sextus,
373 4949 402 4999 ln
415 4950 503 5014 prima
516 4951 607 5015 operis
621 4950 767 5005 dirlslene.

687 5214 956 5305 serutatur
983 5218 1106 5307 LIBBl
1133 5218 1294 5309 estitit.

914 5382 1043 5397 .—

139 5460 171 5546 .¹·
263 5442 660 5603 ‘'mfflpf,{3⁰,¹2⁰,m‘}m
675 5476 794 5530 remeo
812 5479 849 5531 11.
870 5476 1002 5533 umerus
1016 5482 1057 5533 rr
1074 5485 1099 5536 er
1117 5483 1249 5535 nuum
1272 5484 1496 5547 rememores.
1516 5483 1621 5535 soree
1640 5494 1701 5535 am
1718 5482 1830 5537 mne

505 5556 522 5593 u
535 5556 567 5595 eu
581 5558 661 5597 dimid.

152 5608 184 5659 n.
264 5610 363 5662 lterum
376 5613 551 5677 Auaticorum
563 5620 588 5669 et
600 5620 848 5675 Nemouuiceruru
863 5623 998 5676 uerretie.
1014 5623 1148 5677 ttutttetmt
1163 5626 1223 5689 fluet
1236 5636 1332 5678 mores.
1347 5624 1528 5689 westou
1542 5623 1719 5689 maurorum
1731 5625 1828 5683 erre.

291 5682 328 5732 tte
340 5682 371 5734 B.
386 5684 509 5736 Aureliae
525 5687 718 5741 cantuariensi
728 5692 853 5757 episeopo.

150 5750 195 5805 ur.
259 5751 557 5821 uereresmeeue
571 5760 704 5825 spousi.
719 5762 839 5818 auam.
