3750 6046
54 218 110 277 689
470 219 627 278 HlSl'OlllA
646 221 914 281 Euctusrasuct.
928 253 964 268 ··-
978 225 1064 283 PARS
1083 228 1128 284 lll.
1144 258 1178 269 -
1193 227 1257 285 LlB.
1279 228 1323 286 lx.
1689 229 1739 288 690
1800 186 1808 197 Ι

55 340 199 398 admirari
213 345 243 398 et
259 339 458 415 obstupescere
474 342 550 414 tecit,
566 348 595 400 et
608 345 638 400 in
657 345 757 419 fugam
772 346 877 418 coegit.
890 348 1117 435 Adeduxerant
1132 352 1324 425 intrepidique
1344 353 1406 424 jam
1427 353 1463 408 ad
1483 352 1554 408 llnes
1576 369 1640 409 suos
1660 352 1744 410 Turci

55 435 149 508 Legio
174 435 266 508 igitur
286 439 349 492 tote
369 436 455 508 cuspit
478 437 583 508 labare,
608 455 660 495 nec
682 439 812 509 buccina,
828 455 879 498 nec
929 444 1207 517 appropinquabant,
1222 462 1287 502 ecce
1306 447 1459 503 balduinus
1482 448 1516 503 de
1540 449 1632 520 Reges
1649 448 1743 505 subito

60 533 245 600 tympanum,
258 544 312 585 uec
325 529 421 599 lituus,
436 546 489 586 nec
502 547 596 602 preco
610 537 721 604 poteret
736 550 783 589 eos
796 551 878 591 raro·
928 536 984 592 illis
1008 538 1138 608 obviavit,
1163 540 1293 612 initaque
1314 540 1344 596 in
1367 541 1484 597 nomine
1507 541 1620 597 Domini
1644 559 1743 615 pugne

57 637 135 678 care.
151 623 317 695 Fugitantes
337 629 433 679 eutem
451 624 533 680 ‘lurci
551 625 586 681 ad
607 628 733 683 tentoria
752 628 877 684 declina·
927 629 1065 687 barbaros
1083 633 1233 704 percussit,
1249 634 1362 703 occidit,
1376 640 1406 690 et
1425 651 1498 706 pene
1513 651 1612 691 omnes
1626 636 1741 693 delerit.

57 719 175 784 rerunt,
201 716 249 772 ubi
274 717 380 773 maritos
403 734 528 787 suorum,
548 735 619 791 qnos
638 720 677 776 ihi
701 720 877 792 dimiserant,
929 724 1037 781 Deinde
1059 726 1249 798 Antiochiam,
1275 727 1372 800 spoliis
1394 732 1522 798 onustus,
1545 746 1610 785 cnm
1633 730 1743 787 familia
1841 740 1846 747 '

56 810 287 866 succenturiatos
299 810 480 867 estimabant
488 829 497 882 ;
514 812 575 884 qni,
588 818 620 868 ut
631 815 738 870 dictrrm
750 821 802 884 est,
817 816 878 871 istis
929 834 979 874 sue
991 819 1076 888 venit,
1091 823 1120 875 ct
1134 820 1214 876 laetos
1228 837 1357 877 rumores
1370 823 1469 878 amicis
1484 822 1542 878 suis
1555 823 1661 880 retulit.
1829 811 1832 815 ¹

57 903 248 974 certantibus,
265 901 332 976 igne
346 919 474 973 accenso,
486 906 628 978 fugerant.
647 908 774 980 Denique
785 909 879 965 Chris·

56 996 133 1052 tiam
151 1013 279 1070 paganos
298 997 433 1054 atrociter
454 999 612 1056 occidendo
632 1018 721 1074 usqne
743 1002 780 1058 ad
804 1005 877 1058 Pon·

58 1095 121 1146 tem
145 1091 281 1147 Ferreum
303 1091 484 1163 fugaverunt,
506 1096 535 1148 et
556 1094 661 1166 passim
682 1095 878 1153 obtruncando

59 1200 155 1256 usque
168 1184 204 1240 ad
217 1184 354 1241 'tancredi
370 1186 513 1242 castellum
527 1188 667 1259 persecuti
681 1194 757 1244 sunt.
769 1189 878 1246 Deinde
964 1185 1083 1253 Verum,
1108 1185 1176 1257 quio
1200 1203 1275 1242 nunc
1299 1204 1329 1243 so
1353 1188 1434 1244 otiert
1460 1189 1569 1244 occasio
1595 1189 1741 1246 referendi

60 1277 100 1332 ad
116 1277 217 1333 tendas
235 1294 337 1334 eorum
356 1278 512 1348 redierunt,
530 1285 558 1335 et
573 1281 714 1353 quidquid
729 1289 791 1337 erat
811 1299 877 1338 con·
929 1277 999 1349 quid
1013 1278 1151 1335 balduino
1166 1280 1328 1352 contigerit,
1343 1282 1433 1353 stylus
1446 1288 1550 1337 nostra
1564 1282 1739 1339 narrationis

59 1371 229 1443 cupiscibile
258 1372 448 1443 diripuerunt.
474 1373 562 1429 Gazas
586 1375 786 1443 omnimodas,
813 1393 879 1433 oros
928 1371 1086 1427 innomine
1105 1373 1219 1428 Domini
1237 1374 1377 1431 succincte
1395 1376 1565 1431 enucleabit.
1545 1379 1642 1433 tNon
1661 1377 1739 1433 enim

62 1464 219 1536 lanigeras,
230 1466 389 1536 jumenta
381 1483 541 1536 innumera,
556 1468 694 1524 alimenta
707 1469 835 1540 copiosa,
850 1473 880 1526 et
928 1465 1006 1521 sileri
1020 1465 1105 1521 debat
1118 1470 1180 1525 taut
1181 1483 1265 1522 arcs

60 1574 242 1631 quacunque
254 1559 449 1632 indigentibus
464 1567 545 1617 erant
558 1561 728 1631 necessaria,
739 1563 770 1617 iu
783 1563 878 1619 cirita·
963 1562 1116 1631 Postquam
1137 1560 1299 1628 Balduinns,
1316 1567 1345 1616 ut
1364 1578 1451 1633 snpra
1470 1562 1577 1618 dictum
1597 1569 1649 1634 cst,
1665 1567 1739 1620 Ten·

59 1655 122 1707 tem
137 1651 301 1708 detulenrnt
313 1670 378 1708 curn
389 1654 569 1725 jucunditate
588 1671 704 1726 magna
721 1657 779 1713 llos
800 1657 876 1712 enim
928 1651 1013 1706 credo
1029 1667 1094 1705 cum
1108 1651 1301 1707 amaritudine
1319 1653 1479 1720 recedente,
1493 1654 1622 1724 Tarsum,
1636 1655 1741 1710 Ciliciae

59 1744 215 1816 gentilium
242 1749 295 1811 est
318 1746 348 1802 in
375 1748 483 1803 hostem
507 1748 635 1819 copiosas
662 1765 729 1819 opes
752 1750 876 1819 deferre
887 1724 1041 1812 Burbem,
1056 1744 1188 1813 obtinuit,
1206 1745 1366 1815 Godefl'cdt,
1382 1746 1536 1801 fratrissui
1540 1748 1741 1819 ,aliorumque

60 1854 153 1910 equos
166 1839 301 1895 atesinus
314 1840 479 1896 etcamelos
493 1841 529 1896 ad
548 1841 762 1898 subvehendum
784 1844 876 1899 clitcl·
929 1837 1034 1892 ducum
1049 1838 1190 1893 exercitus
1203 1839 1338 1908 deseruit,
1355 1843 1384 1895 et
1401 1856 1466 1894 cum
1480 1856 1526 1896 CCC
1545 1839 1683 1896 militibus
1696 1857 1740 1896 or·

59 1932 149 1986 larius
175 1932 290 2003 ducere,
319 1950 384 1989 oves
417 1937 446 1989 et
478 1934 563 1990 bores
597 1934 634 1989 ad
665 1936 878 1993 comedendum
928 1946 1099 2002 mrgerrsque
1112 1948 1170 1985 suis
1183 1932 1219 1986 ad
1232 1933 1366 1987 Edessam
1380 1933 1481 1988 urbem
1494 1933 1617 1989 divertit.
1633 1936 1740 1990 Ducem

58 2025 180 2093 habere,
195 2042 339 2082 annonam
357 2032 386 2083 et
400 2028 530 2096 farinam,
545 2027 643 2082 iaham
665 2032 693 2084 et
712 2029 818 2100 oleum,
834 2031 876 2086 ri·
927 2040 995 2080 V⁰r⁰
1017 2025 1183 2094 Turcomm,
1203 2025 1252 2097 qui
1266 2025 1363 2081 eidem
1384 2026 1535 2097 Ft⁰tt¹¹⁰tae
1555 2026 1740 2099 Dtffltdebttts

993 967 1059 1023 lllll.
1073 971 1111 1023 Dc
1126 971 1208 1038 pestis
1220 970 1361 1103 Βαιιιιέιηι.
1375 971 1481 1027 Ildcnae
1489 973 1680 1043 primipotens

1280 1065 1295 1103 o
1315 1052 1391 1105 tinet.

59 2135 193 2191 numque
213 2136 271 2175 non
294 2121 521 2192 pretermittere.
543 2121 694 2178 Christiani
713 2128 809 2178 autem
833 2124 877 2179 his
928 2116 1008 2185 adiit,
1020 2117 1207 2189 militiamque
1217 2135 1296 2173 suern
1309 2120 1343 2174 ad
1357 2119 1522 2175 servitutem
1537 2120 1599 2191 ejus
1610 2119 1742 2176 alacriter
1847 2152 1850 2157 ,

58 2212 195 2268 omnibus
215 2213 395 2270 abundanter
415 2231 481 2270 cnm
505 2220 600 2286 optato
620 2214 769 2287 triumpho
794 2217 877 2273 ditati
928 2211 1038 2267 obtulit.
1061 2212 1111 2267 llle
1132 2228 1198 2267 roro
1216 2229 1281 2267 cnm
1298 2212 1405 2268 civibus
1423 2213 1479 2267 suis
1496 2214 1616 2268 Francos
1637 2213 1742 2269 milites
1825 2228 1829 2233 ·

59 2312 139 2376 sunt,
161 2314 190 2364 et
214 2308 365 2380 condignis
388 2309 517 2364 laudibus
543 2311 633 2365 Deum
660 2309 876 2379 benedixerunt,
929 2308 1075 2377 gratanter
1093 2305 1224 2377 suscepit,
1245 2305 1381 2376 opulento
1399 2305 1452 2360 iltis
1476 2306 1506 2360 in
1529 2306 1597 2361 urbe
1619 2306 1742 2378 hospitio

59 2400 438 2473 eumquesuiprotectorem
448 2402 877 2475 presentialitarcognorernnt,
928 2398 1075 2471 delegarit,
1092 2398 1210 2454 uberem
1225 2398 1330 2454 victum
1344 2403 1374 2453 et
1388 2399 1502 2470 copiosa
1514 2397 1657 2470 stipendia
1669 2415 1739 2455 con-

59 2495 241 2566 hymnosque
256 2496 434 2566 gratulanter
447 2496 477 2550 in
491 2496 595 2551 coelum
609 2497 783 2553 extulerunt.
928 2492 1029 2560 stituit,
1045 2496 1074 2547 et
1090 2492 1209 2548 tutelam
1227 2490 1314 2548 totius
1333 2492 1461 2563 regionis
1476 2507 1534 2547 succ
1552 2492 1740 2548 commenda·

98 2587 164 2660 Syri
183 2590 213 2642 et
234 2588 374 2658 Armenii,
388 2589 515 2660 regionis
528 2589 605 2644 illins
624 2589 734 2660 incola,
750 2591 877 2648 ridentes
928 2587 978 2641 vit·
1002 2589 1091 2642 P⁰rr0
1113 2585 1289 2642 G⁰d0tr0dt¹⁵
1313 2584 1381 2653 d¹1¹s
1402 2585 1508 2657 aliique
1534 2591 1685 2653 ¹1⁰⁸tfitt082
1711 2591 1742 2641 ut

57 2683 166 2737 Turcos
182 2681 440 2754 irrecuperabiliter
457 2682 487 2738 in
505 2682 581 2738 bello
597 2683 693 2753 victos,
709 2689 876 2740 montanea-
928 2678 1099 2736 balduinum
1123 2681 1247 2735 tutorem
1273 2678 1408 2734 Edesseni
1433 2678 1552 2734 ducatus
1577 2679 1741 2748 audierunt,
1823 2740 1828 2748 ,

58 2791 127 2830 rum
142 2778 226 2831 notos
245 2776 388 2831 anfractus
407 2776 581 2848 oppilabant,
595 2781 623 2832 et
641 2778 723 2832 calles
743 2783 878 2849 angustor
928 2774 1007 2829 valde
1020 2772 1105 2827 lutati
1119 2775 1195 2843 sunt,
1212 2777 1248 2840 et,
1264 2788 1316 2843 pro
1330 2771 1581 2839 reverentiaillius,
1596 2772 1741 2843 praedictae

60 2868 314 2940 praeoccupabant,
322 2869 421 2941 eisque
433 2870 604 2926 immensam
615 2871 788 2927 deletionem
800 2873 879 2928 strio
928 2866 1081 2939 provincias
1094 2865 1166 2920 finos
1177 2866 1344 2938 contingere
1358 2869 1561 2937 praecaveuint·
1578 2867 1647 2921 Erat
1661 2866 1741 2921 cuim

59 2961 96 3016 tis
116 2961 221 3033 gladiis
240 2962 442 3033 parturiebant.
458 2963 616 3019 Madnhant
638 2980 687 3020 eos
708 2965 785 3021 uelut
811 2982 877 3022 oves
928 2959 1004 3015 idern
1020 2959 1100 3014 miles
1118 2962 1226 3015 statura
1240 2974 1386 3031 procerus,
1401 2960 1521 3030 pulcher
1543 2965 1571 3014 et
1585 2959 1737 3031 magnani-

59 3058 272 3128 erxuntcs,prae
292 3056 395 3111 timore
417 3056 507 3112 nimio
529 3057 613 3113 totins
631 3057 803 3113 defensionis
821 3059 874 3114 im·
929 3070 1003 3120 mus,
1025 3052 1144 3108 scientia
1161 3053 1322 3108 litterarum
1344 3053 1491 3125 preditus,
1514 3053 1740 3124 multimodaque

60 3164 216 3205 memores.
242 3149 412 3205 Admiralius
437 3165 562 3221 qnoque,
588 3151 636 3222 qui
662 3150 691 3205 in
720 3153 876 3226 municipio
927 3146 1069 3219 probitate
1090 3150 1119 3201 et
1141 3146 1290 3201 honestate
1315 3147 1477 3219 praeclarus,
1494 3147 1601 3203 eximia
1624 3162 1740 3219 quoqne

60 3245 249 3310 remanserat,
267 3242 313 3297 cni
328 3243 529 3298 curbarannus
548 3243 617 3299 illud
636 3246 831 3314 commiserat,
847 3252 878 3304 ut
926 3240 1082 3309 nobilitate,
1097 3243 1193 3312 utpote
1207 3239 1243 3295 dc
1257 3240 1390 3312 prosapia
1403 3241 1494 3297 Caroli
1504 3240 1599 3312 llegui
1614 3242 1738 3315 impere-

60 3353 128 3392 auos
147 3335 234 3408 longo
256 3336 373 3407 lateque
395 3337 516 3408 turpiter
540 3337 643 3394 effusos
667 3339 748 3408 vidit,
772 3341 876 3397 timore
926 3335 1005 3401 toris,
1019 3333 1171 3406 precluus.
1190 3333 1237 3389 llic
1252 3333 1389 3388 nimirum
1410 3350 1475 3389 cum
1497 3334 1649 3389 Edessenis
1670 3350 1739 3390 con·

60 3430 235 3502 perterritus
261 3430 314 3485 sibi
341 3430 503 3498 consuluit,
530 3434 559 3487 et
590 3437 744 3504 antequam
780 3434 877 3490 Franci
925 3432 972 3483 tra
993 3427 1128 3482 finitimos
1147 3429 1252 3482 Turcos
1271 3427 1434 3499 trequentes
1453 3425 1649 3499 expeditiones
1668 3443 1737 3499 age·

60 3524 213 3592 redissent,
222 3523 590 3582 Christianorumrexillum
598 3526 710 3596 rogarit
720 3531 747 3581 al
756 3527 874 3599 accepit,
925 3520 985 3589 bat,
999 3520 1127 3575 ethnicos
1138 3520 1225 3574 armis
1244 3519 1420 3589 proterebat,
1435 3520 1567 3591 ingentes
1585 3519 1697 3590 praedas
1709 3525 1739 3575 et

61 3623 91 3673 at
104 3617 136 3673 iu
152 3618 265 3673 castello
287 3617 316 3671 in
337 3618 400 3673 loco
415 3617 530 3673 editiori
550 3619 703 3687 collocarit,
721 3625 751 3675 ut
771 3619 828 3675 suis
849 3624 878 3676 at
926 3613 1034 3668 vinctos
1053 3613 1147 3668 hostes
1165 3613 1326 3681 reducebat,
1340 3611 1608 3684 formidabilemque
1629 3613 1737 3667 cunctis

61 3711 116 3767 sibi
141 3711 180 3766 sic
205 3714 380 3782 parceretur,
406 3727 458 3767 nec
485 3711 520 3767 de
547 3712 703 3784 municipio
730 3713 875 3769 reddendo
927 3706 1060 3763 affinibus
1072 3706 1130 3762 suis
1144 3706 1316 3762 Edessenum
1330 3706 1431 3761 ducem
1446 3706 1485 3761 sic
1497 3705 1628 3762 faciebat.

60 3803 251 3862 dubitaretur.
961 3800 1082 3856 Praefata
1102 3799 1210 3868 civitas,
1225 3804 1258 3855 ut
1279 3799 1307 3855 in
1333 3799 1433 3869 priscis
1455 3799 1598 3855 codicibus
1621 3800 1736 3872 legitur,

97 3897 216 3966 Deinde,
241 3897 309 3953 dum
335 3895 489 3955 Christiani
511 3897 630 3953 victores
656 3897 818 3962 rediissent,
847 3902 877 3954 et
926 3896 1019 3966 Reges
1035 3893 1183 3964 dictaest;
1206 3893 1254 3948 scd
1276 3893 1382 3948 insanis
1404 3893 1545 3948 bellorum
1564 3892 1737 3962 turbinibus,

59 3990 241 4064 Langobardi
253 3990 368 4062 signnm
383 3990 495 4046 comitis
504 3990 598 4046 Sancti
612 3990 727 4060 AEgidii,
742 3991 876 4063 quoniam
926 3989 978 4044 snb
991 3987 1169 4059 Assyriorum
1184 3987 1312 4059 tyrannis
1324 3993 1352 4042 et
1369 3987 1577 4054 Chaldaeorum,
1594 3987 1739 4042 destructe

61 4085 132 4141 diurn
151 4090 305 4157 rogaretur
323 4083 492 4156 presentior
510 4084 617 4152 aderat,
634 4083 779 4152 vidissent,
793 4085 876 4140 valde
924 4073 979 4137 cst.
1002 4081 1170 4138 succedenti
1195 4098 1261 4136 vero
1286 4084 1425 4154 tempore,
1449 4081 1582 4137 Seleucus
1606 4081 1737 4150 Nicanor,

60 4178 205 4250 indignati
218 4183 294 4246 sunt,
309 4176 474 4248 acribusque
496 4177 581 4231 minis
599 4177 697 4232 saevire
717 4184 874 4249 coeperunt.
926 4176 975 4248 qui
988 4176 1024 4230 de
1038 4179 1159 4246 quatuor
1172 4175 1320 4247 precipuis
1339 4174 1456 4230 ducibus
1473 4174 1626 4229 Alexandri
1644 4174 1738 4247 llagni

59 4272 233 4329 Admiralins
266 4276 363 4325 autern
395 4287 447 4341 pro
478 4269 670 4325 controversia
702 4270 876 4341 pacificanda
925 4285 1000 4324 unns
1017 4269 1081 4336 luit,
1111 4272 1175 4340 post
1199 4274 1322 4324 mortem
1346 4268 1418 4339 ejus,
1443 4267 1611 4338 praedictam
1637 4268 1739 4324 urbem

60 4366 178 4439 signum
191 4363 287 4420 comiti
299 4362 435 4431 reddidit,
451 4370 479 4419 et
500 4363 614 4435 signnm
637 4364 797 4420 Bnamundi
822 4381 875 4436 pro
926 4363 1094 4418 restaurarit
1115 4364 1144 4417 et
1165 4361 1298 4417 Edessam
1320 4360 1504 4432 nuncupavit.
1528 4359 1569 4415 lbi
1594 4360 1686 4432 Tigris
1710 4366 1739 4416 et

59 4476 130 4532 pace
153 4464 183 4515 et
202 4457 291 4513 selune
313 4473 373 4524 sna,
393 4472 568 4528 suorumque
591 4457 828 4525 commilitonum,
845 4458 874 4513 in
885 4450 914 4522 D
926 4456 1080 4527 Euphrates
1089 4456 1191 4522 lluunt,
1203 4457 1232 4508 et
1243 4453 1448 4509 abundantiam
1459 4452 1625 4508 deliciarum
1638 4453 1738 4508 incolis

58 4560 138 4610 turre
152 4551 325 4608 sublimavit.
336 4551 442 4605 Deinde
457 4552 582 4622 pactum,
597 4549 673 4622 quod
689 4551 877 4606 Duemundus
926 4549 1080 4605 advehunt.
1097 4549 1225 4619 Abgarus
1236 4547 1382 4619 Toparcha
1398 4547 1510 4602 Edessae
1526 4547 1676 4618 regnavit3
1693 4545 1739 4600 cui

59 4644 453 4703 etedmiralinsabinvicem
472 4643 660 4710 iecerunl,eb
679 4644 874 4699 omnibnstir·
925 4643 1065 4700 Dominus
1088 4643 1165 4698 lesus
1193 4656 1302 4696 sacram
1334 4640 1487 4712 epistolam
1518 4639 1679 4709 destinavit,
1710 4645 1739 4697 ct

58 4744 173 4796 matum
195 4743 247 4805 est,
271 4742 300 4792 at
324 4736 510 4808 nurnicipium
531 4736 698 4793 Christianis
725 4737 875 4793 confestim
926 4738 1081 4810 pretiosum
1096 4736 1225 4801 linteum,
1244 4749 1300 4805 quo
1314 4733 1396 4789 faciei
1411 4749 1470 4788 snae
1493 4732 1629 4787 sudorem
1645 4737 1737 4788 crter·
1832 4728 1838 4735 ’

58 4833 206 4890 redditum
223 4837 275 4887 est.
292 4832 353 4887 Non
368 4830 457 4885 multo
472 4836 546 4900 post,
557 4829 730 4898 admiralius,
742 4834 773 4885 ut
785 4831 875 4903 prins,
926 4832 972 4900 sit,
988 4833 1017 4886 et
1031 4830 1059 4885 in
1075 4846 1132 4901 quo
1146 4828 1276 4900 ejusdem
1290 4826 1442 4883 Salvatoris
1456 4826 1553 4897 imago
1570 4825 1739 4883 mirabiliter

59 4926 213 4997 sicutipse
233 4924 385 4991 asserebat,
404 4924 453 4979 din
474 4926 627 4994 optaverat,
646 4924 803 4995 baptizatus
823 4929 875 4993 est,
927 4924 1037 4996 depicta
1052 4923 1194 4994 relulget;
1217 4938 1282 4993 qun
1305 4920 1443 4976 Dominici
1464 4920 1588 4990 corporis
1612 4919 1737 4991 speciem

58 5028 88 5077 ct
113 5020 224 5076 liberali
253 5019 426 5073 Francorum
454 5016 648 5071 munificentia
675 5017 795 5073 donatus
822 5023 875 5073 est.
927 5021 955 5072 et
967 5017 1156 5089 quantitatem
1170 5015 1344 5070 intuentibus
1357 5014 1478 5069 exhibet.
1489 5012 1533 5068 Ad
1547 5013 1620 5068 hanc
1635 5012 1736 5068 urbem

57 5112 213 5172 Christiani
224 5112 334 5183 itaque,
343 5127 370 5165 ru
381 5111 519 5165 Kalendas
531 5109 597 5164 tulii
607 5109 709 5178 (1098),
724 5109 753 5164 in
767 5111 875 5181 praelio,
925 5110 1092 5178 Thaddaens,
1105 5111 1169 5166 lesu
1183 5108 1286 5167 Christi
1306 5106 1468 5177 discipulus,
1486 5106 1574 5174 venit,
1590 5106 1737 5178 Abgarum

53 5210 177 5281 jurante
192 5207 261 5273 Deo,
276 5205 498 5276 triumpharunt,
512 5210 540 5258 ct
552 5202 734 5259 Antiochiam
755 5203 876 5259 liberem
926 5220 1027 5275 regem
1043 5202 1200 5259 cumomni
1213 5201 1318 5273 populo
1332 5217 1382 5255 suu
1394 5199 1555 5271 baptizavit,
1569 5198 1667 5271 ibique
1682 5200 1741 5255 cul-

57 5308 85 5358 et
101 5299 230 5372 quietam
246 5297 443 5352 obtinuerunt.
456 5293 611 5366 ldrrnicipes
621 5312 687 5351 vero
701 5297 814 5364 l'urcos,
826 5297 876 5368 qni
927 5304 987 5353 tum
1007 5296 1172 5364 divinitatis,
1191 5300 1360 5367 cooperante
1375 5295 1443 5362 Deo,
1456 5293 1579 5348 instituit
1597 5293 1736 5365 primum.

56 5393 208 5450 castellnm
221 5390 418 5457 reddiderunt,
433 5389 640 5446 ctChristianoe
654 5389 731 5455 fidei,
745 5406 808 5461 qun
826 5389 875 5445 lux
962 5391 1010 5445 llic
1029 5389 1167 5444 nimirum
1188 5387 1276 5444 Graeci
1296 5390 1326 5441 et
1346 5386 1474 5444 Armenii
1496 5389 1524 5441 et
1548 5386 1610 5458 Syri
1632 5387 1739 5458 pariter

58 5488 165 5544 animae
191 5490 221 5540 ct
244 5484 360 5539 initium
386 5482 484 5537 salutis
511 5487 573 5549 est,
603 5482 875 5552 recalcitraverunt,
927 5487 1222 5549 comrnorantur,ata
1245 5479 1399 5552 primordio
1414 5478 1634 5535 Christianitatis
1650 5480 1736 5534 curlo·

59 5577 223 5638 Duamnndi
236 5578 388 5636 conductu.
407 5581 441 5631 ut
455 5575 627 5647 promissum
648 5575 702 5630 illis
724 5576 829 5644 furerat,
845 5576 875 5631 in
926 5593 989 5631 rum
1004 5577 1067 5647 regi
1080 5592 1170 5647 usqne
1186 5574 1272 5630 hodie
1287 5574 1470 5629 famulantur.
1486 5573 1599 5639 Verum,
1615 5573 1737 5643 percutis

61 5679 168 5730 terram
184 5687 266 5727 suam
280 5670 517 5741 remigraverunt.
927 5667 1118 5740 exigentibus,
1149 5684 1241 5740 nuper
1267 5666 1424 5740 disciplinae
1451 5682 1510 5722 sua
1533 5665 1643 5737 virgam
1666 5666 1737 5720 Deus

99 5763 302 5827 Rcmcantibus
316 5763 437 5831 Francis,
451 5762 501 5838 qni
516 5779 576 5831 cos,
589 5768 620 5819 nt
640 5767 753 5837 pactum
772 5763 875 5822 tuerat.
926 5763 1046 5832 exeruit,
1061 5766 1089 5820 et
1102 5762 1255 5836 gentilium
1269 5761 1494 5819 debacchatione
1505 5758 1748 5816 Christi-enaim
