3750 6046
24 3802 28 3807 ’
137 3810 220 3876 cepta
239 3806 355 3859 Petrum
370 3805 557 3876 procellarum
581 3804 724 3875 quatiatur
743 3805 903 3862 incursibus
924 3813 953 3863 et

134 140 200 213 issi
821 154 960 211 suarim
979 154 1012 210 iv
1032 154 1127 211 rire
1764 152 1825 209 ittet

134 278 325 350 Eboraoensi3
342 278 437 335 villam
454 296 518 352 quie
532 278 945 347 diciturWatheumecclesla,
957 279 1077 365 Amino
1106 277 1156 343 fili,
1176 276 1273 333 taliter
1296 276 1378 334 matri
1400 280 1458 333 tua
1479 276 1673 333 sacrosanctae
1689 274 1825 332 Romane

137 378 167 431 et
187 375 322 430 omnibus
347 373 391 429 his
410 391 474 445 quae
494 375 528 428 ad
544 374 674 431 eamdem
691 374 837 430 ecelesiam
858 375 946 446 perti·
999 373 1129 428 Ecclesia
1148 388 1200 443 pro
1215 372 1325 429 indulto
1342 371 1392 427 tibi
1406 370 1547 429 beneficio
1562 369 1680 425 devotis
1693 375 1725 425 et
1737 368 1824 425 fidelis

135 485 205 524 nere
218 472 384 523 noscuntur.
999 465 1087 521 existe
1101 471 1129 519 et
1144 466 1238 520 taliter
1260 465 1311 520 tibi
1334 465 1445 521 indulta
1463 468 1545 520 utere
1567 468 1735 536 potestate,
1757 468 1790 517 ut
1801 470 1825 519 et

167 562 353 617 Decernimus
366 578 436 633 ergo
450 566 480 616 ut
491 561 564 617 nulli
573 563 692 617 omnino
705 562 856 617 hominum
865 562 949 617 liceat
998 561 1053 615 lioc
1065 559 1236 615 beneficium
1246 576 1302 613 nori
1316 559 1459 614 immerito
1473 558 1600 613 videaris
1613 557 1781 628 adeptuset
1793 558 1825 611 ad

131 656 327 727 supradictum
349 656 552 711 monasterium
571 661 680 712 temere
699 657 877 728 perturbare,
900 658 949 711 aut
999 653 1055 709 elia
1077 652 1259 724 impetranda
1281 653 1483 708 convenienter
1505 667 1664 722 assurgere
1694 666 1824 722 compro·

132 750 194 820 ejus
207 750 399 821 possessiones
422 750 544 818 auferre,
557 751 601 805 vel
619 750 726 805 ablatas
744 750 877 818 retinere,
892 749 948 803 mi·
998 748 1084 802 beris.
1100 748 1133 801 El
1152 747 1220 817 quie
1234 746 1441 818 providentiam
1456 751 1535 800 luam
1549 743 1695 799 Fuldensi
1711 759 1822 798 monas·

135 859 234 905 nuere,
256 859 306 898 seu
328 843 503 914 quibuslibet
525 844 721 899 vexationibus
745 844 876 914 fatigare,
901 843 948 898 sed
999 841 1072 897 terio
1086 840 1115 895 iri
1129 840 1227 896 multis
1248 840 1352 895 scimus
1368 856 1431 895 esse
1453 839 1662 906 necessarium,
1680 855 1720 892 ex
1736 843 1824 893 aucto

132 936 240 993 illibata
259 936 356 991 omnia
377 940 405 991 et
429 938 541 1008 integra
561 937 748 992 observentur
770 953 879 1002 eorum,
896 952 948 1007 pro
1000 935 1081 990 ritate
1094 940 1198 989 nostrae
1207 933 1368 1005 apostolicae
1376 933 1450 987 sedis
1460 933 1618 988 statuimus
1635 936 1665 986 et
1674 931 1825 987 confirma-

134 1046 256 1103 quorum
288 1030 495 1102 gubernatione
523 1036 552 1086 et
580 1032 785 1087 sustentatione
817 1047 950 1085 concessa
999 1045 1072 1095 mus,
1091 1033 1122 1082 ut
1140 1028 1313 1099 omniaque
1335 1028 1365 1082 iii
1391 1025 1530 1082 reditibus
1551 1026 1689 1081 ecelesiae
1712 1042 1732 1080 a
1751 1026 1823 1081 laicis

134 1129 210 1193 suiit,
234 1123 329 1178 usibus
347 1123 518 1178 omnimodis
536 1124 696 1194 profutura,
715 1125 790 1178 salva
812 1123 949 1179 nimirum
999 1121 1168 1193 requisivisti
1181 1124 1209 1176 et
1223 1120 1258 1176 de
1272 1121 1349 1193 prius
1363 1120 1462 1175 ablatis
1485 1119 1529 1174 vel
1552 1119 1666 1190 injuste
1691 1122 1822 1191 possessis

133 1217 294 1290 apostolicae
318 1216 393 1271 sedis
405 1217 581 1285 auctoritate,
597 1221 627 1272 et
650 1218 874 1273 dioecesanorum
893 1216 950 1289 epi·
998 1215 1169 1271 monasterio
1183 1217 1232 1268 tuo
1242 1214 1389 1270 restituisti
1403 1214 1574 1269 sintrataet
1589 1212 1712 1267 stabilia
1723 1213 1754 1267 iii
1768 1230 1822 1285 per-

136 1326 285 1381 scoporum
299 1310 434 1364 canonica
444 1311 583 1380 justitia..
999 1316 1128 1382 petuum.
1143 1309 1183 1362 Ea
1198 1307 1285 1362 etiam
1299 1324 1363 1379 quae
1387 1307 1522 1362 fratribus
1536 1307 1597 1362 tuis
1613 1307 1643 1361 in
1655 1308 1822 1363 consolatio

168 1404 196 1460 Si
211 1418 266 1477 qua
279 1403 370 1476 igitur
386 1404 563 1474 infuturum,
578 1409 630 1459 etc.
999 1420 1066 1458 iicm
1082 1418 1169 1457 coenie
1184 1401 1365 1469 constituisti,
1386 1400 1428 1456 vel
1442 1417 1508 1472 quie
1529 1400 1648 1456 caeteris
1662 1416 1821 1474 congrega·

529 1536 563 1547 ..
998 1496 1123 1552 tionibus
1138 1496 1194 1550 tuis
1216 1495 1251 1549 ob
1271 1494 1499 1550 recordationem
1521 1497 1581 1550 ture
1608 1495 1767 1551 memorie
1780 1495 1822 1550 tri·

403 1610 495 1666 ΑΝΝΟ
521 1612 682 1664 11554139,
999 1589 1095 1657 buisti,
1117 1589 1200 1644 firme
1225 1593 1255 1643 ot
1275 1587 1440 1643 inconvulsa
1462 1595 1674 1659 permancant.
1699 1589 1821 1661 lienique

522 1734 556 1743 -
959 1660 989 1733 Β
1001 1682 1120 1738 aedificia
1134 1697 1284 1737 murorum
1295 1688 1323 1737 et
1332 1680 1524 1752 possessiones
1535 1681 1737 1737 castellorum
1749 1687 1822 1737 cate·

502 1804 587 1861 CCXL
999 1793 1102 1848 rosque
1117 1776 1227 1831 labores
1237 1781 1312 1844 tuos,
1330 1790 1402 1846 quos
1424 1774 1454 1829 in
1468 1773 1575 1830 eodem
1587 1776 1770 1831 monasterio
1782 1777 1821 1831 fs·

135 1904 311 1975 privilegium
331 1902 520 1959 Mammam„
535 1902 629 1956 abbati
649 1901 776 1957 Famem,-
788 1916 948 1957 concessum·
999 1870 1060 1925 cisti
1072 1870 1250 1938 auctoritate,
1265 1869 1417 1941 apostolica
1428 1868 1611 1937 roboramus,
1622 1869 1764 1924 utnullus
1775 1870 1821 1924 lios

477 1995 541 2067 (iul,
568 1996 605 2065 6,)
1000 1964 1103 2019 audeat
1123 1962 1279 2034 infringere
1295 1962 1371 2036 quod
1384 1968 1415 2018 tii
1427 1978 1480 2033 pro
1496 1962 1547 2017 Dei
1564 1962 1678 2018 timore
1694 1963 1820 2019 studuisti

280 2100 404 2173 mmm
425 2098 481 2156 006
502 2099 604 2170 diplom
625 2098 694 2153 Md
731 2097 805 2169 404]
1000 2064 1049 2113 trio
1064 2057 1236 2112 monasterio
1259 2056 1405 2128 requirere
1424 2060 1454 2111 et
1473 2055 1617 2129 requisita
1645 2073 1820 2113 conservare.

405 2142 413 2168 ’
484 2140 490 2153 ’
607 2138 613 2151 .
698 2139 716 2161 υ
787 2140 792 2152 ’
1001 2151 1092 2222 Super
1104 2150 1165 2205 haec
1178 2150 1275 2204 omnia
1288 2149 1470 2205 decernimus
1483 2155 1512 2204 et
1525 2150 1699 2222 apostolica
1712 2150 1823 2206 ausuri

171 2226 307 2278 Anauros
327 2221 485 2291 episcopus,
504 2235 600 2273 servus
614 2234 760 2274 servorum
773 2218 833 2285 Dei,
849 2218 951 2274 dilecto
1001 2250 1057 2299 ,ale
1072 2243 1223 2313 sancimus,
1239 2246 1270 2297 u,
1285 2242 1448 2315 quicunque
1462 2242 1525 2297 haec
1541 2248 1720 2315 memque
1739 2260 1822 2316 qun

135 2315 195 2369 ffli⁰
225 2315 419 2370 mmmm
451 2312 546 2368 abbati
577 2311 748 2367 'eumbffis
781 2313 951 2368 ¹¹¹⁰¹¹²¹⁵t⁰fii
1000 2339 1105 2394 sanctis
1114 2336 1243 2393 Patribus
1256 2336 1350 2392 eidem
1360 2337 1536 2392 monasterio
1547 2338 1664 2393 tradita
1675 2337 1824 2393 suntirrita

136 2409 247 2465 Sanctae
259 2406 409 2464 Fulderisis
422 2406 564 2474 Ecclesia,
584 2406 704 2461 salutem
718 2411 746 2461 et
760 2405 950 2478 apostolicam
1000 2431 1100 2488 sewi,
1114 2431 1272 2485 walhem,
1287 2430 1332 2484 ,ig

136 2500 369 2557 benedictionem
382 2499 411 2555 iii
424 2499 543 2555 Christo.
1038 2527 1138 2579 papum
1152 2541 1169 2580 η
1185 2523 1362 2579 Nonassulii,

171 2596 251 2650 liiter
265 2594 409 2649 universas
423 2593 557 2648 ecclesias
572 2593 741 2648 Theutonici
760 2593 843 2665 regni
856 2592 891 2648 ab
903 2609 952 2648 aii·
1357 2627 1455 2683 mxu,

136 2688 224 2760 tiqois
236 2687 367 2743 Patribus
380 2690 409 2742 et
423 2686 676 2759 predecessoribus
690 2687 793 2741 nostris
806 2688 910 2741 sanctis
924 2690 953 2742 et
1002 2721 1046 2778 Ad
1059 2725 1197 2791 flumem
1209 2721 1445 2789 Roffiomaomem
1459 2721 1720 2793 ,remmom
1735 2751 1769 2763 ..
1780 2725 1822 2777 Μ

139 2780 303 2853 apostolicis
313 2780 380 2835 viris
391 2779 546 2852 privilegiis
556 2780 711 2835 etdecretis
724 2779 952 2836 confirmandum
1196 2816 1280 2858 causa
1303 2804 1377 2857 Petri
1389 2808 1416 2857 et
1435 2804 1537 2857 metite
1557 2802 1632 2872 eius.

69 2930 73 2937 ,
136 2881 179 2930 est
194 2874 333 2929 Fuldense
346 2873 552 2928 monesterium
563 2890 571 2941 ;
584 2876 611 2927 et
620 2872 686 2928 ideo
695 2889 753 2928 non
766 2873 911 2929 immerito
920 2890 953 2929 ex
1252 2895 1409 2966 (Αῃαὸῃῑρ,
1421 2897 1494 2966 Aug,
1510 2894 1571 2965 η)

135 2968 305 3023 auctoritate
325 2969 461 3023 Romanae
477 2967 563 3021 curie
578 2969 608 3020 et
626 2966 711 3021 tutela
732 2966 868 3039 principis
881 2984 949 3039 apo·
1147 2989 1290 3060 mmm,
1304 2988 1397 3059 Ampi,
1413 2988 1536 3052 Golpoa„
1558 2989 1590 3056 ιι,
1607 2988 1692 3061 642]

137 3060 277 3116 stolorum
291 3059 365 3114 Petri
379 3058 506 3114 floruisse
529 3058 631 3130 opibus
652 3064 682 3114 et
696 3058 840 3130 dignitatis
858 3060 949 3114 excel·
1036 3088 1176 3142 mmm,

136 3153 223 3257 lemnia
246 3153 324 3256 {dem
348 3151 605 3256 ⁰⁰¹¹⁸lfft⁰¹⁸fui⁵⁵⁶
627 3152 715 3255 l⁰f¹¹⁵⁰
741 3152 789 3207 ⁶¹¹5
813 3152 951 3209 nimirum
1001 3179 1083 3234 rabili
1094 3180 1173 3234 fratri
1188 3180 1408 3251 Rothomagensi
1420 3179 1660 3253 archiepiscopo,
1678 3182 1824 3239 salutemet

136 3247 289 3318 benignius
303 3261 417 3317 semper
436 3262 466 3299 in
483 3262 539 3300 suis
561 3246 684 3317 negotiis
702 3253 880 3302 sacrosancta
895 3248 949 3302 llo-
1001 3273 1188 3345 apostolicam
1201 3273 1440 3329 benedictionem,

136 3356 222 3395 mana
235 3338 359 3410 providit
377 3339 511 3405 Ecclesia,
530 3343 559 3394 et
581 3345 688 3410 quanto
703 3339 798 3411 ipsura
817 3340 910 3410 adjus
924 3345 952 3396 et
1037 3369 1156 3422 Causam
1171 3383 1234 3440 qum
1247 3367 1322 3422 inte,
1341 3372 1462 3422 mmm
1477 3367 1558 3423 petri
1573 3374 1606 3424 e,
1620 3372 1764 3428 eumdem
1782 3372 1825 3428 pe·

136 3432 255 3536 ‘fnehm
265 3448 346 3537 ΒΨ
360 3432 509 3504 ‘specialius
520 3432 663 3535 P⁰rtif¹⁹r⁰
674 3433 796 3504 “quein
806 3435 951 3538 suadem·
1001 3467 1090 3527 trum,
1105 3466 1190 3532 atque
1205 3461 1286 3515 illam
1304 3476 1369 3532 quie
1383 3460 1438 3515 fiiit
1456 3461 1567 3533 conjux
1582 3462 1694 3521 fratris
1709 3466 1826 3538 ejusdem

136 3528 215 3582 tione
225 3524 336 3580 firmius
345 3529 620 3596 menerepersperit,
629 3528 952 3582 tantitattentiusinsuis
1001 3554 1086 3623 pem,
1103 3559 1132 3610 et
1146 3554 1240 3609 ,imm
1259 3570 1342 3609 suum
1364 3570 1451 3626 supe,
1466 3556 1599 3625 quadam
1617 3557 1692 3615 dote
1714 3561 1829 3616 mitur

136 3618 352 3675 necessitatibus
367 3619 393 3672 ei
413 3617 563 3674 subvenire
577 3618 693 3674 curavit.
717 3619 844 3675 Scienles
863 3621 952 3691 igitur
1002 3647 1124 3718 aspari,
1150 3648 1307 3703 ,enerabili
1324 3647 1405 3702 frat„
1427 3651 1527 3703 nom
1546 3650 1829 3717 &amanensi-„33

137 3718 251 3783 quanm
265 3711 344 3767 ΜΘΗ]
358 3715 564 3767 m⁰⁰⁸⁵t⁰f¹¹¹m
579 3717 680 3767 ⁰⁰¹¹m
695 3718 858 3768 ³⁸⁰⁰¹⁰f⁰¹¹¹
875 3729 950 3785 ΡΜ·
1002 3740 1135 3813 cpisoopo
1148 3742 1344 3796 commisimus
1352 3740 1581 3809 audiendam,et
1596 3744 1662 3801 fine
1677 3746 1776 3803 debito
1787 3756 1831 3802 ter·

1001 3834 1180 3889 minandam.
1202 3836 1336 3899 Quocirca
1349 3850 1403 3906 per
1422 3836 1585 3906 apostolica
1600 3840 1716 3912 scripta
1738 3842 1831 3897 frater·

1002 3927 1087 3982 nitati
1099 3932 1156 3982 luae
1171 3928 1352 3999 mandamus,
1367 3937 1510 4000 quatenus
1523 3946 1597 3986 cuin
1614 3933 1656 3988 ab
1670 3934 1834 4007 eodemepi-

1002 4036 1088 4091 scopo
1110 4024 1227 4093 propter
1240 4021 1292 4076 hec
1304 4021 1392 4076 bieria
1407 4019 1577 4093 requisitus,
1592 4025 1681 4082 illam
1695 4046 1763 4101 quae
1775 4046 1833 4085 eori-

243 4176 248 4188 ,
405 4178 409 4187 ,
538 4177 575 4188 ..
814 4180 819 4189 .
931 4114 1049 4190 ¹jui
1067 4114 1120 4169 fuit
1135 4115 1230 4169 fratris
1245 4115 1373 4187 praedicti
1388 4115 1474 4184 Petri,
1493 4122 1525 4171 et
1543 4118 1653 4175 virum
1669 4138 1759 4178 suum
1770 4126 1833 4195 ejus

136 4176 283 4231 multoties
295 4177 331 4231 ed
346 4177 505 4234 exhibenda
524 4177 577 4232 tibi
592 4177 627 4232 de
647 4178 876 4234 malefactoribus
896 4184 951 4235 tuis
1002 4208 1067 4261 dem
1077 4207 1181 4277 judicis
1195 4207 1373 4279 mmmmm
1389 4207 1479 4274 adim,
1490 4215 1521 4263 e,
1536 4215 1625 4282 quod
1637 4231 1677 4269 ΘΧ
1692 4218 1798 4272 merito
1808 4218 1835 4271 ab

134 4268 274 4341 jffimiam
287 4269 417 4324 invenias
438 4271 627 4339 attendenmt
642 4270 671 4326 id
692 4272 868 4327 mmm
883 4290 949 4345 per·
1002 4317 1035 4354 eo
1044 4299 1201 4371 judicatum
1215 4301 1312 4369 fuerit,
1327 4301 1468 4372 suscipere
1481 4303 1664 4363 etllrmiter
1679 4311 1836 4369 observare.

136 4379 213 4418 sonae
231 4368 287 4418 tuae
301 4380 334 4419 eir
355 4363 536 4435 benignitate
561 4364 636 4419 sedis
651 4364 812 4435 apostolicae
827 4366 991 4464 decrevi-D
1002 4410 1050 4448 003
1063 4393 1142 4448 omn,
1157 4410 1222 4449 cum
1243 4394 1415 4449 districtione
1443 4396 1621 4466 compellas·

136 4472 200 4511 iiius
213 4455 422 4528 indulgendum
437 4464 467 4512 ut
481 4456 619 4525 videlicet,
637 4458 659 4512 si
674 4458 708 4513 de
726 4459 952 4515 malefactoribus
1038 4487 1106 4541 Data
1117 4487 1254 4558 Anagnia,
1268 4487 1309 4541 ld,
1324 4487 1453 4558 Augusti·

135 4549 191 4605 tuis
203 4553 232 4605 et
245 4551 407 4605 commissae
421 4550 472 4607 tilii
486 4551 618 4607 Ecclesiae
630 4556 657 4606 et
675 4552 851 4607 invasoribus
864 4552 968 4609 bono·
1355 4591 1468 4647 ΜΗ.

136 4659 201 4698 rum
215 4643 304 4715 ip⁵i¹¹⁸
327 4644 357 4698 in
379 4643 595 4715 qunmwunque
619 4643 827 4716 epi⁸⁰⁰p³ubu³
846 4648 949 4701 ΜΨ
1000 4683 1134 4739 Ludooi'co
1146 4685 1312 4739 mancorum
1327 4687 1395 4752 rcps’,
1416 4686 1545 4741 Pontium
1561 4691 1709 4749 ‹ibbotem
1727 4698 1839 4752 Visalta-

1196 3087 1352 3158 cpiscopus,
1368 3103 1466 3141 serviis
1485 3103 1650 3143 servorum
1673 3088 1735 3156 Dei,
1748 3104 1822 3146 rene·

138 3903 258 3969 quantes
273 3913 323 3969 per
337 3898 515 3953 secularium
525 3899 650 3954 virorum
666 3898 826 3970 nequitiam
842 3916 951 3971 pressu·

135 4006 181 4045 ras
194 3990 320 4062 potiatur
334 3996 421 4062 atque
435 3990 588 4046 molestias.
610 3992 699 4056 Quam
714 3993 799 4047 duros
822 3993 909 4048 etiam
923 3998 952 4049 et

136 4083 271 4138 remissos
291 4083 429 4156 quosdam
454 4084 555 4138 fratres
580 4089 609 4140 et
633 4085 814 4157 coepiscopos
837 4094 951 4143 nostros

32 4798 38 4807 .
137 4737 216 4803 tutis,
233 4738 268 4793 ad
284 4736 430 4809 episcopos
444 4737 506 4792 illos
521 4739 556 4792 ad
569 4754 639 4810 quos
653 4753 720 4792 cuia
738 4738 852 4794 illorum
869 4740 951 4811 spiri·
1037 4780 1137 4818 ,ensem
1151 4767 1246 4829 wengi,
1267 4767 1372 4833 magias
1384 4767 1452 4834 ψῃ,
1472 4768 1575 4823 Monet
1597 4777 1634 4827 ω
1645 4780 1842 4833 mmm-m

136 4829 253 4886 lualiter
267 4831 392 4902 pertinet
406 4833 555 4903 querelam
576 4832 699 4886 seeundo
721 4832 842 4887 tortiora
857 4840 952 4904 pertu-
1038 4844 1182 4910 defendere
1196 4860 1213 4897 a
1225 4846 1319 4898 comite
1331 4845 1492 4900 peremensa
1504 4855 1627 4916 perfflg,
1641 4854 1797 4928 domm„
1807 4858 1841 4912 ω,

136 4924 204 4979 leiis
217 4929 246 4979 et
263 4924 318 4995 ipsi
330 4924 382 4978 tilii
393 4924 537 4995 iustitiam
546 4925 639 4981 facere
655 4925 854 4993 recusaverint,
867 4926 951 4982 liceat
1034 4924 1131 4994 pitteus
1144 4925 1320 4993 dercensium
1335 4924 1567 4982 Vtzeliosciistiim
1582 4930 1671 4988 dirui
1679 4936 1796 5004 iubent.

134 5016 187 5071 tilii
211 5018 405 5074 malefactores
432 5018 495 5073 illos
520 5022 585 5089 post
609 5018 766 5074 secundam
793 5024 821 5074 et
836 5020 950 5076 tertiam
1199 5017 1307 5087 (Missi,
1328 5017 1443 5079 Concit„
1462 5017 1530 5081 lllll,
1554 5023 1642 5096 eit.)

135 5111 388 5167 commonitionem
401 5111 456 5166 nisi
472 5112 524 5167 tilii
539 5117 568 5167 et
580 5111 709 5167 Ecclesiae
724 5115 789 5182 tuae,
805 5112 878 5167 sicut
892 5129 950 5170 rec·
1037 5113 1154 5168 Gratum
1166 5119 1193 5169 et
1202 5119 1351 5186 acceptum
1365 5113 1519 5183 habemus,
1536 5123 1570 5173 et
1587 5124 1840 5194 magnificentius

134 5208 197 5259 tuin
212 5209 263 5274 est,
279 5204 474 5276 satisfecerint,
489 5205 657 5262 auctoritate
676 5209 773 5262 nostre
791 5222 952 5263 excomiiiii·
1002 5210 1080 5261 tuoni
1095 5206 1130 5262 de
1145 5207 1366 5279 piarumrerum
1377 5207 1569 5265 exsecutione
1584 5214 1763 5285 plurimum
1776 5237 1841 5276 eoin·

135 5297 288 5353 nicationis
311 5299 453 5354 sententia
473 5298 611 5355 innodare
635 5303 664 5354 et
685 5316 744 5355 non
760 5307 827 5355 ante
851 5317 952 5373 equo·
1001 5300 1182 5368 mendamus,
1199 5300 1333 5373 quoniam
1347 5300 1452 5357 dilecto
1466 5299 1526 5359 filio
1541 5312 1653 5365 nostro
1680 5314 1786 5371 Pontio
1802 5317 1839 5369 t'i·

135 5390 433 5464 quamspiscoporum
446 5393 547 5449 eadem
560 5392 950 5467 sententiarelaxeturquam
1001 5393 1152 5448 celtacensi
1173 5393 1282 5464 abbati,
1305 5394 1378 5451 sicut
1397 5393 1459 5467 ejus
1483 5393 1605 5457 directe
1628 5405 1724 5463 nobis
1746 5408 1838 5465 relatio

136 5482 189 5539 tibi
201 5482 288 5538 deliis
301 5500 365 5557 que
374 5486 508 5543 adversus
522 5503 571 5543 eos
578 5486 713 5542 habueris
727 5486 951 5543 satisfactionem
1000 5487 1146 5559 patefecit,
1164 5503 1262 5544 amore
1275 5487 1334 5559 Dei,
1347 5493 1377 5544 et
1389 5493 1563 5549 nosuuum
1577 5501 1758 5559 reverentia
1770 5502 1836 5558 litte·

135 5573 290 5631 exhibeant
316 5582 540 5651 competentem.
555 5581 718 5653 Tullaque,
735 5581 836 5638 dilecte
850 5581 880 5637 iii
895 5582 948 5637 Do·
1000 5597 1100 5637 rarum
1109 5582 1190 5654 juxta
1201 5581 1289 5655 regite
1300 5580 1593 5654 dignitatisoffisium
1604 5589 1775 5667 diligenter
1783 5596 1837 5653 lirr-
1865 5652 1867 5673 ,

161 5692 211 5759 128)
226 5692 377 5749 Guitlelmo
391 5697 546 5759 Passaooiit,
558 5698 610 5765 qui
621 5698 777 5751 Ecclesiam
791 5698 1051 5756 cenomannensem
1063 5698 1099 5753 ab
1113 5713 1188 5753 enno
1203 5700 1265 5755 1111
1279 5698 1316 5753 ed
1327 5712 1434 5755 aunum
1447 5701 1568 5759 eircltsr
1583 5708 1654 5763 tiso
1665 5712 1751 5767 rexit.
