3750 6046
84 186 137 245 613
185 193 195 199 “
490 184 647 243 historus
667 180 937 242 ecelesiastica.
953 213 988 224 -
1003 181 1089 241 PARS
1109 186 1153 242 ΙΙΙ.
1174 216 1207 226 —
1226 183 1289 244 [ΛΒ.
1311 187 1375 245 vlu.
1713 194 1765 256 bil

83 310 142 366 suis
156 313 362 378 coarctaretur,
378 313 407 366 et
419 326 436 364 a
446 311 573 381 cognatis
583 313 667 382 atque
680 308 779 364 amicis
792 311 820 363 et
832 322 897 363 con·
910 320 939 392 Α
950 310 1004 374 tes,
1033 308 1117 365 luico
1143 310 1280 380 Diversis,
1307 312 1442 369 Amulius
1460 315 1648 386 Troarcensis,
1667 322 1696 374 et
1709 321 1763 376 lla-

83 404 232 460 loederatis
244 403 378 459 affinibus
393 402 520 475 undiquc
534 403 743 471 destitueretur,
758 407 787 457 et
801 400 895 456 multi·
950 399 1047 456 dullus
1081 402 1232 474 sagiensis.
1262 406 1347 461 tecta
1367 411 1463 464 autem
1487 410 1609 466 lectione
1635 412 1671 466 dc
1694 415 1767 469 ordi·

83 497 169 552 moda
182 511 258 569 pene
273 496 415 564 omnium,
427 495 669 568 quibushomines
681 495 822 567 indigent,
836 495 898 551 ine·
946 493 1044 550 nando
1056 495 1158 552 abbate
1170 498 1330 553 secundum
1345 500 1483 572 Regulam
1497 503 1592 560 Sancti
1608 506 1764 575 Benedicti,

82 591 131 647 dia
140 597 307 662 angeretur,
314 589 471 664 prudenter
480 606 575 648 secum
584 594 715 655 trecens,
725 589 816 646 varios
824 604 896 644 mur·
946 588 1096 659 clegerunt
1108 590 1247 646 domnum
1258 593 1413 664 ungarium
1424 595 1459 650 de
1470 596 1577 669 Suppo,
1591 600 1764 656 monachum

80 685 185 740 talium
200 700 281 740 casus
296 683 496 756 precogitavit,
511 691 540 740 ct
556 685 693 741 infrunito
707 685 817 757 impetu
831 702 896 756 pes·
946 680 1074 751 ejusdcm
1087 683 1218 751 coenobii,
1230 685 1279 756 qui
1289 686 1468 758 simplicitate
1482 688 1609 761 pollebat
1621 697 1650 747 et
1662 694 1764 764 peritia

80 777 215 847 condato,
228 793 292 832 sese
310 777 345 833 ad
361 777 479 833 meliora
493 783 621 850 tempora
639 794 784 834 reservare
797 779 893 835 decre·
945 772 1113 845 litterarum,
1130 778 1276 850 multatim
1291 779 1442 837 ¹¹⁰¹¹0⁵iflle
1461 782 1644 841 elb⁰11⁰rt¹m
1661 785 1762 842 dulce·

79 872 128 925 vit.
145 870 282 926 Liberum
300 870 491 938 tandemsibi,
508 871 644 943 sociisque
659 872 717 927 suis
730 873 837 929 exitum
858 874 894 929 de
944 866 1009 923 dine
1033 885 1156 925 murum.
1180 871 1257 926 Tunc
1279 874 1437 929 licinianus
1460 876 1546 948 prior,
1571 882 1599 933 et
1620 880 1762 936 Erualdns

77 963 429 1020 flonioahobgidenfihus
447 965 650 1036 poposeil,vllle
664 966 819 1022 admodum
841 983 893 1039 ga.
944 958 980 1014 de
1003 960 1131 1025 Telliolo,
1155 963 1258 1036 allique
1281 965 1377 1036 plures
1401 982 1467 1023 etim
1491 969 1527 1025 ad
1549 971 1658 1027 curiam
1682 973 1762 1029 ducis

77 1057 224 1126 visisunt,
240 1057 773 1130 ipsumquecumomniapparatusuo
795 1060 894 1131 egredi
943 1051 1094 1122 duxerunt,
1115 1054 1165 1112 sed
1188 1055 1290 1113 ducem
1314 1057 1344 1113 in
1366 1060 1541 1118 Normannia
1562 1080 1620 1120 non
1644 1066 1757 1125 invene·

76 1145 236 1203 honorilice
262 1146 463 1220 permiserunt,
489 1148 624 1205 henricus
639 1150 749 1222 itaque
775 1150 893 1207 redditis
942 1151 1018 1201 runt.
1038 1147 1224 1204 clandestinis
1243 1151 1319 1206 enim
1340 1151 1520 1225 factionibus,
1542 1157 1645 1228 quibus
1663 1163 1759 1216 trans·

76 1238 291 1294 munitionibus
305 1239 373 1307 suis,
393 1256 446 1311 per
465 1239 636 1295 Britanniam
658 1239 778 1308 transiit,
803 1240 892 1297 Brito·
942 1239 1045 1295 marini
1063 1246 1161 1297 contra
1182 1259 1282 1315 pacem
1303 1251 1332 1300 et
1353 1247 1534 1303 securitatem
1557 1252 1637 1322 regni
1660 1253 1757 1308 molie-

76 1332 173 1401 nibus,
182 1332 478 1406 quisibisclummodo
487 1332 889 1402 adminiculumcontuleraut,
940 1329 1055 1401 bantur,
1077 1333 1169 1389 subito
1192 1335 1305 1406 auditis,
1328 1338 1413 1393 ambo
1435 1340 1539 1396 iratres
1563 1342 1599 1397 de
1624 1345 1757 1401 Ncustria

74 1426 185 1498 gratias
199 1426 334 1496 reddidit,
345 1430 374 1482 et
382 1426 505 1482 contines
519 1426 699 1497 postmodum
710 1427 833 1482 Francos
846 1442 891 1482 ex·
938 1424 970 1478 in
983 1425 1116 1497 Angliam
1135 1443 1168 1482 ex
1185 1428 1328 1500 insperato
1348 1433 1606 1504 transfretaverant,
1623 1437 1755 1494 miranti·
1845 1463 1850 1474 ·

70 1520 164 1590 petiit.
179 1520 213 1576 ln
230 1535 302 1592 pago
320 1519 471 1575 Vilcassino
484 1519 586 1575 nobilis
609 1519 688 1575 exsul
716 1536 775 1575 non
797 1519 890 1592 plenis
939 1516 992 1572 bus
1009 1519 1125 1574 cunctis.
1138 1521 1215 1576 Tunc
1234 1524 1392 1579 Hermauus
1409 1526 1446 1581 ad
1461 1527 1580 1583 domum
1596 1532 1753 1603 regendam
1775 1553 1777 1558 ·

69 1613 185 1669 dnobus
198 1615 282 1669 annis
307 1616 508 1680 commoratus,
524 1613 633 1668 diversa
647 1613 767 1684 hospitia
783 1613 886 1685 quaesi·
939 1610 1049 1666 Uticam
1061 1628 1206 1683 regressus
1218 1618 1271 1684 est,
1283 1620 1312 1671 et
1325 1618 1462 1674 Ernaldus
1473 1636 1538 1675 cum
1549 1622 1638 1677 electo
1650 1624 1752 1681 abbate

69 1706 120 1762 vit.
137 1707 201 1762 Uno
214 1712 325 1762 tantum
339 1706 441 1776 milite,
454 1722 568 1778 unoque
589 1706 691 1761 clerico
712 1722 778 1761 cum
798 1678 1080 1775 tribussspuneipes
1101 1707 1182 1778 regni
1203 1723 1255 1779 per
1273 1725 1352 1765 mere
1375 1717 1488 1768 secutus
1513 1717 1564 1770 est.
1584 1717 1755 1773 Pervenien·

68 1800 223 1872 armigeris
242 1804 402 1867 contentus,
433 1815 587 1871 pauperem
615 1800 700 1855 vitam
720 1800 824 1871 exegit.
844 1801 889 1858 Sic
939 1799 980 1851 tes
1002 1800 1098 1854 autem
1122 1799 1152 1875 in
1173 1800 1267 1856 villam
1293 1803 1413 1875 regiam,
1438 1822 1525 1877 quam
1548 1808 1754 1866 windresorias

67 1893 152 1965 regia
164 1893 260 1965 proles
273 1894 304 1948 in
318 1892 414 1948 exsilio
436 1892 535 1948 didicit
548 1908 703 1964 pauperem
718 1895 840 1965 perpeti,
856 1898 889 1950 ut
937 1889 1050 1958 dicunt,
1075 1892 1244 1949 electionem
1269 1897 1458 1954 monachilem
1486 1908 1662 1970 conventus,
1688 1920 1754 1959 cum

66 1986 185 2042 iuturus
204 2003 255 2043 rex
278 1986 385 2058 optime
411 1986 495 2043 sciret
512 1986 623 2042 miseris
641 1990 669 2041 ct
691 1985 887 2059 indigentibus
936 1984 1102 2039 auctoritate
1123 1985 1266 2059 Sagicnsis
1288 1989 1416 2062 episcopi
1438 1991 1580 2066 triumque
1605 1995 1753 2066 abbatum,

66 2080 203 2152 compati,
218 2096 377 2152 eorumque
392 2079 548 2151 dejectioni
558 2080 602 2134 vel
617 2079 785 2151 indigentie
797 2081 887 2152 reguli
937 2075 1002 2131 duci
1015 2079 1209 2137 ostenderunt.
1222 2083 1256 2138 nt
1270 2081 1319 2137 ille
1334 2088 1482 2154 gratanter
1496 2102 1643 2144 assensum
1663 2090 1751 2159 dedit,

66 2174 201 2246 potentia
211 2190 260 2229 seu
275 2173 437 2246 dapsilitate
452 2173 613 2245 snllragari,
629 2177 657 2228 et
675 2172 747 2228 ritus
759 2172 885 2230 infirmo·
936 2174 965 2225 et
982 2171 1100 2243 prelato
1117 2174 1237 2245 Rogerio
1252 2192 1306 2248 per
1323 2175 1458 2233 baculum
1474 2182 1656 2251 pastoralem,
1672 2187 1702 2240 ut
1717 2200 1752 2240 cu

64 2284 132 2323 rum
144 2270 293 2340 expertus,
308 2267 347 2322 eis
363 2267 407 2338 pic
421 2267 559 2323 misereri.
934 2266 1064 2335 tompore
1080 2265 1165 2320 moris
1181 2272 1252 2334 erat,
1268 2269 1387 2324 coenobii
1408 2287 1505 2327 curam
1520 2272 1549 2327 in
1564 2274 1752 2333 exterioribus

100 2362 182 2416 Tunc
192 2360 352 2417 liodbertus
366 2360 421 2416 dux
437 2376 572 2432 maguam
583 2365 693 2432 partem
703 2361 885 2418 Normanniae
934 2355 1019 2411 rebus
1042 2359 1194 2426 commisit,
1217 2360 1399 2434 apicibusque
1424 2365 1482 2419 suis
1504 2364 1669 2423 lexoviensi
1693 2369 1750 2442 cpi·

64 2455 220 2510 Guillelnro
241 2455 304 2526 regi
328 2455 475 2522 concessit,
494 2454 611 2526 fereque
634 2453 741 2509 duobus
763 2455 843 2510 annis
867 2471 884 2510 a
933 2465 1026 2521 scopo,
1038 2457 1068 2505 ut
1080 2467 1146 2506 eum
1157 2452 1187 2508 in
1196 2453 1328 2510 omnibus
1337 2456 1471 2513 canonice
1482 2460 1660 2532 proveheret,
1672 2479 1751 2519 man·

63 2543 148 2599 bellis
171 2543 348 2600 Normanuia
362 2543 477 2615 quievit.
492 2545 556 2598 Post
579 2543 788 2599 solemnitatem
814 2546 883 2600 Pen·
933 2542 1018 2598 davit.
1034 2544 1199 2601 Guillelmus
1217 2563 1331 2620 qumque
1352 2566 1400 2605 rex
1420 2551 1553 2609 eumdem
1573 2556 1750 2612 monachum

62 2640 201 2703 tecestcs,
221 2636 388 2692 Guillelmus
409 2635 636 2708 archiepiscopus
658 2636 801 2708 synodum
821 2638 880 2710 epi·
932 2640 999 2693 tunc
1013 2637 1120 2694 ibidem
1135 2640 1298 2713 benigniter
1312 2643 1419 2713 ascivit,
1435 2650 1464 2700 ct
1478 2647 1652 2719 omniaque
1667 2655 1749 2721 pater

62 2747 218 2803 scaporum
227 2730 879 2803 etabbatumapudRothomngumaggregavit,
931 2747 1007 2800 suus,
1028 2747 1217 2806 proceresque
1238 2734 1299 2806 ejus
1319 2736 1443 2794 Uticensi
1462 2740 1590 2796 ecclesie
1611 2742 1680 2797 olim
1701 2743 1749 2800 dc·

62 2831 90 2882 et
104 2840 175 2880 cnm
189 2824 262 2880 duce
278 2823 433 2890 liudberto,
454 2822 697 2897 suffraganeisque
716 2824 881 2896 presulibus
931 2823 1042 2893 derant,
1066 2827 1214 2896 concessit,
1239 2831 1268 2883 ct
1293 2829 1384 2901 regali
1405 2833 1574 2888 auctoritate
1597 2835 1627 2890 in
1649 2836 1748 2893 charta

61 2920 95 2976 de
107 2918 241 2991 sagiensi
255 2918 408 2990 presulatu
421 2919 645 2991 tractarecoepit.
660 2919 786 2975 Tandem
800 2918 880 2976 linito
930 2915 1061 2973 firmavit.
1084 2919 1206 2975 Peractis
1227 2921 1324 2994 itaque
1346 2939 1398 2994 pro
1417 2925 1521 2997 quibus
1544 2928 1628 2994 ierat,
1650 2930 1747 3001 ltogc·

61 3015 224 3083 consulatu,
239 3012 398 3080 serlonem,
423 3011 599 3067 Uticensium
613 3015 766 3082 rectorem,
782 3013 878 3086 elegit,
929 3009 988 3065 rius
1009 3011 1120 3067 Utieum
1138 3029 1174 3067 xv
1192 3014 1332 3071 Kalendas
1351 3019 1477 3075 tannarii
1497 3019 1592 3089 rediit,
1608 3026 1637 3077 ct
1656 3039 1673 3076 a
1691 3022 1749 3078 fra-

60 3108 145 3181 eiqne
159 3104 351 3164 salariensem
361 3104 554 3177 episcopatum
567 3106 645 3162 valde
659 3106 792 3162 renitenti
803 3123 879 3163 cum·
930 3103 1019 3159 tribus
1043 3105 1201 3162 honorilice
1226 3113 1383 3180 susceptus,
1408 3128 1490 3167 xxx1v
1516 3114 1598 3170 annis
1623 3115 1746 3172 abbatiae

60 3201 149 3258 misit.
171 3200 330 3273 Deniquex
348 3199 485 3256 Kalendas
501 3199 567 3256 tulii
585 3199 735 3272 praelatum
751 3201 877 3257 coenobi·
927 3196 1050 3267 prceluit.
1075 3198 1124 3254 llic
1151 3206 1267 3257 centum
1292 3206 1321 3259 et
1344 3204 1509 3277 quindecim
1531 3207 1682 3281 discipulos
1709 3211 1746 3267 ad

59 3290 343 3362 tumltothomagum
362 3289 535 3357 convocavit,
552 3291 582 3344 ot
594 3289 623 3345 iu
636 3289 877 3347 ccclesiaSanctae
927 3290 1128 3347 monachatum
1148 3295 1281 3367 suscepit,
1299 3312 1423 3368 quorum
1442 3299 1532 3355 vitam
1552 3301 1665 3358 mobilis
1685 3303 1741 3359 lor·

56 3389 105 3445 Uei
126 3386 280 3461 genitricis
305 3387 400 3444 Uarios
427 3387 559 3443 canonice
581 3388 767 3444 consecravit.
789 3391 876 3445 l'orro
924 3386 994 3437 tunt
1007 3382 1318 3458 Vtrissbililsstflssilalit·
1332 3389 1402 3444 Nam
1421 3390 1540 3463 quidam
1558 3409 1669 3462 eorum,
1685 3395 1742 3452 Vir·
1855 3387 1858 3393 ¹

59 3481 240 3538 venerandus
260 3481 338 3539 Serio
351 3485 514 3554 susceptam
535 3481 715 3553 pontificatus
734 3482 875 3538 sarcinum
924 3476 1031 3531 tutibus
1051 3476 1193 3548 florentes,
1214 3480 1251 3536 ad
1272 3498 1402 3554 supernae
1425 3485 1579 3542 vocationis
1599 3488 1741 3560 bravium,

58 3591 133 3632 mn
148 3575 236 3631 annis
248 3579 278 3630 et
289 3591 315 3632 1v
328 3575 474 3632 mensibus
490 3579 603 3631 suenus
616 3576 712 3648 gessit,
732 3577 877 3633 Ecclesiae·
925 3569 1119 3641 erjuvante,
1129 3578 1329 3643 pervenerunt.
1346 3577 1478 3634 Nonnulli
1491 3593 1569 3648 vero,
1583 3580 1739 3640 insidiante

58 3687 112 3744 qne
129 3669 184 3727 nsi
212 3669 308 3726 solerti
334 3670 428 3726 studio
450 3669 526 3725 inter
552 3685 687 3742 prospera
708 3675 737 3726 et
757 3670 875 3727 adversa
924 3662 1037 3730 Satana,
1051 3663 1081 3719 iu
1096 3665 1287 3721 coenolentam
1302 3668 1434 3726 vitiorum
1451 3672 1620 3745 voraginem
1638 3676 1741 3749 relapsi

57 3764 193 3837 prodesse
210 3763 321 3834 sategit.
339 3762 395 3820 Sed
410 3763 497 3818 duros
515 3762 600 3818 nimis
614 3766 644 3819 et
663 3767 807 3835 protervos
820 3765 872 3820 ha.
924 3759 999 3826 sunt,
1012 3757 1116 3827 ajusto
1130 3759 1273 3830 recepturi
1284 3761 1381 3832 judice
1396 3763 1472 3835 quod
1487 3771 1666 3824 meruerunt.

55 3856 116 3915 buit
127 3854 327 3930 parochianos,
343 3856 520 3912 liudbertum
533 3856 639 3912 scilicet
650 3857 872 3925 Belesmensem,
958 3847 1012 3905 Sed
1036 3849 1173 3906 nimirum
1198 3868 1233 3907 0¹
1260 3852 1314 3923 his,
1340 3871 1412 3927 (1⁰0⁵
1439 3858 1594 3916 venerabili
1618 3860 1740 3935 flosseriu

55 3957 81 4008 et
90 3953 252 4009 lintrem
267 3949 527 4021 Mauritanieusem,
539 3966 697 4024 corumque
709 3952 872 4024 complices,
922 3942 1062 4014 subjectos
1080 3944 1213 4016 diximus,
1232 3946 1351 4003 abbates
1371 3950 1504 4021 vidimus,
1525 3953 1554 4008 id
1577 3960 1621 4011 est
1641 3955 1739 4013 Guari-

56 4046 103 4118 qui
117 4042 277 4102 erudelissi-
289 4043 364 4099 inter
375 4059 404 4098 se
419 4043 606 4112 dissidebant,
621 4048 650 4100 et
668 4061 766 4116 pacem
779 4047 873 4102 30010.
922 4052 991 4092 num
1005 4037 1177 4108 Sartensem,
1193 4039 1376 4098 Godil'redum
1387 4045 1636 4118 aurelianensem,
1651 4049 1740 4107 Gisle·

53 4139 99 4196 φ
112 4139 168 4195 Μ
180 4137 643 4210 frequenterviolabant‚f0vesqus
658 4139 800 4196 Dominio}
811 4156 872 4213 gre.
920 4129 1034 4186 bertum
1045 4133 1203 4189 Glotensem
1217 4137 1302 4207 atque
1316 4135 1491 4195 liudbertum
1501 4141 1739 4216 Prnucricnsem,

54 4233 105 4305 gis,
122 4248 199 4306 quas
217 4232 344 4289 cbristus
366 4231 503 4303 sanguine
530 4247 581 4286 suo
607 4232 737 4302 redemit,
763 4233 872 4291 bellicis
920 4224 1100 4281 Guillelmum
1120 4227 1235 4283 Bassum
1255 4232 1283 4284 et
1302 4230 1488 4288 ludovicum.
1505 4235 1646 4292 Guarinus
1661 4238 1740 4296 enim

51 4325 224 4383 tumultibus
233 4325 447 4398 dispergebant,
461 4331 489 4380 et
509 4325 683 4381 multimodis
696 4326 869 4385 factionibus
921 4317 1057 4389 malim
1078 4321 1222 4388 ⁵¹¹⁰G0⁵⁵lls
1244 4327 1273 4378 ⁰2
1294 4323 1431 4380 [1500ssssss
1452 4327 1583 4385 30⁰¹&ae
1605 4331 1738 4402 fflssifflffl

53 4420 264 4494 opprimentes,
281 4418 579 4475 dilaniabantcontra
589 4435 637 4475 eos
648 4420 776 4492 gladium
791 4401 1049 4481 verbifll‘lnribus
1078 4412 1159 4467 ³⁰⁰5ss
1190 4415 1290 4471 lenuit·
1316 4417 1477 4475 R⁰dbertus
1501 4425 1597 4477 autem
1627 4425 1736 4481 Prune·

53 4511 246 4571 Usisudacter
255 4513 376 4581 exeruit,
386 4512 573 4568 obduratosin
585 4514 713 4586 nequitia
721 4515 869 4572 multoties
919 4503 1019 4558 liffllSU
1036 4504 1179 4561 T⁰l⁰⁰¹1⁸³
1198 4508 1358 4565 ⁰oe⁰⁰bl¹¹ffl
1377 4511 1406 4565 ln
1425 4512 1528 4584 Aflsslll
1546 4520 1661 4572 Strenue
1680 4532 1736 4589 8⁰·

51 4605 326 4676 excommunicavit,
341 4605 391 4662 scd
406 4606 437 4661 in
456 4622 525 4677 pace
544 4606 626 4662 firma
648 4608 766 4664 rebelles
780 4608 870 4666 disci.
918 4595 1057 4653 bcrnavit.
1077 4598 1228 4656 Goiiredus
1248 4617 1313 4657 vero
1335 4604 1545 4662 Aurelianensis
1564 4608 1736 4668 Eulandensi

50 4703 132 4773 pulos
143 4697 262 4759 erudire
277 4700 320 4756 vel
333 4716 453 4769 servare,
470 4699 516 4756 vix
531 4703 582 4755 aut
596 4717 744 4774 nunquam
765 4705 867 4774 potuit,
920 4690 974 4760 (tl)
993 4691 1124 4747 Ecclesiae
1144 4693 1204 4751 fere
1223 4711 1258 4751 xv
1274 4696 1357 4751 annis
1376 4699 1499 4768 praeiuit,
1521 4703 1550 4755 ct
1569 4701 1735 4761 Guillelmns

49 4793 128 4852 Unde
143 4794 416 4866 nimirumquandiu
427 4794 624 4866 pontificatum
639 4797 742 4865 tenuit,
754 4813 869 4869 semper
918 4783 1019 4840 Bessus
1048 4785 1210 4843 Uolmiense
1236 4791 1444 4847 monasterium
1471 4792 1565 4850 Sancti
1592 4797 1735 4855 Benedicti

49 4888 257 4946 iutnmnltnet
269 4887 483 4960 perturbatione
493 4888 641 4953 laboravit,
654 4893 683 4944 et
696 4891 867 4963 plerumque
917 4877 966 4933 diu
980 4878 1064 4934 “³¹st-
1077 4880 1166 4936 P⁰1l⁰
1181 4881 1346 4954 Lud⁰l50¹¹⁵s
1359 4885 1468 4956 ludim
1484 4887 1624 4960 “Ulmum
1637 4892 1735 4963 expul-

48 4982 119 5040 inria
140 4981 281 5040 liodberti
298 4981 420 5037 nimium
433 4981 577 5050 saeviente,
591 4983 621 5038 in
639 4985 740 5057 anglia
758 4986 802 5041 vel
815 4987 868 5041 na.
917 4970 955 5027 sis
974 4971 1115 5030 canonicis
1133 4974 1168 5030 dc
1190 4976 1391 5048 balcherivilla,
1411 4979 1519 5050 primns
1541 4985 1732 5042 monasticum

48 5075 249 5145 laumdsvit,
266 5075 414 5148 multoque
428 5082 508 5132 metu
523 5076 758 5149 anxiusgemuit‚
917 5065 1049 5123 ordinem
1068 5084 1133 5123 cum
1151 5085 1168 5124 x
1188 5071 1335 5127 monachis
1356 5073 1430 5145 cepit
1451 5074 1480 5130 in
1500 5076 1596 5132 Sancti
1618 5077 1733 5153 Georgii

78 5170 224 5228 Uticensis
237 5169 469 5239 autemabbatia,
485 5176 638 5243 postquem
659 5172 794 5243 praefatus
808 5189 866 5229 rec.
916 5159 1050 5230 martyris
1069 5160 1195 5218 basilica.
1218 5164 1404 5222 Guillebertus
1425 5183 1493 5224 vcro
1515 5169 1550 5224 dc
1572 5170 1669 5241 Glotis,
1691 5173 1734 5229 vir

48 5262 391 5336 sommpiswpamm
405 5265 538 5336 suscepit,
553 5264 589 5320 dg
603 5270 715 5337 passm
734 5266 864 5336 sollicita,
915 5252 1017 5308 nobilis
1047 5257 1076 5309 et
1103 5255 1256 5326 facundus,
1286 5259 1401 5315 lirense
1433 5262 1597 5319 coeuobium
1627 5264 1689 5321 fere
1714 5279 1732 5322 x

48 5358 216 5429 mim
242 5364 388 5430 pastorem
417 5375 501 5414 guum
525 5374 563 5414 v„
583 5359 722 5415 Kalendas
744 5362 864 5429 Augusti
915 5346 997 5401 annis
1026 5349 1115 5418 rexit,
1142 5355 1171 5405 et
1201 5349 1230 5404 in
1262 5353 1359 5408 multis
1389 5356 1560 5411 emendavit.
1590 5358 1733 5415 Uticenses

50 5451 192 5521 mursiit,
210 5451 345 5524 tactoque
367 5451 498 5508 triduano
520 5453 646 5525 jejunio,
670 5455 704 5510 de
732 5455 864 5526 eligendo
916 5439 1012 5513 itaque
1030 5444 1164 5499 monachi
1184 5443 1220 5498 de
1242 5446 1439 5516 penetralibus
1462 5449 1628 5505 monasterii
1651 5467 1734 5524 regu·

53 5544 295 5602 abbatstrsctare
310 5546 402 5617 coepit.
419 5547 677 5603 adsueruntetiam
699 5554 755 5604 cres
777 5548 863 5604 abba.
915 5532 1011 5590 lariter
1035 5536 1152 5593 extracti
1179 5543 1253 5606 sunt,
1281 5541 1311 5593 et
1338 5539 1375 5595 ad
1401 5541 1593 5613 plurimorum
1625 5546 1733 5603 emolu·

78 5719 126 5789 βξ)
136 5720 216 5791 ,Lege
230 5717 425 5784 crulandensi,
441 5720 591 5788 Croyland.
608 5723 646 5775 La
664 5723 785 5776 Pravost.
860 5750 862 5755 .
