3750 6046
435 200 592 262 HISTORIA
611 201 879 261 Ecctasmsnce.
893 229 927 245 -
940 204 1026 261 PARS
1044 204 1066 260 1.
1080 233 1115 246 -
1128 205 1191 263 LlB.
1213 203 1246 260 li.

72 321 127 390 ari,
144 321 197 380 sed
216 324 312 380 furore
334 324 471 396 repletus,
486 325 570 396 jussit
588 334 653 380 eam
671 329 751 381 extra
768 342 817 382 ur·

72 416 142 472 duci
155 420 186 472 et
199 416 329 488 protinus
341 417 484 473 decollari.
497 419 585 473 Ducta
595 401 662 479 vero
672 419 709 474 ad
722 421 816 477 locum

72 509 198 566 lationis
218 511 382 584 spiculatori
403 511 565 584 proximam
593 506 715 571 mortem
742 529 814 586 prae»

72 607 134 674 ‚et,
154 605 288 676 expausis
308 605 442 662 manibus
460 606 489 661 iu
509 606 814 676 coelum‚orerit,1to-

72 714 134 770 que
156 700 216 755 Deo
236 714 298 754 sese
320 698 491 755 fiducialiter
512 701 732 759 commendavit.
753 703 814 767 Oua

72 808 102 862 a,
123 808 180 849 vex
204 792 356 848 desursum
377 793 475 849 eredita
495 799 561 850 est:
585 816 598 845 e
616 795 678 851 Noli
699 797 812 864 timere,

72 884 118 953 τί,
133 886 202 958 quie
215 891 384 959 exspectant
403 892 430 943 tc
454 888 483 942 in
502 887 630 944 claritate
648 905 713 960 quae
734 890 813 945 nullo

72 979 223 1037 laudetur.
240 1002 255 1031 a
272 983 351 1037 Hanc
370 997 469 1037 vocem
486 981 605 1038 audieus
621 982 703 1054 virgo
717 984 811 1038 exsul·

91 1078 133 1141 et,
160 1073 278 1130 elevatis
301 1075 331 1130 in
355 1074 458 1131 coelum
481 1075 580 1145 nemis,
604 1075 674 1131 dixit
695 1092 701 1130 :
722 1097 736 1125 α
757 1077 810 1132 llo·

72 1166 122 1233 ,in
137 1183 241 1223 manus
254 1173 320 1223 tuas
333 1168 506 1225 commendo
522 1168 656 1240 spiritum
671 1186 779 1225 meum.
795 1189 810 1222 s

72 1259 173 1328 adata,
193 1261 267 1316 ultro
288 1262 391 1318 collum
412 1262 545 1330 tetendit,
570 1268 599 1318 et
623 1263 732 1319 lanista
756 1280 812 1319 uno

72 1353 156 1426 ”pite
172 1359 304 1410 mmm
318 1361 370 1412 est·
392 1356 541 1427 fulgidam
556 1355 647 1411 imm
661 1357 730 1412 solis
747 1357 810 1413 ani·
861 1310 912 1414 sed
925 1327 977 1367 sua
992 1316 1131 1383 repetere,
1147 1311 1314 1384 priusquam
1332 1311 1448 1368 beatum
1466 1314 1582 1368 Petrum
1597 1311 1677 1384 prin-

101 1447 107 1457 .
163 1448 180 1504 d
581 1449 614 1505 m
649 1449 676 1504 ,ἀ
752 1451 788 1504 t.
860 1420 957 1476 crpem
980 1406 1175 1477 apostolorum
1196 1406 1319 1474 videret,
1340 1405 1441 1461 noluit.
1462 1406 1584 1462 Romam
1606 1422 1677 1478 ergo

78 1462 146 1518 φᾶ
182 1464 338 1519 mmm
357 1465 505 1521 egressam
529 1465 579 1504 mu
630 1466 656 1503 Ἡ
678 1466 750 1505 “un
782 1467 812 1506 m
860 1497 1073 1570 ipseetomais
1092 1500 1232 1554 exercitus
1252 1500 1314 1571 ejus
1332 1503 1566 1572 properaverunt,
1583 1503 1676 1555 etur·

72 1649 122 1690 um
133 1641 277 1691 comum
293 1635 448 1691 dicentium
465 1653 473 1691 ε
490 1657 504 1685 «
522 1637 607 1691 Bm
626 1652 666 1706 es,
688 1637 809 1707 valeria,
860 1591 924 1647 bem
937 1591 1068 1664 ingressi,
1083 1593 1246 1664 apostolum
1260 1593 1289 1647 in
1303 1593 1365 1648 loco
1378 1592 1426 1664 qui
1442 1592 1591 1648 Vaticanus
1604 1591 1677 1648 dici·

819 1688 916 1783 Btur,
930 1684 1082 1741 docentem
1096 1687 1187 1741 multa
1200 1684 1296 1741 turbas
1310 1685 1482 1757 populorum
1494 1685 1676 1741 invenerunt.

72 1744 99 1785 π
116 1728 244 1832 ΨΜ
268 1745 333 1802 quae
355 1730 492 1834 “3³⁰an
515 1731 630 1834 D⁰m¹f¹i
652 1730 807 1834 ⁰¹3³t⁰di⁵th
859 1777 991 1834 Protinus
1012 1778 1188 1835 discalceatis
1209 1778 1344 1851 pedibus,
1364 1779 1394 1834 in
1417 1779 1510 1834 cilicio
1532 1779 1568 1836 ed
1587 1775 1677 1850 pedes

73 1827 172 1893 ugrter
186 1838 361 1893 permanens
374 1839 402 1876 m
418 1828 570 1895 conspectu
585 1839 656 1895 epus,
672 1840 702 1878 in
715 1825 808 1896 splen·
877 1873 882 1884 .

72 1915 145 1971 lucis
199 1933 223 1971 Β
238 1916 396 1971 terminum
409 1932 467 1972 non
482 1932 515 1972 co
539 1917 617 1973 novit
643 1939 657 1967 »
859 1889 920 1944 epus
935 1873 1072 1944 prostrati
1085 1875 1161 1941 suut,
1176 1879 1204 1928 et
1219 1889 1284 1929 cum
1300 1888 1407 1943 magna
1421 1871 1581 1928 humilitate
1594 1872 1678 1927 bene-

72 1932 229 2064 cauffgm
253 2009 324 2064 arm.
348 2025 381 2064 er
402 2009 432 2066 st
471 1934 537 2065 hag.
558 2011 577 2065 d
616 1958 626 2022 .'
714 2012 719 2023 .
859 1965 1014 2022 dictionem
1034 1965 1070 2022 ab
1091 1983 1126 2022 eo
1146 1966 1371 2038 postulaverunt.
1396 1966 1496 2023 Petrus
1516 1968 1624 2033 autem,
1646 1969 1679 2021 ut

72 2101 98 2157 h
168 2107 180 2157 t
318 2027 348 2082 ¹⁸
413 2026 474 2159 fel}
509 2027 539 2158 Ἦ
580 2028 648 2158 ⁰⁰¹1?
672 2027 721 2115 (Ψ
742 2028 808 2068 eam
858 2062 919 2114 tarn
943 2061 1111 2133 praeclaram
1136 2059 1172 2114 de
1194 2060 1283 2117 Gallia
1304 2060 1521 2131 generationem
1541 2058 1625 2128 vidit,
1649 2063 1678 2115 et

98 2117 167 2250 'zm
183 2144 190 2171 ¹
205 2119 395 2251 emam?
424 2119 517 2252 ⁹5¹⁰?
540 2120 595 2253 οἳ
639 2121 738 2253 Tm?
756 2122 807 2253 3³⁰
858 2168 959 2209 omnes
969 2152 1124 2225 Evangelio
1134 2152 1183 2209 Dei
1194 2153 1310 2209 edoctos
1319 2153 1464 2208 etebeatc
1474 2150 1599 2209 Martiale
1609 2151 1676 2223 bap·

75 2212 120 2250 ω
147 2212 324 2301 ⁰³¹⁰qu
339 2213 435 2301 vm
465 2214 497 2300 ,γε
527 2214 563 2302 ⁸.u
584 2215 644 2302 Ψ
659 2204 704 2256 Ἀ
741 2216 759 2253 ⁰
784 2217 807 2254 ι’
858 2246 1033 2302 tizatosesse
1047 2246 1169 2314 audivit,
1184 2246 1341 2302 admodum
1356 2247 1438 2302 latus
1453 2246 1558 2318 gratias
1574 2261 1675 2318 agens,

74 2329 82 2356 ,
98 2295 131 2343 nt
144 2290 264 2345 verbum
278 2307 398 2362 virginis
417 2291 452 2345 de
465 2297 632 2347 smmrnentr
651 2297 743 2348 morte
759 2309 808 2347 sua

72 2381 121 2449 lit,
130 2383 167 2437 ab
179 2384 284 2455 angelo
299 2400 448 2455 percussus
462 2385 499 2440 ad
513 2385 600 2456 pedes
614 2385 695 2441 discis
706 2385 808 2442 cecidit

72 2492 101 2532 >x
115 2477 279 2548 exspiravit.
294 2478 389 2532 Timor
401 2483 498 2534 autem
517 2485 545 2534 et
559 2483 668 2534 tremor
688 2496 807 2551 magnus

71 2587 91 2626 n
112 2576 143 2626 et
164 2576 298 2626 cunctum
314 2573 451 2643 populum
464 2572 525 2643 ejus
540 2573 661 2642 iurasit5
683 2573 806 2645 ideoque

79 2663 173 2719 cilicio
192 2665 319 2731 indutus,
340 2665 375 2720 ad
400 2682 429 2720 se
449 2667 564 2721 beatum
585 2665 740 2722 Martialem
763 2683 807 2720 ve-

72 2759 193 2830 rogarit.
209 2759 262 2822 Orsi
284 2774 349 2813 cum
369 2758 399 2813 in
420 2760 571 2830 praesentia
591 2760 652 2831 ejus
672 2761 804 2827 venisset,

72 2867 172 2907 eruens
186 2869 216 2907 se
231 2851 288 2907 dux
304 2852 340 2906 ed
355 2852 444 2924 pedes
457 2854 528 2924 cJus‚
539 2870 604 2908 cum
617 2870 724 2926 magno
737 2855 804 2908 fletu
891 2858 1044 2930 Postquam
1055 2857 1112 2912 dux
1125 2857 1162 2912 ab
1171 2858 1300 2928 apostolo
1314 2872 1365 2928 pro
1376 2855 1513 2912 effusione
1527 2855 1673 2928 sanguinis

93 2946 219 3002 dicere:
245 2967 258 2995 «
282 2947 406 3014 Peccavi,
430 2964 447 3003 ο
466 2948 508 3002 vir
529 2947 716 3017 sanctissime,
739 2948 803 3003 fun-
854 2951 1016 3006 innocentis
1037 2951 1156 3006 valeria
1179 2950 1387 3006 absolutionem
1410 2950 1584 3023 promeruit,
1609 2949 1672 3005 euri

73 3040 246 3112 sangninem
257 3040 384 3111 justum;
398 3041 449 3096 sed
462 3048 600 3112 precorte
614 3046 644 3096 ut
658 3041 805 3097 resuscites
855 3044 941 3099 libras
964 3043 1116 3112 ducentas,
1140 3060 1209 3116 quas
1229 3060 1246 3100 a
1265 3045 1378 3099 Nerone
1404 3044 1577 3116 imperatore
1599 3043 1673 3099 dono

85 3135 267 3205 armigerum
287 3151 396 3203 meum,
413 3139 443 3190 et
465 3151 510 3190 me
531 3135 617 3190 facias
639 3135 755 3190 credere
776 3136 804 3191 iu
856 3143 1014 3210 acceperat,
1028 3138 1054 3193 ei
1071 3137 1183 3194 obtulit.
1198 3137 1254 3194 Sed
1272 3138 1321 3193 ille
1337 3137 1431 3193 eidem
1451 3137 1517 3193 duci
1534 3138 1672 3210 praecepit

71 3245 79 3281 ι
101 3230 195 3282 tuum.
213 3251 227 3277 a
246 3229 324 3282 l'uuc
344 3233 459 3283 sauctus
476 3229 600 3300 pontifex
620 3245 734 3283 omnem
752 3245 804 3300 po·
854 3238 887 3287 ut
910 3236 1103 3288 memoratum
1123 3247 1227 3287 aarum
1244 3236 1341 3287 sancto
1359 3231 1474 3303 praesuli
1491 3231 1674 3299 deferretut

72 3338 87 3377 n
116 3322 344 3378 Christianorum
374 3323 552 3390 convocavit,
582 3330 610 3377 et
640 3339 741 3378 omnes
774 3327 806 3378 ut
855 3325 987 3382 ecclesias
1002 3325 1070 3381 inde
1086 3329 1267 3382 construeret
1279 3325 1324 3380 vel
1337 3324 1511 3397 pauperibus
1526 3329 1671 3396 erogaret.

72 3431 146 3488 ipro
163 3416 376 3471 resuscitatione
395 3417 499 3471 mortui
514 3416 739 3489 deprecarentur
752 3417 803 3471 ad·
853 3419 992 3492 Denique,
1012 3425 1129 3490 accepta
1150 3418 1349 3474 bencdictione
1370 3418 1500 3490 apostoli,
1520 3418 1673 3490 pariter-iu

74 3509 107 3565 it.
125 3509 243 3579 lteiude,
263 3509 337 3564 facto
351 3511 474 3578 silentiu,
491 3511 550 3582 ipse
563 3510 640 3564 clare
653 3527 721 3565 voce
743 3527 804 3566 ore·
854 3513 956 3569 Gallias
976 3513 1081 3568 reversi
1103 3517 1180 3582 sunt,
1197 3513 1383 3584 consultuque
1408 3512 1487 3567 ducis
1506 3512 1671 3584 prinsquam

72 3620 76 3658 ι
95 3602 179 3657 finita
196 3603 324 3659 oratione
344 3604 378 3658 ad
399 3603 526 3658 defuncti
542 3620 644 3675 corpus
662 3604 743 3672 abiit,
760 3611 802 3659 tc·
853 3606 982 3678 proprios
992 3606 1065 3662 lares
1078 3605 1244 3674 reviserent,
1262 3620 1445 3661 communem
1459 3611 1613 3676 patronum
1629 3620 1673 3660 re·

72 3712 113 3768 [ue
127 3713 248 3751 manum
264 3697 334 3768 ejus,
351 3702 383 3752 ut
399 3702 561 3769 resurgeret
575 3698 604 3752 in
619 3699 734 3753 nomine
750 3698 802 3753 Do·
852 3700 1009 3772 petierant.
1031 3700 1161 3772 Cumque
1182 3698 1219 3753 ad
1243 3698 1389 3771 quoddam
1412 3698 1548 3770 palatium
1570 3698 1671 3770 regale

73 3791 221 3862 praecepit.
235 3791 288 3856 Qui
302 3791 452 3847 confestim
468 3792 602 3861 surrexit,
621 3797 648 3846 et
668 3791 801 3863 provolu·
852 3793 988 3850 vocabulo
1005 3793 1208 3849 locuuciecum
1230 3793 1384 3862 venisseut,
1400 3793 1523 3848 tentoria
1540 3796 1569 3848 ct
1587 3792 1669 3865 pepi·

72 3884 181 3956 pisoopi
207 3883 328 3955 pedibus
352 3884 493 3957 baptizari
520 3885 612 3956 petiit.
639 3885 802 3958 Stephanus
852 3888 944 3944 bones
955 3902 1044 3959 super
1056 3887 1231 3942 Vinzennam
1242 3885 1362 3942 fluvium
1375 3885 1510 3942 fixerunt.
1523 3885 1587 3956 Qui,
1600 3885 1672 3941 dum

87 3977 158 4046 dux,
181 3982 212 4032 ut
232 3978 289 4034 hoc
309 3979 425 4051 signum
445 3978 525 4046 vidit,
549 3978 689 4048 similiter,
714 3979 801 4034 sancti
852 3981 943 4038 ellare
957 3981 1024 4037 solis
1038 3985 1190 4037 metuentes
1203 3981 1239 4036 ed
1255 3980 1375 4037 fluvium
1392 3980 1479 4048 irent,
1494 3984 1526 4036 ut
1538 3979 1670 4036 ardorem

72 4071 112 4127 *iis
130 4072 283 4143 procubuit
302 4078 331 4129 et
350 4072 559 4145 indulgentiam
580 4089 632 4144 pro
649 4073 802 4129 commisso
852 4076 938 4131 simul
951 4079 979 4131 et
991 4075 1128 4131 sudorem
1140 4075 1310 4143 devitarent,
1322 4074 1510 4144 Hildebertus,
1522 4072 1670 4130 archardii

72 4181 109 4221 ue
127 4166 301 4238 imploravit.
322 4167 423 4223 Beatus
445 4170 541 4222 autem
564 4167 691 4238 pontifex
711 4166 800 4238 poeni·
852 4169 1022 4225 Pictavcnsis
1043 4169 1156 4225 comitis
1179 4167 1270 4237 tilius,
1294 4168 1330 4222 ed
1352 4169 1445 4224 locum
1469 4168 1518 4241 qui
1540 4168 1672 4224 Garricus

72 4276 105 4314 ¹m
119 4260 147 4314 ei
161 4276 214 4331 pro
229 4260 427 4316 interfectione
441 4259 560 4332 virginis
574 4264 603 4315 et
614 4260 746 4331 martyris
761 4260 802 4314 in·
852 4262 965 4330 dicitur,
987 4263 1076 4331 venit,
1096 4262 1195 4334 ibique
1214 4279 1232 4318 a
1247 4262 1360 4318 diabolo
1378 4261 1530 4317 suffocatus
1550 4261 1669 4330 interiit,
1727 4243 1733 4255 ⁹

82 4355 236 4425 ipsumque
256 4359 284 4409 et
301 4370 402 4409 omnes
424 4355 541 4409 comites
559 4353 634 4408 illius
649 4369 681 4409 ac
704 4354 800 4421 duces,
852 4361 880 4411 ct
899 4356 993 4412 omnis
1009 4356 1148 4411 exercitus
1163 4355 1284 4410 cadaver
1299 4356 1360 4427 ejus
1373 4372 1505 4429 quaereus
1517 4371 1574 4410 nou
1588 4355 1668 4410 inve·

72 4464 175 4520 umque
192 4447 347 4502 exereitum
361 4452 389 4503 ct
403 4463 519 4502 omnem
537 4446 676 4519 populum
694 4447 799 4502 utrius·
810 4445 839 4516 l)
849 4449 902 4505 nit.
917 4450 994 4504 Tunc
1010 4449 1170 4504 Archadius
1186 4464 1253 4503 cum
1272 4450 1351 4504 omni
1365 4449 1491 4504 exercitu
1509 4464 1560 4502 suo
1580 4447 1669 4503 nimio

73 4558 146 4597 exus
171 4556 293 4596 numero
315 4557 348 4596 xv
370 4542 458 4596 millia
477 4540 638 4612 baptizavit.
664 4540 800 4595 Praefatae
850 4557 974 4598 moerore
990 4542 1107 4597 effectus
1124 4546 1176 4611 est,
1197 4543 1411 4614 lacrymansque
1433 4539 1610 4597 Lemovicum
1632 4541 1668 4595 ad

72 4636 124 4691 dux
141 4636 277 4706 magistro
293 4652 343 4690 suo
358 4635 438 4690 dedit
452 4636 542 4690 multa
556 4650 676 4689 mernere
689 4634 751 4688 auri
771 4639 800 4689 et
849 4625 968 4692 beatum
990 4636 1145 4691 llarliolem
1166 4636 1254 4704 venit,
1276 4636 1427 4707 ipsumque
1450 4633 1598 4688 humiliter
1616 4648 1669 4704 pro

75 4730 97 4783 ti
116 4734 147 4784 at
166 4729 269 4784 exinde
288 4729 442 4785 fabricaret
463 4728 592 4783 ecclesias
611 4729 641 4782 in
661 4728 800 4783 honorem
850 4729 910 4786 filia
922 4747 975 4787 suo
992 4731 1162 4802 deprecatus
1179 4734 1231 4785 est.
1245 4730 1324 4784 Tunc
1342 4728 1440 4783 multae
1459 4726 1551 4783 turbae
1565 4726 1669 4782 Gotho·

964 391 1051 448 fllllll.
1067 393 1211 462 Seqecnva
1224 392 1363 449 Martialis
1378 393 1494 463 apostoli
1507 394 1579 448 uita.

901 566 1011 622 interea
1025 565 1185 638 Stephanus
1203 566 1336 638 princeps
1347 567 1513 635 Galliarum,
1529 566 1610 638 jussu
1630 568 1681 624 Ne·

864 658 944 714 renis
962 658 1152 730 imperatoris,
1167 659 1280 715 ltaliam
1300 660 1435 732 perrexit,
1453 659 1550 733 ibique
1569 677 1635 717 eum
1654 677 1680 717 rv

864 751 1025 822 legionibus
1038 752 1233 823 praeliatorum
1246 767 1297 807 sex
1311 752 1454 809 mensibus
1469 753 1494 808 ei
1508 752 1630 809 servivit.
1647 756 1678 809 ln

862 844 978 901 militari
991 851 1088 902 tamen
1102 847 1237 902 exercitio
1253 846 1355 901 divinas
1368 846 1438 918 legis
1452 846 1607 902 immemor
1620 863 1679 903 uon

861 937 925 1005 fuit,
946 938 996 994 sed
1014 939 1172 996 exercitum
1192 956 1277 995 suum
1300 938 1340 995 sie
1361 939 1485 995 instituit
1507 939 1680 1013 utquisque

862 1031 920 1086 suis
934 1035 1083 1088 contentus
1097 1037 1172 1088 esset
1184 1033 1344 1106 stipendiis,
1359 1040 1388 1088 et
1402 1033 1426 1088 si
1439 1032 1503 1105 quis
1516 1033 1623 1106 aliquid
1638 1050 1681 1088 ra-

861 1129 950 1196 peret,
967 1125 1117 1197 capitalem
1131 1126 1304 1182 sententiam
1320 1126 1439 1182 subiret.
1458 1126 1606 1198 Completo
1625 1142 1677 1181 au·

862 1219 922 1272 tem
941 1217 1048 1274 servitii
1067 1224 1206 1291 ternpore,
1223 1219 1373 1275 remeandi
1394 1219 1535 1275 licentiam
1554 1219 1677 1292 accepit3

72 1540 178 1613 *globo
193 1541 301 1597 deferri
314 1543 345 1597 in
361 1543 475 1611 caelum,
488 1559 554 1598 cum
575 1542 741 1614 hymnidico
756 1560 808 1599 an·

857 2339 1013 2395 Dominum
1025 2339 1180 2396 benedixit.
1194 2334 1327 2411 Apostolo
1342 2338 1461 2394 sollicite
1474 2338 1674 2410 percunctanti

857 2434 892 2489 de
910 2432 1040 2489 moribus
1052 2437 1081 2489 et
1093 2433 1187 2506 gratia
1205 2433 1248 2489 vel
1262 2432 1472 2489 conversatione
1492 2431 1605 2503 praefati
1620 2448 1671 2486 an·

857 2527 961 2594 tistitis,
975 2525 1092 2582 devotus
1106 2526 1164 2582 dux
1179 2527 1269 2583 multa
1282 2526 1406 2598 benigne
1421 2522 1518 2581 retulit
1531 2525 1566 2581 de
1581 2524 1672 2580 virtu-

856 2620 931 2675 tibus
943 2620 1004 2692 ejus
1018 2626 1047 2674 et
1060 2619 1208 2692 prodigiis,
1218 2623 1248 2674 et
1257 2618 1292 2675 de
1304 2619 1490 2674 conversione
1504 2617 1673 2691 populorum

856 2714 891 2769 ad
907 2713 1014 2769 fontem
1030 2713 1263 2769 concurrentiam
1278 2713 1349 2768 sacri
1363 2712 1554 2784 baptismatis.

72 4822 106 4879 si.
122 4822 235 4878 Prndia
254 4823 342 4877 etiem
361 4823 491 4894 ingentia
511 4826 539 4877 et
558 4822 640 4894 pluro
664 4821 800 4877 beneficia
851 4840 916 4878 rum
930 4828 960 4879 et
972 4826 1145 4880 Wascouum
1164 4823 1340 4878 lemovicam
1359 4826 1507 4891 venerant,
1521 4823 1550 4877 et
1570 4836 1605 4876 ex
1624 4821 1668 4876 di·

72 4916 156 4972 rineis
169 4920 199 4971 et
211 4916 370 4971 vernaculis
394 4916 424 4972 iu
444 4917 584 4987 provincie
608 4915 799 4972 Lernoviceasi
850 4918 939 4973 versis
955 4917 1121 4989 regionibus
1142 4916 1238 4989 plures
1257 4916 1324 4971 illuc
1344 4914 1443 4987 populi
1461 4915 1667 4981 confluxerant,

72 5010 110 5073 lit,
123 5014 157 5064 ut
169 5011 274 5065 exinde
286 5011 393 5066 faceret
411 5010 589 5066 nobilitatem
604 5009 797 5078 ecclesiarum,
849 5028 883 5067 oc
895 5029 912 5067 a
925 5010 1008 5067 beato
1020 5011 1082 5066 viro
1095 5010 1182 5066 verbe
1196 5026 1270 5066 veros
1280 5009 1377 5065 salutis
1389 5008 1489 5065 eudire
1502 5008 1666 5081 cupiebant.

72 5103 252 5158 ’rubricaturas
267 5107 349 5172 esset,
363 5109 392 5159 et
406 5120 523 5159 omnem
538 5103 726 5176 indigentiam
740 5104 797 5157 cle·
848 5104 1007 5160 Archadius
1026 5107 1055 5159 et
1068 5104 1160 5160 amnis
1175 5103 1297 5175 populus
1315 5103 1352 5158 ad
1372 5103 1461 5174 pedes
1478 5101 1604 5157 hominis
1617 5101 1665 5158 Dei

72 5214 117 5265 m,
140 5197 189 5269 qui
208 5198 236 5252 in
255 5198 360 5252 eisdem
378 5199 434 5252 ilco
450 5197 582 5252 servituri
603 5203 708 5264 essent,
728 5213 797 5269 sup·
849 5214 879 5254 se
892 5198 1085 5270 projecerunt,
1099 5202 1205 5253 etcum
1216 5212 1324 5268 magno
1336 5197 1406 5252 fletu
1418 5213 1470 5268 pro
1485 5196 1666 5251 adolescente

74 5333 81 5347 .
93 5293 162 5347 Post
176 5291 237 5347 brec
252 5291 392 5363 hospitale
405 5307 563 5364 pauperum
574 5291 604 5344 iu
617 5291 798 5363 eleemosyna
849 5291 878 5346 in
887 5291 1007 5347 flumine
1017 5291 1147 5347 demerso
1156 5291 1389 5348 obsecraverunt.
1403 5293 1464 5363 lpse
1475 5289 1667 5362 quoqueflere

81 5385 201 5441 Valeriae
213 5385 290 5453 fecit,
304 5384 334 5439 iu
348 5401 406 5457 quo
426 5402 471 5440 coo
492 5400 633 5456 pauperes
654 5385 734 5440 ouini
750 5385 797 5441 die
849 5384 943 5458 coepit,
963 5389 992 5442 ct
1011 5386 1042 5441 in
1063 5385 1164 5452 cilicio,
1181 5384 1355 5442 discalceatis
1373 5384 1494 5457 pedibus
1514 5382 1551 5439 ed
1573 5381 1667 5437 locum

72 5495 97 5535 rs
119 5478 253 5534 instituit.
277 5478 360 5534 Aliud
383 5494 497 5551 quoque
520 5478 660 5547 instituit,
686 5480 716 5534 iu
740 5496 796 5551 qoo
847 5477 983 5553 perrexit.
1004 5478 1158 5535 orantibus
1176 5495 1244 5534 vero
1259 5479 1378 5548 cunctis,
1393 5478 1436 5533 vir
1453 5477 1501 5534 ilai
1521 5476 1668 5534 demones

72 5589 92 5628 n
105 5588 270 5645 pauperum
282 5589 405 5629 numero
416 5589 450 5628 nc
465 5572 593 5644 qnotidie
608 5572 686 5629 refici
699 5572 796 5628 decre·
847 5573 877 5628 in
891 5573 973 5630 fovee
990 5572 1135 5629 latitantes
1156 5573 1307 5644 adoravit,
1323 5571 1492 5644 precipiens
1513 5575 1544 5626 ut
1563 5585 1668 5641 corpus

87 5681 176 5737 super
189 5666 331 5720 tumulum
351 5666 467 5722 Valeriae
487 5666 605 5737 virginis
621 5668 650 5722 ct
665 5667 797 5739 martyris
848 5667 1037 5724 adolescentis
1051 5667 1088 5722 ad
1101 5667 1194 5739 ripam
1209 5666 1337 5723 fluminis
1349 5665 1504 5733 deferrent,
1518 5669 1547 5720 et
1564 5663 1618 5735 ipsi
1636 5662 1665 5717 in

72 5758 130 5818 ism
145 5758 316 5817 construxit.
848 5764 1001 5837 conspectu
1016 5761 1109 5838 plebis
1124 5760 1272 5821 manifesti
1290 5756 1598 5838 apprehenseum
1609 5771 1672 5811 rnn-
