3750 6046
152 207 202 264 ser
837 201 997 259 eruamur
1015 195 1144 255 virius
1670 172 1673 177 ’
1778 201 1828 257 eea

152 346 208 400 que
231 331 318 384 totam
332 329 360 382 et
377 325 483 396 villam,
504 339 568 398 que
589 324 742 382 chercabia
762 324 874 395 dicitur,
894 341 960 380 cum
972 323 1086 410 Acidis
1110 338 1162 394 per
1188 337 1251 395 que
1276 323 1352 379 idem
1378 322 1409 378 iu
1433 322 1610 378 horrendum
1637 321 1827 394 precipitium

152 420 272 478 ecclesia
291 426 320 476 et
340 419 526 492 presbyterio,
542 420 747 490 ecclesiamque
768 418 803 472 de
821 418 917 474 Insula
933 420 962 473 et
1012 432 1121 470 mersus
1134 421 1177 471 est
1191 419 1297 487 postea.
1313 416 1384 471 Nam
1401 432 1431 472 ιιι
1444 416 1490 471 die
1503 414 1568 472 surii
1582 414 1765 484 Grithiridus,
1780 432 1828 471 rex

151 516 182 571 in
195 515 308 571 civitate
319 515 416 571 Castra
430 514 574 570 ecclesiam
590 512 682 570 Sancti
696 512 771 568 Petri
784 512 818 567 de
830 513 960 580 Marusio,
1010 509 1181 579 Guallorum,
1204 526 1270 565 cum
1291 508 1383 565 trihus
1404 509 1521 565 navibus
1542 509 1595 564 sub
1615 513 1756 579 montem,
1777 508 1826 581 qui

151 611 180 664 et
201 613 259 664 tres
278 608 413 681 hospites.
437 608 505 673 Qum
526 607 621 662 omnia
640 611 671 661 ut
691 605 808 661 Sanctus
830 605 961 660 Ehrulius
1011 602 1314 672 diciturllormaheva,
1328 603 1418 659 littori
1436 603 1570 675 appulsus
1592 606 1644 672 est,
1659 607 1689 658 et
1701 617 1771 658 mox
1783 601 1825 673 pi-

150 702 241 760 sulide
265 709 293 758 et
314 703 420 775 quiete,
434 703 506 757 sicut
521 718 553 756 ca
573 700 633 772 ipse
653 699 778 767 dederat,
794 699 959 770 possideret,
1010 701 1134 752 ratarum
1156 697 1295 753 exercitus
1318 697 1398 768 quasi
1420 696 1481 768 lupi
1500 711 1618 769 rapaces
1634 695 1670 751 ad
1692 696 1825 768 depopu-

149 793 180 849 in
204 794 358 866 capitulum
384 793 513 849 Uticense
539 790 628 858 veuit,
648 795 676 845 et
699 790 733 845 de
757 789 801 844 his
826 788 960 845 omnibus
1009 790 1125 846 landam
1140 789 1481 862 regionemdiiiususest.
1496 789 1612 846 Interim
1626 805 1707 847 mare
1722 790 1826 845 tluctus

149 904 215 961 quas
230 887 392 956 dictasunt,
407 901 500 940 coram
512 883 645 940 ldaincriu
659 883 761 938 abbate
776 885 805 937 et
819 887 960 938 conventu
1009 901 1076 939 suos
1096 884 1222 952 retraxit,
1243 886 1272 938 et
1285 884 1315 939 in
1338 884 1410 940 sicco
1432 883 1526 940 littore
1547 882 1645 939 classis
1666 882 1825 956 piratarum

148 981 355 1036 monachorum
366 977 576 1034 concessionem
590 993 670 1032 suam
684 976 871 1031 confirmavit.
883 977 960 1031 Tunc
1010 978 1096 1034 stetit.
1119 976 1292 1034 Grithlridus
1315 982 1413 1033 autem
1437 994 1502 1032 cum
1526 977 1585 1032 suis
1609 992 1660 1049 per
1682 975 1826 1032 maritima

148 1074 259 1130 ibidem
271 1089 336 1129 cum
354 1089 387 1128 eu
401 1071 517 1127 fuerunt
536 1073 620 1127 llezso
640 1071 764 1126 demnas
784 1074 812 1124 et
831 1070 909 1140 llugo
923 1069 959 1124 de
1010 1071 1151 1141 discurrit,
1167 1070 1298 1126 homines
1312 1073 1342 1126 et
1355 1074 1487 1127 armenta
1507 1070 1611 1143 rapuit,
1632 1086 1666 1126 ac
1685 1069 1722 1126 sd
1736 1085 1824 1125 naves

147 1167 259 1236 Millsio,
278 1166 444 1222 Gnillelmus
461 1165 598 1220 Pincernu
619 1162 694 1219 filius
712 1163 848 1220 Grimoldi
861 1166 889 1216 ct
906 1163 961 1217 Ru·
1010 1165 1160 1221 exsiccatas
1174 1164 1277 1220 festine
1291 1164 1439 1220 remeavit.

149 1261 245 1334 gorius
264 1259 338 1315 illius
357 1260 459 1329 Geroii,
475 1258 622 1314 Durandus
635 1259 664 1313 et
676 1258 835 1326 Drunellus,
856 1255 958 1311 Dsher-
1045 1261 1155 1314 Interea
1169 1258 1276 1313 clamor
1291 1257 1367 1329 vulgi
1381 1257 1570 1326 liudbertum,
1586 1256 1705 1313 meridie
1718 1256 1825 1313 dormi·

147 1371 202 1411 nus
221 1355 255 1410 de
269 1353 392 1425 Orgeriis
411 1356 496 1425 atque
509 1351 657 1407 Canterius
672 1350 850 1422 prepositus.
866 1352 959 1405 luter·
1010 1355 1131 1419 tautam,
1158 1351 1297 1420 excitavit,
1322 1350 1405 1422 eique
1427 1350 1560 1407 hostilem
1587 1350 1746 1406 discursum
1775 1366 1826 1422 per

147 1450 265 1505 fuerunt
282 1448 323 1516 hi,
338 1447 406 1501 dum
426 1445 586 1501 Rodbertus
607 1444 754 1500 basilicam
776 1443 912 1514 perrexit,
931 1445 960 1498 et
1004 1444 1115 1501 'terrem
1131 1461 1212 1500 suam
1226 1443 1377 1500 nuntiavit.
1393 1444 1442 1500 llle
1456 1460 1536 1515 vero,
1554 1446 1585 1499 ut
1599 1443 1722 1516 jacebat,
1737 1443 1824 1515 impi-

148 1542 332 1597 donatiunem
345 1554 441 1594 renam
452 1542 761 1609 supramemoratarum
772 1552 859 1607 super
869 1536 959 1590 altare
1011 1555 1062 1610 ger
1081 1538 1212 1607 surrexit,
1228 1543 1256 1594 et
1273 1554 1341 1594 mux
1359 1554 1513 1610 precones,
1530 1538 1567 1593 ad
1587 1536 1825 1610 congregandum

145 1635 250 1707 posuit.
267 1635 331 1688 Haec
348 1632 471 1687 breviter
489 1630 570 1702 tetigi
587 1630 622 1685 de
643 1631 725 1685 donis
744 1646 809 1701 quae
826 1629 959 1701 prefatus
1010 1648 1116 1704 agmen
1137 1634 1324 1702 armatorum,
1345 1648 1398 1703 per
1421 1634 1511 1687 totam
1534 1630 1685 1703 regionem
1708 1630 1823 1686 direxit.

145 1730 229 1783 herus
238 1726 361 1782 Uticensi
371 1725 489 1781 contulit
499 1724 632 1791 ecclesie,
644 1740 750 1779 uecme
763 1723 837 1789 velit,
849 1701 1094 1794 queisqssl‘orru
1127 1726 1187 1798 ipse
1221 1741 1286 1780 cum
1319 1725 1418 1796 paucis
1450 1723 1634 1780 bellatoribus
1665 1725 1824 1795 imparatus

146 1822 272 1894 prudens
284 1821 372 1875 lector
387 1818 594 1874 inconsiderate
609 1816 791 1885 subsannare,
807 1816 830 1870 si
843 1816 958 1871 titulum
1008 1819 1122 1875 Guallus
1145 1824 1310 1891 prosecutus
1331 1825 1384 1887 est,
1400 1818 1477 1875 etde
1499 1818 1603 1875 vertice
1625 1817 1732 1872 montis
1758 1818 1825 1873 llor-

146 1914 260 1986 incoepti
278 1912 380 1985 operis,
395 1912 465 1966 darm
483 1916 594 1982 tempus
607 1915 658 1978 est,
674 1926 831 1982 prosequor
844 1908 873 1964 in
891 1925 957 1964 nar·
1009 1913 1153 1981 malaeve,
1185 1912 1233 1985 qui
1266 1911 1351 1967 nimis
1377 1913 1498 1982 ardisus,
1528 1911 1652 1984 captivos
1679 1926 1696 1966 a
1725 1909 1824 1983 piratis

147 2009 269 2064 ratione.
1007 2006 1103 2078 ligari,
1119 2005 1191 2062 etin
1207 2021 1293 2061 naves
1314 2021 1380 2060 cum
1401 2005 1550 2078 pecoribus
1572 2003 1745 2077 precipitari
1764 2019 1824 2076 spe·

183 2101 352 2169 Radbertus,
375 2097 485 2154 Uniridi
504 2096 588 2163 filius,
615 2096 685 2151 dum
707 2112 780 2168 puer
800 2101 869 2165 erat,
892 2112 958 2151 cum
1008 2100 1118 2156 culatus
1133 2104 1184 2156 est.
1200 2099 1279 2155 Unde
1298 2098 1465 2168 marchisus,
1483 2098 1575 2154 audax
1594 2102 1627 2154 ut
1642 2098 1688 2155 leu
1709 2096 1822 2167 nobilis,

146 2199 224 2268 patre
251 2209 301 2248 sno
328 2192 358 2247 in
383 2191 516 2262 Angliam
539 2189 747 2260 transfretavit,
773 2195 803 2245 et
823 2189 957 2245 Eduardo
990 2194 1190 2252 ‚vehementer
1207 2191 1366 2260 infremuit,
1383 2192 1571 2265 hominesque
1585 2208 1701 2264 paucos,
1716 2191 1767 2263 qui
1784 2207 1824 2247 se·

144 2287 216 2359 regi,
230 2287 321 2343 donec
334 2285 369 2340 ab
382 2284 483 2340 eodem
498 2284 579 2338 milas
592 2282 682 2350 lieret,
696 2282 776 2338 domi
791 2283 957 2354 militiaeque
1008 2304 1072 2342 cum
1093 2286 1216 2342 inermes
1238 2291 1329 2354 eraut,
1345 2288 1386 2354 ut,
1407 2291 1560 2358 antequam
1576 2290 1660 2341 estus
1674 2285 1765 2341 maris
1780 2301 1824 2340 ιε-

144 2380 266 2437 servivit.
292 2377 413 2445 Deinde,
437 2377 613 2449 fulgentibus
634 2376 721 2431 armis
740 2377 801 2448 Jam
824 2376 955 2446 indutus,
1007 2381 1090 2448 diret,
1111 2397 1197 2452 super
1214 2380 1325 2436 Guallus
1341 2379 1371 2435 in
1393 2379 1467 2435 siccu
1489 2380 1585 2435 littore
1606 2379 1750 2434 irruerent
1772 2379 1822 2433 ad·

143 2475 286 2546 regiisque
313 2470 478 2526 muneribus
499 2469 656 2525 honorifice
680 2470 797 2538 ditatus,
825 2475 957 2541 parentes
1008 2475 1129 2531 monuit.
1153 2474 1195 2530 llli
1216 2490 1282 2530 veru
1303 2473 1484 2546 praetendunt
1497 2488 1613 2529 sitorum
1633 2473 1821 2544 paucitatem,

144 2585 208 2624 suos
231 2567 353 2622 revisere
377 2563 546 2635 concupivit,
565 2567 594 2619 et
616 2564 694 2634 regis
715 2563 818 2633 adepta
838 2562 959 2635 permis·
1007 2569 1037 2623 et
1051 2567 1198 2639 perardui
1212 2567 1318 2622 montis
1332 2565 1521 2639 precipitium
1539 2566 1732 2622 descendendi
1746 2565 1821 2620 diiii·

144 2663 240 2728 sione,
273 2659 310 2715 ad
342 2674 408 2713 siros
435 2673 523 2712 ovans
551 2656 723 2728 repatriavit.
751 2657 833 2711 Facto
861 2661 957 2712 autem
1007 2661 1150 2716 cultatem.
1170 2660 1298 2732 Denique
1319 2660 1489 2726 liodbertus,
1510 2659 1577 2715 dum
1597 2660 1707 2715 videret
1728 2657 1823 2714 inimi-

144 2754 273 2811 Senlcciu
301 2752 387 2821 bellu,
415 2755 442 2806 et
463 2766 531 2822 rege
546 2749 695 2805 Gnillelmo
718 2749 816 2804 multis
833 2750 957 2805 hostium
1007 2771 1072 2809 cum
1095 2769 1200 2826 agmen
1224 2769 1288 2808 cum
1314 2752 1411 2826 preda
1434 2769 1486 2808 sua
1511 2752 1669 2824 prestolari
1696 2753 1822 2810 reditum

143 2848 311 2904 tumultibus
333 2850 486 2916 occupato,
510 2843 648 2915 prelatus
671 2843 726 2897 tiro
750 2859 815 2897 cum
839 2845 956 2915 llugoue
1007 2848 1102 2915 maris,
1122 2864 1179 2919 quo
1199 2849 1358 2919 aufugeret,
1380 2846 1466 2902 nimis
1489 2846 1587 2916 doluit,
1610 2846 1821 2921 impatiensque

143 2940 313 2997 consobrino
330 2955 390 3008 suo,
410 2937 541 2993 Richardi
555 2936 591 2990 de
606 2936 747 3004 Abrincis,
762 2941 955 3008 cognomento
1007 2957 1107 3008 more,
1130 2957 1181 3013 per
1201 2940 1346 2996 difficilem
1366 2939 1533 2996 descensum
1554 2940 1615 2996 siue
1635 2940 1733 3008 lorica,
1756 2957 1821 2996 cum

143 3037 206 3104 Goz,
225 3034 293 3101 filio,
309 3033 413 3087 iterum
437 3030 472 3085 ad
492 3030 599 3102 hagios
616 3030 738 3100 transiit,
757 3033 786 3085 et
801 3046 913 3102 semper
926 3031 956 3086 in
1007 3051 1066 3089 unu
1083 3034 1183 3100 milite,
1205 3033 1322 3089 nomine
1343 3033 1470 3089 Dsbernu
1492 3033 1528 3088 de
1549 3033 1685 3105 Orgcriis,
1703 3033 1740 3089 ed
1761 3034 1822 3090 hos

142 3128 274 3183 omnibus
292 3125 445 3193 exercitiis,
465 3141 530 3197 que
545 3141 561 3179 a
576 3122 713 3178 militibus
731 3123 843 3196 agenda
862 3128 955 3192 erant,
1007 3131 1050 3183 tas
1066 3127 1220 3182 descendit.
1236 3127 1326 3192 Quem
1342 3142 1407 3182 cum
1425 3126 1555 3182 viderent
1572 3127 1630 3182 solo
1646 3126 1746 3199 clypeo
1759 3143 1822 3200 pro-

142 3223 219 3277 inter
240 3220 399 3292 precipuus
419 3218 519 3290 viguit.
542 3216 660 3285 Deinde,
683 3222 748 3289 pust
768 3217 871 3272 multus
892 3233 956 3290 ago·
1006 3227 1121 3288 tectum,
1141 3226 1240 3276 etune
1255 3223 1367 3275 tantum
1383 3219 1476 3275 milite
1492 3219 1638 3291 stipatum,
1655 3236 1758 3276 omues
1776 3237 1821 3292 pa·

142 3332 203 3383 nes,
227 3313 361 3384 predicto
387 3310 498 3383 llugoni
522 3310 671 3365 comitatus
692 3310 849 3366 Castrensis
873 3310 957 3365 datus
1005 3315 1076 3369 riter
1097 3313 1127 3369 in
1151 3313 1230 3369 illum
1255 3312 1371 3368 missilia
1393 3313 1551 3382 destinant,
1574 3317 1606 3369 et
1624 3319 1739 3370 scutum
1761 3314 1821 3387 ejus

143 3412 202 3478 est,
228 3409 257 3461 et
278 3405 437 3460 liudbertus
462 3404 592 3477 princeps
618 3402 726 3458 militie
752 3403 832 3474 ejus,
859 3408 888 3459 et
912 3409 954 3459 tu·
1003 3407 1103 3480 jaculis
1115 3407 1332 3463 intolerabiliter
1344 3410 1474 3476 onerant,
1489 3411 1518 3462 et
1530 3407 1682 3479 egregium
1696 3408 1819 3464 militem

141 3501 197 3557 tius
218 3499 370 3572 provincie
393 3498 566 3569 gubernatur
586 3497 675 3551 factus
695 3499 746 3551 est.
769 3497 847 3551 Tunc
871 3496 954 3552 vicini
1004 3500 1149 3556 lethaliter
1168 3499 1327 3555 vulnerant.
1347 3500 1446 3555 Nullus
1467 3504 1564 3556 tanmn
1583 3500 1712 3571 quandiu
1733 3501 1819 3569 stetit,

142 3594 281 3661 Britones,
302 3592 351 3665 qui
368 3591 469 3659 Gualli,
493 3591 535 3647 vel
549 3590 712 3647 Guallcnses
731 3590 814 3662 vulgo
835 3590 955 3645 vocitan·
1005 3597 1035 3650 et
1054 3609 1183 3666 parmam
1203 3593 1307 3660 tenuit,
1325 3593 1359 3648 ad
1375 3609 1441 3649 eum
1463 3592 1593 3649 cominus
1611 3594 1757 3662 accedere,
1777 3593 1818 3649 vel

142 3690 198 3758 tur,
213 3692 312 3743 contra
325 3702 423 3759 regem
437 3685 619 3740 Gnillelmum
630 3688 657 3739 et
670 3699 768 3739 omnes
780 3683 841 3755 ejus
860 3666 954 3739 lauto·
1005 3703 1071 3743 eum
1089 3702 1157 3742 ense
1174 3686 1313 3758 impetere
1332 3702 1418 3741 ausus
1437 3686 1501 3741 fuit.
1520 3686 1647 3742 Tandem
1669 3686 1819 3743 bellicosus

141 3797 188 3836 rcs
215 3780 298 3836 nimis
322 3778 576 3835 debacchabantur.
604 3779 722 3833 Decreta
746 3778 842 3849 itaque
869 3777 954 3849 regis,
1004 3780 1088 3836 heros
1112 3779 1226 3852 spiculis
1250 3780 1396 3834 confussus
1420 3795 1515 3852 genna
1538 3779 1627 3847 flexit,
1653 3785 1683 3835 et
1705 3786 1817 3836 scutum

142 3874 280 3947 oppidum
290 3878 388 3928 contra
399 3873 509 3927 Guallos
520 3871 597 3943 apud
610 3870 800 3926 Rodeleutum
814 3874 956 3926 construc-
1004 3873 1157 3929 missilibus
1172 3871 1257 3928 nimis
1271 3877 1416 3942 onustum,
1431 3873 1538 3928 viribus
1558 3872 1685 3941 allectus,
1701 3872 1817 3942 dimisit,

141 3972 202 4022 tum
216 3971 268 4036 est,
281 3969 311 4020 et
320 3966 472 4032 liudberto,
484 3970 514 4019 ut
525 3966 586 4037 ipse
601 3981 652 4035 pro
665 3963 831 4019 defensione
843 3964 953 4036 anglici
1004 3967 1185 4038 animamque
1197 3982 1277 4020 suam
1290 3966 1358 4029 Deo,
1374 3971 1538 4038 sancteque
1556 3966 1603 4022 Dei
1616 3965 1747 4038 genitrici
1761 3967 1818 4023 lla·

141 4059 224 4130 regni
237 4058 365 4113 barbaris
386 4062 588 4129 opponeretur,
611 4058 709 4112 datum
732 4058 784 4111 est.
804 4056 955 4112 Bellicusus
1004 4062 1055 4116 rie
1069 4059 1287 4116 commendavit.
1303 4060 1379 4114 Tunc
1393 4076 1495 4115 omnes
1512 4060 1541 4115 iu
1554 4059 1634 4115 illum
1649 4059 1774 4129 irruunt,
1790 4064 1817 4116 et

140 4152 266 4207 marchio
283 4155 380 4206 contra
398 4151 555 4222 inquietam
576 4154 692 4222 gentem
712 4149 867 4221 sepissime
891 4167 956 4206 con·
1003 4155 1033 4210 iu
1046 4157 1199 4225 conspectu
1213 4168 1330 4209 suorum
1346 4156 1432 4224 caput
1450 4153 1512 4224 ejus
1531 4152 1711 4220 abscindunt,
1728 4170 1761 4209 ac
1777 4171 1819 4208 su-

140 4245 222 4312 ilirit,
247 4244 408 4317 crebrisque
432 4243 635 4300 certaminibus
659 4244 781 4300 multum
808 4244 954 4316 sauguinis
1004 4264 1057 4321 ρει
1079 4247 1188 4302 rnatum
1208 4247 1286 4301 navis
1304 4263 1355 4319 pru
1378 4247 1461 4319 signu
1483 4247 1609 4302 victorie
1628 4247 1817 4319 suspendunt.

140 4338 250 4394 elladii.
267 4338 369 4394 Incolis
382 4338 477 4409 itaque
493 4337 654 4392 Britonihus
667 4354 740 4393 sevo
752 4339 839 4393 llartc
853 4338 952 4410 repul·
1004 4342 1060 4396 lloc
1073 4341 1168 4412 plures
1182 4341 1216 4396 de
1229 4340 1375 4396 cacumine
1387 4340 1491 4397 montis
1505 4357 1570 4397 cum
1582 4340 1694 4413 ingenti
1706 4341 1778 4397 fletu
1792 4347 1820 4396 et

141 4434 187 4503 sis,
210 4434 282 4488 lines
303 4448 370 4487 suos
391 4431 529 4499 dilatavit,
551 4438 579 4486 et
602 4431 632 4487 in
655 4436 750 4486 munte
773 4428 1137 4505 Dagaunoth‚Dmoestitia
1149 4434 1314 4503 cernebant,
1324 4434 1373 4490 sed
1386 4435 1458 4490 hero
1471 4451 1522 4490 suo
1533 4450 1698 4490 succurrere
1708 4451 1766 4490 nou
1775 4451 1819 4489 va·

139 4529 187 4601 qui
202 4527 270 4583 mari
287 4526 436 4598 contiguus
452 4528 504 4596 est,
521 4525 707 4581 fortissimum
722 4526 870 4581 castellum
885 4542 952 4581 cou·
1003 4529 1111 4585 lebant.
1126 4527 1232 4584 Deinde
1249 4528 1499 4598 comprovinciales
1512 4528 1547 4584 de
1559 4530 1621 4584 tota
1633 4528 1751 4600 regione
1767 4529 1817 4584 ad-

138 4622 218 4678 didit.
237 4624 289 4677 l‘er
305 4638 339 4676 xv
357 4637 447 4676 anuos
464 4619 686 4675 intolerabiliter
703 4619 830 4676 britones
849 4619 953 4690 protri·
1004 4622 1082 4677 unali
1097 4625 1173 4690 sunt,
1190 4622 1238 4677 sed
1253 4621 1370 4690 trustra,
1384 4622 1449 4694 quia
1465 4621 1607 4677 marchiso
1618 4621 1681 4693 jam
1696 4625 1818 4678 mactato

137 4717 187 4784 vit,
202 4722 228 4771 et
243 4716 314 4770 lines
329 4731 440 4782 corum,
455 4713 504 4786 qni
522 4713 643 4786 pristina
661 4713 790 4769 libertate
809 4716 953 4768 tumentes
1002 4715 1149 4788 suffragari
1170 4716 1372 4787 nequiverunt.
1395 4715 1487 4772 Classe
1511 4719 1608 4771 tamen
1631 4721 1750 4786 parata,
1779 4716 1819 4789 pi·

136 4809 207 4865 nihil
235 4809 353 4864 omnine
377 4807 547 4862 Nurmaunis
569 4807 739 4874 debuerunt,
764 4806 875 4861 invasit.
900 4807 953 4862 Per
1002 4814 1079 4865 ratas
1092 4825 1143 4880 per
1153 4825 1232 4864 mare
1244 4810 1386 4882 fugientes
1398 4808 1645 4881 persequebantur
1658 4808 1744 4864 nimis
1756 4811 1819 4864 tris-

135 4903 219 4958 silvas
231 4906 260 4958 et
272 4902 388 4974 peliades
404 4906 432 4956 et
452 4917 504 4973 per
523 4900 628 4956 arduus
650 4909 765 4955 montes
786 4903 951 4971 persecutus
1001 4907 1053 4971 tes,
1075 4903 1144 4957 dum
1168 4905 1253 4974 caput
1276 4902 1411 4975 principis
1436 4903 1478 4957 sui
1503 4918 1588 4973 super
1612 4902 1722 4958 malurn
1747 4919 1819 4975 pup-

135 4997 230 5052 hustcs
258 4995 355 5051 multis
386 4995 479 5050 modis
510 4994 682 5068 profligavit.
713 4995 781 5048 h'am
812 4995 950 5066 quosdam
1001 4996 1045 5068 pis
1063 4995 1256 5051 intuebantur.
1274 4997 1402 5068 Cumque
1420 4995 1592 5053 Grithiridus
1610 4998 1641 5053 et
1660 4998 1818 5069 complicas

135 5090 266 5144 cominus
279 5095 310 5144 ut
326 5088 448 5161 pecudes
466 5088 653 5144 irreverenter
666 5087 778 5156 occidit,
799 5088 871 5143 alios
884 5104 950 5143 vero
1001 5089 1043 5145 sui
1065 5089 1254 5160 respicerent,
1276 5095 1305 5145 et
1326 5093 1523 5162 persecutores
1544 5087 1631 5144 nimis
1654 5088 1743 5144 iratos
1764 5107 1816 5163 pru

135 5182 241 5237 diutius
263 5181 382 5237 vinculis
402 5181 645 5254 mancipantem
668 5180 803 5236 indebite
823 5180 951 5236 servituti
1000 5182 1106 5255 injuria
1118 5183 1200 5238 herili
1217 5183 1409 5252 adverterent,
1424 5186 1509 5254 caput
1524 5182 1730 5255 deposuerunt,
1744 5190 1774 5240 et
1788 5185 1817 5239 in

135 5275 272 5330 atrociter
290 5275 462 5346 subjugavit.
484 5274 656 5330 Christicolae
680 5290 738 5330 uon
760 5274 827 5330 licet
848 5275 950 5331 iratres
1000 5292 1079 5332 mare
1092 5275 1285 5349 projecerunt.
1299 5278 1356 5333 lloc
1369 5281 1400 5332 ut
1413 5275 1528 5332 liuberti
1543 5275 1649 5332 milites
1660 5293 1816 5348 conspexe-

135 5384 200 5423 suos
215 5369 254 5424 sic
269 5367 442 5440 opprimere,
456 5367 504 5439 qui
518 5366 547 5422 in
568 5366 624 5423 lide
638 5367 740 5424 Christi
759 5384 837 5423 sacro
857 5368 949 5424 renati
1000 5374 1077 5438 runt,
1097 5369 1296 5442 nequidquam
1318 5369 1452 5443 prosequi
1473 5369 1633 5427 homicidas
1655 5368 1815 5428 desierunt.

133 5464 200 5516 sunt
212 5461 396 5535 baptismate.
999 5463 1109 5535 Corpus
1130 5479 1197 5519 veru
1221 5463 1283 5535 ejus
1304 5479 1369 5519 cum
1395 5463 1486 5519 nimio
1507 5462 1585 5518 luctu
1607 5463 1768 5535 Auglomm
1789 5468 1817 5520 et

169 5553 306 5625 Superbia
334 5559 363 5610 et
387 5554 537 5627 cupiditas,
563 5570 627 5626 que
652 5571 704 5627 per
729 5557 822 5611 totum
846 5554 947 5610 urbem
998 5556 1233 5613 Nurmanuorum
1247 5556 1435 5625 sustulerunt,
1448 5559 1478 5613 et
1493 5555 1623 5613 cestram
1639 5556 1815 5628 detulerunt,

36 5651 39 5654 '
132 5649 298 5705 mortalium
319 5648 464 5721 possident
481 5650 607 5721 practura,
628 5648 805 5705 liudbertum
828 5649 948 5705 marchi·
997 5649 1095 5724 ibique
1110 5650 1139 5706 in
1154 5650 1282 5707 cenobio
1295 5652 1405 5707 Sancte
1420 5648 1581 5723 walburgae
1595 5648 1717 5722 virginis
1731 5666 1815 5724 sepe·

127 5758 193 5799 sum
209 5741 316 5816 absque
329 5743 413 5800 modo
426 5742 460 5798 ad
476 5743 587 5818 predas
601 5742 785 5799 stimulabant
803 5746 832 5798 et
852 5743 946 5800 homi·
997 5744 1112 5801 lierunt.
1138 5745 1235 5817 Nuper
1259 5744 1328 5802 iliud
1357 5742 1521 5803 muchium
1554 5744 1636 5820 liugn
1659 5744 1817 5805 Castrensis
