3750 6046
158 246 226 305 1000

751 276 755 283 -
820 240 993 301 anastasii
1011 240 1046 300 iv
1063 241 1171 303 PLPAE.

1773 238 1833 299 loir

191 363 375 419 Decernimns
389 378 459 435 ergo
468 365 501 417 ut
510 360 580 417 nulli
593 361 710 418 omnino
724 361 873 418 bominum
887 365 970 419 beent
981 366 1067 450 Aqui
1082 383 1130 421 eos
1146 364 1381 438 presumpserint
1393 362 1540 435 infestare,
1554 376 1681 419 murum
1694 376 1748 417 nos
1759 362 1831 417 tulis·

153 457 333 517 commissam
351 458 401 513 tibi
419 456 572 513 Ecclesiam
591 458 698 512 temere
718 458 898 529 perturbare,
920 464 969 513 aut

153 553 214 625 ejus
228 550 419 625 possessiones
434 552 557 620 arrlcrrc,
574 552 618 607 vel
638 551 743 607 ablatas
759 551 894 620 retinere,
913 552 968 607 mi-

151 662 252 714 nuere,
278 662 329 702 seu
352 645 527 718 quibuslibet
548 642 742 701 vexationibus
763 644 894 717 fatigare,
919 645 969 702 sed

154 739 253 797 omnia
277 739 390 810 integra
414 741 619 793 conservantur
645 754 745 793 eorum
768 753 821 810 pro
847 753 969 810 quorum

154 833 360 907 gubernatione
373 834 402 887 et
415 830 619 888 sustentatione
632 847 767 888 concessa
781 834 859 901 sunt,
872 831 969 887 usibus

153 927 325 985 omnimodis
336 925 497 999 profutura,
510 925 585 981 salsa
599 925 673 981 sedis
690 926 853 997 apostolice
870 929 966 982 aucto-

153 1023 247 1079 ritate.

187 1115 217 1172 Si
230 1130 288 1187 qua
299 1112 386 1186 igitur
399 1113 430 1169 in
440 1112 572 1170 loturum
586 1111 775 1170 ecclesiastica
789 1114 966 1171 secularisve

151 1224 283 1283 persona,
299 1212 353 1264 ete.

187 1306 245 1377 Ego
275 1300 435 1359 Anastasius
471 1300 618 1358 catholice
652 1301 784 1358 Ecclesiae
817 1301 967 1374 episcopus

151 1398 261 1455 subscr.

184 1492 242 1563 ligo
266 1489 320 1545 GG.
347 1489 497 1562 presbyter
521 1487 674 1544 cardinalis
698 1488 744 1545 tit.
770 1487 872 1547 Calixti
895 1487 961 1544 sub·

151 1585 260 1656 scripsi.

185 1683 244 1752 Ego
269 1678 400 1736 seuleus
426 1678 520 1750 presb.
546 1676 697 1735 cardinalis
726 1678 836 1734 Sancte
864 1676 965 1733 Prisce

150 1774 313 1846 subscripsi.

184 1870 245 1940 Ego
259 1867 339 1923 0000
352 1866 424 1923 diac.
440 1865 593 1922 cardinalis
612 1864 709 1922 Sancti
729 1864 845 1937 Georgii
860 1865 895 1921 ed
911 1865 963 1921 lle-

148 1963 210 2019 lum
223 1965 347 2018 Aureum
362 1959 525 2032 subscripsi.

185 2059 285 2113 ilatum
299 2055 430 2111 Laterani
443 2070 495 2125 per
514 2069 631 2109 manum
646 2051 774 2121 llolandi,
790 2054 893 2108 sancte
905 2052 964 2108 Ro·

148 2166 243 2207 mane
262 2148 390 2204 Ecclesiae
408 2147 566 2219 presbyteri
588 2146 741 2203 cardinalis
752 2146 789 2201 'et
806 2145 965 2202 cancellarii

146 2258 186 2300 vu
216 2241 355 2298 ltalendas
380 2241 487 2310 Martii,
516 2240 671 2297 indictione
696 2256 732 2309 11,
761 2239 964 2296 incarnationis

149 2336 306 2393 [lominice
318 2351 394 2391 anno
408 2337 486 2402 lisa,
502 2334 682 2407 pontificatus
695 2350 761 2389 vero
774 2333 874 2389 domni
888 2337 964 2389 Ana·

1019 460 1123 516 simum
1140 476 1327 532 opponemus.

1055 554 1157 610 ilatum
1169 553 1312 625 Laterani,
1328 554 1390 609 llal.
1407 551 1508 610 nanu.

1382 669 1471 725 XLIX.

1017 787 1163 843 Ecclesiam
1188 791 1365 844 turonensem
1388 790 1444 842 torn
1468 785 1594 841 Donruea
1620 798 1713 855 00000
1731 788 1826 839 cnarr-

1052 884 1113 922 nrm
1135 869 1286 923 Britannia
1306 868 1440 922 citerioris
1460 867 1652 935 episcopmm
1675 863 1826 935 mensuro

1052 950 1199 1018 00010001,
1212 951 1318 1018 petente
1331 945 1501 1017 Bnpctbuldo
1514 946 1655 1015 00100000.

1271 1039 1423 1110 (Laterani,
1438 1039 1519 1094 llart.
1535 1038 1573 1104 3.)

1169 1141 1299 1215 {Maura-r,
1317 1139 1526 1205 0110000000,
1539 1138 1588 1209 lll,
1603 1134 1685 1209 SOL]

1051 1262 1225 1316 anasrssrus
1248 1258 1407 1330 episcopus,
1430 1272 1527 1313 servus
1542 1268 1699 1311 serrorum
1718 1252 1776 1323 001,
1791 1268 1826 1309 re

1015 1352 1133 1427 ncrabili
1149 1353 1231 1409 fratri
1250 1355 1428 1410 1100000000
1439 1347 1597 1406 Turonensi
1611 1343 1825 1419 archiepiscopo,

1016 1448 1134 1520 ejusque
1161 1445 1373 1503 successoribus
1397 1443 1532 1500 canonice
1555 1439 1781 1511 substituendis,
1802 1440 1825 1495 iu

1017 1545 1199 1613 perpetuum.

1050 1632 1171 1691 iustitie
1185 1637 1214 1690 et
1231 1631 1349 1689 rationis
1361 1630 1431 1686 ordo
1445 1629 1553 1699 suadet,
1569 1633 1603 1686 ut
1619 1627 1677 1701 qui
1693 1642 1746 1685 sua
1763 1626 1826 1685 desi·

974 1728 1096 1822 Bderat
1112 1745 1129 1783 a
1144 1726 1353 1784 successoribus
1370 1725 1502 1781 mandata
1518 1722 1639 1791 serrari,
1658 1722 1827 1781 decessorum

1014 1838 1131 1879 suorum
1144 1821 1321 1877 voluntalem
1336 1822 1366 1875 et
1379 1821 1487 1874 stataria
1506 1815 1664 1873 custodiat.
1681 1816 1828 1873 Predaeee

1015 1932 1064 1974 sor
1076 1915 1219 1988 siquidem
1234 1918 1331 1970 noster
1343 1911 1432 1970 felicis
1446 1911 1594 1968 memorie
1608 1926 1692 1983 papa
1704 1912 1828 1967 lnnoen·

1015 2010 1073 2066 tius
1089 2008 1322 2077 controversiam,
1340 2022 1404 2079 que
1423 2004 1459 2061 de
1478 2004 1648 2077 prelatione
1668 2003 1829 2061 Turonensis

1015 2104 1143 2160 ecclesie
1160 2108 1187 2159 el
1202 2100 1376 2174 subjectione
1390 2098 1520 2156 Dolensis
1531 2098 1610 2154 inter
1629 2114 1735 2155 earnm
1748 2102 1829 2171 pam

1015 2215 1061 2253 res
1078 2198 1138 2270 jam
1160 2197 1209 2252 diu
1233 2195 1339 2267 agitate
1357 2198 1410 2262 est,
1423 2193 1506 2249 bone
1525 2192 1681 2249 memorie
1694 2191 1829 2258 Gaulritlo,

1015 2290 1161 2364 quondam
1195 2289 1361 2345 carnotensi
1390 2287 1539 2360 episcopo,
1573 2292 1647 2342 tunc
1680 2284 1829 2359 apostolice

1015 2384 1091 2440 sedis
1105 2384 1212 2455 legato,
1228 2380 1457 2456 cognoscendam
1471 2380 1750 2455 terminandamque
1762 2395 1829 2437 con·

1014 2478 1101 2534 misit.
1118 2478 1189 2543 000
1205 2493 1270 2532 cum
1290 2476 1319 2531 in
1335 2475 1396 2547 ejus
1412 2457 1563 2547 presentia
1578 2474 1608 2529 in
1623 2473 1760 2547 pluribus
1773 2474 1830 2529 locis

1015 2571 1115 2627 Gallie
1128 2574 1247 2626 tractata
1262 2571 1346 2636 esset,
1365 2571 1395 2624 et
1409 2567 1531 2624 necdum
1544 2566 1604 2623 tine
1619 2566 1723 2624 debito
1742 2566 1829 2623 termi-

1014 2667 1091 2733 nata,
1116 2664 1244 2720 Dolensis
1264 2662 1493 2734 archiepiscopus
1518 2660 1555 2716 ad
1578 2661 1713 2733 ejusdem
1736 2660 1831 2734 prede

1015 2757 1132 2815 cessoris
1148 2756 1237 2813 nostri
1250 2754 1431 2829 presentiam
1445 2754 1533 2824 venit,
1548 2770 1737 2827 conquerens
1752 2756 1782 2811 in
1793 2754 1830 2809 di·

1016 2853 1119 2908 latione
1132 2850 1221 2923 ipsius
1234 2866 1325 2905 cause
1344 2865 1374 2905 se
1391 2848 1534 2904 multoties
1551 2854 1708 2921 graveum
1726 2864 1796 2918 esse,
1806 2850 1830 2903 et

540 3005 546 3016 ,
700 3005 705 3019 ,
1015 2946 1118 3001 multas
1137 2944 1173 3001 ob
1195 2945 1250 3000 hoc
1272 2959 1407 3015 expensas
1427 2941 1605 2999 sustinuisse.
1621 2943 1747 3016 Propter
1764 2940 1830 3017 quoti

404 3007 558 3079 (Laoemm’
570 3005 652 3061 um·
671 3008 708 3077 ¹4
1016 3039 1181 3112 suppliciter
1201 3036 1363 3111 postularit,
1384 3040 1416 3093 ut
1430 3034 1506 3092 idem
1524 3036 1728 3108 predecessor
1743 3042 1830 3093 noster

297 3110 443 3183 [fflffln‘r
456 3109 551 3179 Amin·
567 3107 687 3172 00110αο
705 3108 725 3176 Ι’
738 3106 813 3181 ⁸²⁶2]
976 3116 1149 3191 Ceamdem
1163 3148 1280 3188 eausam
1294 3131 1331 3186 ad
1344 3146 1424 3185 suam
1438 3130 1621 3196 praesentiam
1635 3136 1796 3197 revocaret,
1807 3134 1830 3185 et

184 3232 356 3287 arieneos
375 3226 533 3297 episcopus,
554 3240 653 3280 servus
672 3240 819 3279 serrorum
838 3224 896 3293 001,
915 3239 963 3280 re·
1014 3226 1142 3283 debitum
1165 3226 1251 3282 linem
1271 3225 1441 3297 imponeret.
1464 3224 1550 3295 Cujus
1563 3223 1703 3296 petitioni
1723 3224 1829 3299 aequie-

150 3323 272 3380 nerahili
288 3321 369 3378 fratri
388 3320 431 3375 W.
452 3320 490 3391 (4)
511 3317 662 3375 Tolonensi
679 3318 827 3391 episcopo,
844 3317 964 3373 salutem
1014 3336 1112 3390 scens,
1144 3319 1304 3392 apostolicis
1325 3317 1427 3374 litteris
1452 3316 1625 3373 antecessori
1651 3322 1703 3375 tuo
1728 3317 1830 3390 liugoni

150 3422 181 3474 et
191 3416 373 3490 apostolicam
386 3412 627 3469 benedictionem.
1013 3414 1210 3487 precipiendo
1228 3412 1385 3481 mandavit,
1400 3413 1433 3466 ut
1450 3411 1606 3484 apostolico
1621 3427 1654 3467 sc
1672 3410 1830 3485 conspectui

185 3513 213 3568 Si
228 3510 333 3583 aliquis
351 3508 423 3564 inte
443 3506 586 3562 charitatis
606 3505 748 3577 igniculus
770 3504 963 3574 remansisset,
1014 3510 1218 3581 praesentaret,
1253 3507 1377 3562 ecclesie
1410 3521 1469 3561 sue
1498 3504 1644 3577 justitiam
1673 3522 1763 3579 super
1786 3506 1830 3561 boe

148 2430 226 2487 stasii
238 2431 270 2485 iv
283 2446 376 2502 pape,
389 2444 466 2484 anno
481 2427 585 2500 primo.

285 2524 417 2580 Pandente
430 2524 484 2593 fitis
495 2523 587 2578 scricis
600 2521 675 2578 bullo
687 2522 823 2593 plumbeo.

497 2639 610 2696 xlviii.

147 2761 195 2817 Ad
208 2759 360 2830 episcopan
381 2756 564 2812 Toloncnsern.
582 2785 616 2796 -
632 2755 665 2810 ln
683 2755 802 2824 qratiam
819 2754 963 2808 monocho-

182 2854 245 2974 w
267 2838 296 2894 S.
324 2836 440 2892 Victoris
464 2834 559 2904 quibos
585 2834 632 2889 itte
656 2835 794 2900 infensam
815 2848 842 2888 sc
861 2832 964 2903 prebe-

150 3610 179 3661 et
193 3603 357 3661 monastice
372 3600 555 3674 protessionis
575 3600 713 3671 Regulam
729 3615 786 3654 non
804 3615 878 3655 esses
892 3599 964 3655 obli·
1014 3601 1167 3659 ostendere
1188 3604 1372 3673 preparatus.
1392 3599 1452 3664 Quo
1473 3598 1589 3655 interim
1610 3598 1711 3656 divino
1728 3599 1830 3672 judicio
1871 3630 1873 3669 5

149 3706 205 3767 tus,
228 3699 331 3753 iratres
356 3699 419 3750 tuos
440 3694 594 3749 monachos
614 3692 800 3749 Massilienses
818 3692 963 3766 diligeres,
1015 3697 1088 3751 viam
1109 3695 1250 3751 universe
1264 3693 1357 3749 carnis
1376 3693 1513 3765 ingresso,
1531 3696 1593 3748 tam
1611 3693 1678 3766 ipse
1695 3693 1830 3766 archiepi·

150 3800 178 3849 et
200 3792 310 3847 nullam
334 3789 402 3861 ipsis
424 3787 550 3843 studeres
574 3787 709 3859 injuriam
731 3786 869 3858 irrogare.
896 3788 965 3842 Ecce
1014 3806 1116 3861 scopus
1140 3805 1228 3862 quam
1251 3787 1379 3844 tielensis
1399 3804 1452 3861 pro
1476 3786 1606 3860 ejusdem
1631 3788 1831 3846 controversia

149 3886 222 3941 sicut
244 3901 279 3939 ex
305 3883 431 3955 ipsorum
458 3882 621 3936 narratione
647 3879 815 3947 didicimus,
840 3880 965 3935 decimas
1015 3883 1166 3953 decisione,
1180 3881 1394 3954 predecessoris
1409 3881 1499 3937 nostri
1516 3881 1610 3937 beate
1627 3882 1831 3939 recordationis
1871 3894 1873 3905 ¹

149 3978 273 4037 ecclesie
286 3977 314 4032 S.
328 3974 446 4030 loannis
459 3974 494 4028 de
507 3974 645 4029 Petraloci
661 3973 701 4029 eis
714 3979 811 4029 contra
824 3973 964 4045 justitiam
1014 3994 1096 4050 pape
1117 3976 1193 4032 Lucii
1216 3994 1245 4032 se
1265 3976 1428 4048 conspectui
1448 3979 1672 4048 presentarunt.
1693 3976 1768 4033 Cum
1785 3992 1831 4031 au·

103 4056 110 4065 ⁸
151 4072 256 4139 aulers,
271 4075 355 4141 atquc
376 4068 464 4123 etiam
485 4083 573 4140 super
593 4067 740 4122 ecclesiam
758 4067 852 4123 Sancti
874 4067 964 4122 Pontii
1014 4074 1074 4127 tem
1089 4072 1125 4127 de
1138 4071 1264 4127 ecclesie
1282 4087 1341 4126 aue
1354 4069 1466 4142 justitia
1478 4068 1616 4137 rationes,
1634 4070 1744 4142 scripta
1756 4076 1832 4128 elar-

150 4165 185 4221 de
200 4163 363 4221 Colubraira
379 4161 515 4233 injuriam
528 4161 569 4218 eis
581 4177 637 4216 non
653 4161 797 4217 modicam
813 4177 871 4217 non
884 4178 964 4217 rere·
1016 4171 1151 4238 gumenla
1165 4164 1289 4236 plurimu
1308 4162 1499 4236 produxisset,
1517 4162 1693 4235 productum
1713 4171 1760 4222 cst
1777 4170 1831 4221 tan·

150 4260 189 4314 ris
213 4257 329 4325 inferro,
357 4272 423 4311 cum
443 4255 562 4311 liberam
588 4255 714 4311 habeant
738 4256 912 4326 sepulturam
935 4255 964 4310 in
1015 4260 1080 4316 dem
1089 4258 1119 4313 in
1129 4258 1254 4314 medium
1263 4256 1479 4329 predecessoris
1489 4256 1579 4313 nostri
1589 4256 1677 4314 bone
1686 4258 1830 4315 memoror

150 4368 248 4409 eorum
265 4350 399 4420 ecclesiis,
414 4349 465 4422 qui
479 4364 509 4404 se
523 4348 685 4404 deliberant
698 4348 821 4420 sepeliri,
837 4365 908 4404 ausu
926 4352 965 4404 ta·
1015 4368 1097 4424 pape
1112 4351 1217 4409 Urbani
1237 4350 1428 4423 privilegium,
1447 4351 1477 4406 in
1496 4367 1553 4423 quo
1575 4350 1729 4408 manifeste
1749 4350 1830 4408 00011·

150 4446 276 4502 merario
289 4444 468 4501 contradicis.
479 4444 551 4509 Quia
565 4444 807 4516 ergoalraterne
817 4443 966 4498 charitatis
1014 4446 1147 4509 uebatur,
1162 4444 1239 4517 quod
1258 4446 1333 4500 idem
1352 4461 1425 4516 papa
1442 4447 1505 4515 post
1522 4445 1629 4501 multas
1649 4445 1740 4518 hujus
1752 4446 1830 4503 reiiu

151 4542 257 4597 unione
278 4539 422 4596 declinare
444 4537 564 4607 videris;
587 4538 723 4610 quoniam
745 4537 807 4592 illos
832 4487 1004 4609 persequiD
1015 4556 1068 4596 sua
1083 4543 1112 4595 et
1123 4539 1284 4611 legatorum
1296 4539 1382 4594 etiam
1395 4538 1470 4593 sedis
1481 4538 1647 4610 apostolice
1665 4540 1829 4612 presentia,

150 4650 208 4693 non
228 4633 348 4702 desistis,
366 4648 437 4705 quos
456 4631 544 4688 debes
556 4631 592 4686 ab
606 4633 668 4687 aliis
687 4647 740 4703 pro
763 4647 846 4702 posse
866 4631 964 4687 delen·
1014 4633 1199 4690 discussiones
1212 4636 1241 4688 et
1259 4632 1484 4700 retractationes,
1503 4632 1615 4704 scriptis
1634 4634 1829 4691 Romanorum

150 4729 220 4784 dere
225 4745 234 4799 3
251 4744 302 4800 per
315 4727 468 4799 apostolica
481 4724 532 4780 tibi
549 4725 652 4797 scripta
666 4724 850 4790 mandamus,
866 4728 963 4797 quate-
1014 4726 1179 4800 pontificum
1197 4726 1305 4782 Nicolai
1319 4725 1459 4793 videlicet,
1478 4725 1596 4782 loannis
1609 4732 1638 4782 ct
1651 4727 1756 4784 Leonis
1767 4742 1831 4801 quo-

149 4838 215 4888 nus,
229 4822 253 4876 si
266 4837 367 4876 verum
382 4824 433 4889 est,
448 4818 524 4891 quod
538 4818 665 4891 predicti
680 4818 783 4874 iratres
797 4819 900 4875 nostris
912 4836 964 4874 au·
1015 4838 1071 4892 quc
1091 4822 1121 4876 lll
1146 4825 1175 4876 et
1192 4818 1323 4892 Gregorii
1337 4820 1381 4874 vll
1393 4818 1548 4891 diligenter
1564 4819 1713 4891 inspectis,
1735 4826 1766 4878 et
1777 4837 1830 4878 orn·

149 4916 228 4971 ribus
249 4919 463 4987 suggesseruut,
489 4913 523 4969 de
543 4916 644 4968 cetero
665 4911 809 4983 predictis
831 4911 965 4967 iratribus
1013 4914 1098 4971 nibus
1111 4914 1179 4970 hinc
1192 4912 1260 4969 iude
1275 4911 1405 4984 diligenti
1420 4912 1629 4969 examinatione
1643 4914 1829 4986 pertractatis,

149 5010 180 5066 in
197 5008 362 5065 memoratis
377 5007 500 5063 ecclesiis
516 5023 575 5063 non
587 5006 767 5078 presumatis
780 5006 905 5079 aliquam
919 5006 963 5062 in·
1015 5025 1049 5065 ex
1062 5008 1209 5063 communi
1224 5008 1346 5063 iratrum
1362 5022 1480 5062 snorum
1494 5005 1706 5078 episcoporum,
1720 5014 1752 5065 et
1764 5006 1830 5063 mirl-

144 5103 265 5175 juriam,
285 5101 328 5157 vel
350 5100 476 5173 aliquam
496 5101 657 5157 molestiam
678 5100 814 5172 irrogare,
835 5116 883 5156 seu
903 5100 965 5157 illos
1014 5107 1110 5157 torum
1124 5101 1259 5157 Romane
1272 5100 1403 5157 Ecclesiae
1417 5099 1585 5156 clericorum
1599 5100 1724 5157 consilio
1735 5102 1829 5157 decre·

149 5197 198 5267 001
216 5194 392 5266 sepulturam
410 5195 485 5266 apud
505 5211 555 5251 eos
569 5196 730 5266 clegerunt,
750 5194 967 5267 quomodolibet
1014 5195 1063 5264 vit,
1080 5202 1109 5252 et
1122 5196 1218 5268 scripti
1237 5195 1280 5251 sui
1299 5194 1462 5250 munimine
1481 5193 1639 5263 roboravit,
1660 5200 1695 5251 ut
1707 5200 1767 5251 tem
1784 5196 1831 5251 00

150 5288 314 5361 prohibere.
326 5288 459 5360 Alioquin
471 5288 541 5345 scire
555 5293 585 5344 te
598 5289 740 5357 volumus,
756 5289 834 5361 quod
848 5305 899 5343 nos
911 5305 964 5361 pro
1014 5290 1100 5345 lensia
1118 5306 1207 5363 quam
1226 5288 1323 5345 ceteri
1342 5287 1476 5360 deinceps
1489 5286 1695 5345 Britannorum
1707 5287 1830 5361 episcopi

151 5397 251 5438 eorum
275 5381 456 5452 defensione,
479 5388 616 5454 tanquam
639 5396 692 5452 pro
715 5381 770 5437 illis
793 5380 842 5454 qui
864 5382 898 5438 ad
916 5382 965 5454 jus
1014 5384 1209 5441 Turonensem
1231 5381 1382 5440 ecclesiam
1402 5397 1482 5439 suam
1506 5396 1569 5437 esse
1588 5382 1830 5455 metropolium·

148 5474 227 5533 beati
238 5474 313 5532 Petri
330 5475 446 5548 proprie
463 5480 591 5548 spectare
608 5479 777 5547 noscuntur,
791 5478 891 5532 contra
903 5475 966 5532 illos
1014 5480 1231 5551 cognoscerent,
1256 5478 1285 5532 et
1305 5475 1430 5533 debitam
1453 5475 1480 5533 ei
1501 5490 1618 5549 semper
1642 5474 1831 5535 reremntiain

159 5668 197 5731 (r)
212 5666 360 5723 Wiiialmo
373 5667 464 5736 baim
479 5666 606 5723 nominis
622 5666 760 5735 0000000,
776 5669 826 5737 qul
842 5668 880 5723 ab
896 5682 972 5723 anno
1016 5668 1076 5723 liae
1087 5668 1264 5735 epistole-‚td
1278 5667 1357 5733 quod
1369 5666 1508 5721 00010000
1526 5666 1659 5721 suanm
1678 5661 1830 5721 Prorlnelo

115 5736 320 5807 terrueritis,
333 5742 528 5797 Tolonensem
542 5744 745 5811 episcopatum
754 5746 840 5810 rexit,
850 5754 981 5810 0000010-
1026 5742 1123 5795 tetuli.

13 5810 18 5821 ’
99 5812 151 5863 ins
163 5824 201 5865 er
214 5812 400 5871 Massiliensi
411 5814 443 5870 s.
461 5814 592 5873 Victoris
608 5818 844 5885 monasteriem
856 5819 937 5887 patet
950 5828 990 5871 ex
