3750 6046
91 190 160 249 isos

763 188 904 246 abaram
924 189 956 243 lll
975 187 1071 245 PAPAE
1708 186 1719 237 l

90 314 232 379 domibus,
246 312 305 367 siva
320 312 349 366 in
364 311 414 367 viis
429 311 547 383 publicis
567 318 595 367 et
614 310 728 382 privatis
746 312 901 378 evenerint,
915 311 997 396 Arci
1010 310 1167 365 subsidium
1184 310 1218 364 dc
1236 314 1340 365 caetero
1361 312 1492 380 praestare
1513 309 1721 379 praesumatt

91 409 121 462 in
131 408 197 477 jure
211 406 373 461 monasterii
384 406 469 461 vestri
480 406 541 460 sine
555 405 673 476 alicujus
686 405 904 461 contradictione

91 506 283 572 permaneret.
297 500 377 554 Unda
393 500 526 571 quoniam
542 499 602 554 hoec
618 499 653 553 ad
668 500 806 569 majorem
819 499 905 553 tirmi-

91 598 178 648 tatem
203 594 246 647 sui
272 598 367 647 nostro
393 593 554 664 postulastis
581 593 739 663 patrocinio
766 592 904 659 roborari,

90 703 142 741 nos
166 685 349 758 petitionibus
372 688 471 743 vestris
492 687 615 757 benigno
638 693 836 741 concurrentes
859 702 905 739 as-

90 797 186 848 sensu,
207 781 400 835 concessiones
418 781 483 835 istis
503 780 671 835 auctoritate
691 779 843 851 apostolica
857 779 905 833 fir-

92 890 213 941 mamus,
231 880 259 930 et
278 875 426 945 praesentis
447 874 543 945 scripti
562 874 666 945 pagiua
684 873 905 928 communimus.

91 968 262 1039 Adjicientes
283 967 370 1022 etiam
394 968 512 1022 feudum
533 967 609 1038 quod
632 967 780 1021 llattlraeus
804 966 907 1020 {lellus

90 1061 186 1132 Ligius
209 1062 294 1116 lrouro
317 1062 441 1115 ecclesie
463 1065 562 1115 restrae
583 1061 618 1115 ad
642 1060 852 1132 requisitionem
878 1066 908 1114 ct

92 1155 321 1224 conjurationem
348 1154 430 1209 bonu·¹
452 1154 599 1209 memoriae
622 1153 733 1224 sugerii
757 1153 905 1224 qarondam

92 1247 201 1303 abbatis
212 1249 306 1313 vestri,
318 1248 352 1302 ab
366 1248 485 1302 ecelesia
498 1253 591 1302 restra
602 1264 630 1302 sc
646 1247 775 1317 cognorit
789 1246 905 1313 habere,

91 1345 177 1413 atque
194 1343 228 1396 ad
242 1344 421 1412 posterorum
435 1342 605 1396 memoriam
623 1341 769 1412 scripturae
784 1340 905 1395 commi-

956 406 1023 477 qniu
1051 406 1079 458 in
1106 408 1166 460 tota
1190 410 1266 459 terra
1291 404 1378 474 ipsios
1398 402 1521 470 cernitis,
1543 416 1697 473 quousque
1717 456 1721 468 ,

957 500 1030 553 dicto
1048 500 1104 553 silio
1118 506 1215 552 nostro
1231 498 1338 552 carituri
1353 498 1388 551 de
1403 496 1536 551 omnibus
1549 495 1640 549 tuerit
1656 493 1721 547 sati-3

956 596 1030 659 tiam,
1057 593 1246 664 appellatione
1275 595 1396 656 remota,
1423 608 1481 645 nou
1510 588 1653 643 differatis
1682 603 1721 641 ou

956 686 1050 740 divina
1065 685 1156 740 oltiein
1170 686 1333 756 prohibere.

993 781 1059 834 llata
1075 779 1207 834 Laterani
1222 797 1256 834 xri
1272 781 1329 834 liat.
1348 780 1446 836 llartii.

1296 883 1426 937 ccxviii.

957 980 1080 1035 Ecclesiae
1102 978 1130 1033 S.
1156 981 1219 1033 Ursi
1237 980 1415 1046 deposcens-is
1434 979 1522 1045 (pror.
1549 977 1717 1030 Turentusie

1184 1062 1253 1113 bonu
1267 1059 1390 1128 peractum
1404 1061 1547 1125 eorrfirmut

1220 1158 1374 1225 (laterani,
1386 1157 1455 1210 llart
1471 1158 1509 1223 6.)

1102 1253 1181 1324 illisi.
1197 1255 1272 1307 Putr.
1288 1253 1371 1309 ¹ileu..
1388 1251 1498 1315 errare,
1519 1250 1542 1313 l,
1559 1248 1640 1316 slei

992 1360 1130 1411 Annianus
1143 1356 1302 1425 episcopus,
1319 1364 1415 1407 serens
1428 1367 1580 1406 servorum
1600 1349 1666 1411 liei,
1683 1347 1720 1401 dil

92 1436 138 1501 Sil»
158 1435 251 1491 eidem
274 1436 411 1503 eccle-⁹³5&
432 1453 464 1489 ³⁰
486 1435 564 1490 l⁰lll³
585 1435 741 1506 V⁰³¹Pl⁸q⁰⁰
762 1450 905 1489 ⁵⁰⁰0⁰⁵³⁰·
957 1451 1015 1505 illio
1030 1452 1061 1506 G.
1080 1450 1165 1521 priori
1186 1454 1214 1503 et
1234 1448 1365 1502 universo
1385 1446 1508 1515 capitulo
1532 1443 1668 1498 eeclesiae
1690 1442 1720 1495 Sa

92 1530 171 1586 ribus
193 1529 375 1584 nihilominus
393 1531 603 1584 conlirnmmus.
624 1528 797 1599 adjicientes
819 1528 906 1583 etiam
957 1545 1028 1611 Ursi,
1043 1545 1161 1598 saputem
1176 1548 1203 1597 01
1217 1542 1399 1612 aposcolicam
1416 1537 1668 1594 ppmedjcpjonffln,

92 1624 291 1678 ⁰⁰fl⁵¹il¹¹l¹¹¹¹¹⁵
311 1628 342 1678 Ut
361 1623 508 1678 &cleliam
530 1623 640 1678 Slsslloe
662 1623 768 1687 Crucis»
786 1625 814 1675 θῑ
830 1622 905 1676 decl·
993 1638 1108 1703 Quoties
1121 1657 1136 1692 a
1149 1635 1288 1706 religiosis
1303 1636 1368 1689 viris
1387 1642 1482 1687 eontra
1502 1648 1667 1704 pravorum
1689 1631 1716 1683 in

94 1733 169 1771 mam
194 1717 435 1784 Vallis-Crisonis,
460 1717 532 1771 sicut
559 1724 586 1769 ct
612 1717 687 1783 juste
713 1720 741 1769 ot
769 1691 1501 1804 canoniceBsussupeffls,ppffijuspeeplpgpime
1519 1725 1715 1797 Immunem

93 1814 253 1884 P⁰³⁵ld⁰tlb
282 1815 343 1867 ⁵l¹¹0
369 1814 486 1884 alicujus
512 1813 736 1884 l'ellffl'lffillfflles
764 1814 906 1883 perpetuis
956 1828 1133 1883 ecirrtirmatio
1150 1821 1604 1895 [aristolatnnadeormedendum
1624 1818 1715 1871 riorid

93 1907 270 1977 temporibus
291 1908 420 1961 terreatis.
437 1906 509 1960 Nulli
532 1922 601 1973 erpi»
623 1906 739 1959 omnino
757 1906 905 1960 bominum
957 1939 1021 1977 mus
1046 1920 1173 1974 puppup,
1200 1918 1331 1983 juvenari,
1355 1933 1404 1970 [Μ
1431 1914 1661 1970 racionabilibus
1688 1928 1719 1966 ω

93 1999 178 2052 liccat
197 1999 268 2054 tratre
291 2001 424 2071 pagiuam
444 2004 546 2054 nostrae
569 2000 789 2054 corilirmutionis
806 1996 905 2053 insriu·
958 2014 1144 2086 perijnpmg
1161 2018 1289 2067 nospfflm
1304 2011 1444 2075 (lencm-e
1461 2024 1659 2065 musenfflffl,
1674 2022 1709 2059 ῃρ

94 2093 906 2163 8⁰l⁰2l⁰l⁰l³l¹⁵l¹[emilam⁰⁰¹llfflls⁰·Sitll¹l⁵³¹¹l⁰¹¹¹
958 2111 997 2163 ris
1018 2108 1182 2163 homiuibus
1205 2106 1241 2160 ad
1264 2103 1504 2159 malefaciendum
1533 2101 1635 2155 locum
1662 2101 1719 2152 dare

93 2185 147 2239 ¹¹⁰⁰
172 2189 311 2240 mentale
341 2188 569 2257 Psffl⁵¹¹¹¹¹lffi⁰¹ll=
597 2187 827 2257 indilissflllffllem
858 2186 908 2241 Dei
958 2203 1087 2270 deamor,
1109 2201 1211 2272 quibus
1231 2200 1326 2270 potius
1349 2197 1476 2251 resistere
1503 2212 1559 2248 nos
1584 2198 1714 2265 oportet.

93 2278 307 2348 omnipotentis,
324 2283 352 2333 ct
366 2279 513 2335 beatorum
530 2279 603 2335 l‘etri
618 2286 645 2335 ct
664 2280 740 2334 eunti
761 2280 906 2350 apostolo·
958 2302 1084 2368 propter,
1100 2295 1192 2350 dilecti
1212 2296 1240 2347 j„
1258 2293 1377 2348 pomino
1390 2291 1451 2356 filii,
1469 2289 1556 2359 genii
1569 2295 1679 2342 vesu-m
1696 2292 1718 2341 gr

93 2386 158 2425 rum
174 2373 235 2443 ejus
248 2390 277 2427 se
295 2374 403 2428 ereverit
416 2374 609 2427 incursurum.

128 2467 230 2521 [latum
246 2467 389 2533 Laterani,
406 2468 498 2522 Nonas
514 2468 671 2522 Folsrnarii.

440 2584 557 2639 ccxvii.

93 2680 139 2737 Ad
159 2684 190 2736 Β.
214 2682 399 2754 [lietduinum]
417 2685 616 2739 Nooiomensem
636 2690 661 2737 rt
681 2687 824 2739 lleurtcam
846 2685 906 2738 liet·

129 2775 266 2815 coccuscm
297 2763 441 2831 episcopos.
469 2791 502 2800 -
534 2764 585 2817 Pro
615 2768 721 2818 curatore
754 2766 908 2819 Pcroueusis

130 2840 262 2895 Ecclesiae.

343 2921 492 2992 (Laterani,
508 2922 589 2977 l'ebr.
603 2924 658 2992 31.)

285 3030 429 3099 [Maurau.,
451 3032 568 3095 collect,
591 3031 623 3097 ll,
642 3031 715 3103 dibi

131 3148 268 3202 diluimus
283 3148 441 3220 episeopus,
464 3163 560 3201 servus
578 3163 723 3202 serrorum
742 3148 799 3214 oei,
824 3164 908 3202 rene·

95 3240 233 3294 rabilibus
254 3240 387 3294 tratribus
406 3242 436 3295 B.
458 3241 637 3296 Noviomeusi
658 3248 686 3296 et
706 3242 824 3297 limatae
844 3241 909 3296 uet-

95 3335 208 3388 vaceusi
225 3335 374 3405 episcopis,
389 3335 508 3389 salutem
525 3337 554 3388 et
573 3334 753 3406 apostolicam
773 3335 908 3389 bencdic-

94 3426 213 3482 tionem.

131 3522 250 3576 Veniens
267 3523 301 3576 ad
316 3523 474 3594 apostolieae
493 3522 567 3576 sedis
582 3523 776 3589 clementiam,
790 3523 909 3577 dilectus

95 3615 170 3669 filius
184 3620 281 3669 noster
296 3617 326 3668 ll.
340 3618 440 3670 cautor
455 3616 620 3669 l‘erouensis
634 3616 689 3686 (eo)
705 3617 845 3682 Ecclesiae,
860 3633 911 3671 sua

95 3709 176 3763 nobis
190 3708 395 3779 conquestione
409 3709 585 3776 monstravit,
602 3710 677 3780 quod
693 3712 734 3765 li'.
750 3711 785 3764 de
800 3709 910 3764 luciaco

96 3805 125 3857 ct
139 3818 211 3856 urm
228 3803 290 3873 ejus
307 3809 422 3857 centuni
441 3803 525 3856 libras
545 3803 757 3858 Cataluuucusis
776 3807 909 3871 monetae,

95 3901 184 3949 terras
203 3903 231 3950 et
252 3898 383 3967 ‹pradam
404 3896 504 3950 allodio
525 3913 577 3966 per
596 3896 786 3967 patrocinium
809 3897 911 3952 nobilis

96 3989 159 4044 viri.
171 3990 194 4044 l.
206 3990 412 4045 suessionensis
423 3990 545 4056 comitis,
557 3990 582 4044 ei
597 3994 775 4061 presumunt
786 3992 910 4057 auferre,

97 4086 126 4135 et
139 4088 238 4136 contra
253 4098 370 4136 omnem
381 4082 520 4152 justitiam
541 4083 680 4137 detinere.
696 4084 775 4138 Unde
790 4100 910 4139 renora-

97 4174 162 4230 bilis
178 4175 266 4230 lratcr
279 4181 376 4231 noster
394 4178 605 4231 Cameracensis
624 4177 780 4248 episeopus,
794 4194 858 4232 cum
873 4179 912 4233 ita

97 4286 158 4324 esse
187 4269 296 4340 liquido
324 4271 513 4341 cognovisset,
539 4287 590 4341 pro
616 4275 695 4326 tauta
723 4271 825 4342 rapina
850 4288 909 4340 eos,

96 4363 168 4418 sicut
187 4380 220 4418 ex
240 4363 341 4418 litteris
360 4365 421 4435 ejus
441 4365 616 4433 agnovimus,
638 4365 909 4420 excommunicatio·

958 2391 1029 2445 litati
1041 2390 1168 2444 Ecclesiae
1184 2388 1262 2441 robis
1276 2386 1434 2441 commissae
1448 2385 1586 2437 volentes
1602 2383 1633 2436 in
1647 2385 1719 2452 posta

959 2485 1064 2539 utiliter
1085 2483 1233 2553 providere
1256 2488 1284 2535 ct
1308 2480 1405 2533 restris
1424 2478 1513 2547 justis
1538 2476 1719 2548 postulation

958 2579 1116 2633 clementer
1131 2579 1291 2630 annuentes
1305 2573 1450 2627 eeclesiam
1466 2570 1574 2625 Sancti
1597 2569 1689 2635 Petri,
1703 2585 1717 2621 e

959 2673 1028 2726 siam
1055 2670 1148 2726 Sancti
1171 2669 1291 2723 Aridrcae
1317 2668 1351 2721 de
1375 2668 1483 2730 leone,
1510 2664 1674 2718 ecelesiam
1698 2664 1718 2716 S¹

958 2765 1070 2818 taurinis
1084 2764 1117 2817 de
1131 2763 1215 2818 Carto
1230 2777 1295 2814 cum
1310 2757 1487 2829 appendiciis
1506 2758 1582 2821 suis,
1599 2757 1718 2810 decimat

959 2860 1040 2913 Caelo
1055 2874 1117 2909 rrrrn
1131 2854 1306 2926 appendiciis
1324 2854 1389 2918 saris,
1405 2852 1480 2905 sieut
1494 2869 1511 2904 a
1524 2850 1691 2905 verremliili
1707 2850 1718 2903 l

960 2956 1057 3006 nostro
1072 2950 1134 3004 tlui.
1149 2947 1295 3019 iporiensi
1310 2947 1440 3017 episcopo
1456 2945 1597 2999 eeclesiae
1614 2948 1714 2998 vestro

919 3045 1094 3125 Ccarroriice
1111 3059 1261 3109 concesse,
1278 3041 1354 3094 solus
1373 3045 1401 3093 et
1413 3056 1466 3109 per
1487 3055 1542 3093 cos
1560 3039 1701 3095 Ecclesiae

960 3138 1119 3193 cornruissen
1147 3135 1313 3189 arictmitate
1337 3131 1495 3204 apostolica
1523 3132 1717 3186 confirmamr

960 3231 1102 3304 praesentis
1117 3229 1212 3300 scripti
1234 3227 1387 3299 patrocinio
1408 3226 1655 3287 communimus,
1671 3230 1718 3279 stu

960 3330 1001 3380 tes
1017 3328 1046 3378 ut
1060 3324 1126 3378 nulli
1143 3325 1261 3377 omnino
1276 3321 1426 3375 hominum
1447 3319 1539 3373 licoat
1562 3321 1643 3374 lianc
1662 3336 1717 3390 pap

959 3423 1063 3473 nostras
1079 3415 1301 3473 confirmationis
1317 3413 1489 3483 intringere,
1507 3414 1559 3467 vel
1576 3415 1605 3468 ei
1618 3415 1716 3485 aliqua

960 3513 1110 3566 rriritraire.
1126 3511 1153 3565 Si
1169 3510 1231 3580 quis
1246 3512 1340 3562 autern
1361 3508 1413 3561 boc
1429 3511 1589 3562 attentare
1606 3524 1717 3579 praesui

961 3607 994 3660 rit
1011 3605 1237 3669 indignationem
1248 3600 1458 3672 onuupotcntis
1471 3601 1525 3655 liei
1543 3606 1576 3656 et
1588 3602 1717 3656 bentona

961 3705 995 3754 tu
1010 3706 1038 3753 ct
1049 3699 1125 3752 tamti
1140 3696 1329 3768 apostolorum
1345 3695 1404 3765 ejus
1414 3712 1446 3747 se
1463 3695 1592 3750 noverit
1606 3697 1717 3750 incursi

997 3795 1099 3847 Darium
1115 3795 1205 3847 Later.
1221 3806 1239 3845 u
1255 3791 1345 3843 Narras
1358 3789 1461 3843 blartii.

1317 3891 1424 3946 etexit.

964 3992 1006 4047 Aul
1023 3993 1163 4046 ileruicum
1183 3988 1365 4043 Beloneensem
1384 3987 1567 4055 episcopum.
1587 4018 1625 4027 —
1642 3990 1716 4042 Pror

1283 4074 1323 4119 tro
1339 4066 1462 4120 lt'iroluo.

1219 4162 1371 4235 (Laterani,
1387 4163 1469 4217 llari.
1490 4166 1537 4225 8.)

1156 4262 1299 4332 iuuisse,
1315 4257 1438 4325 cellere,
1457 4258 1497 4326 ll,
1517 4261 1602 4334 oie]

997 4375 1133 4428 dnurssrs
1153 4369 1425 4440 episcopusservus
1447 4383 1620 4424 serrorum
1644 4370 1706 4439 uei,

97 4456 141 4511 nis
161 4457 492 4525 circummundanum
511 4462 615 4512 termm
636 4475 735 4513 eorum
759 4458 911 4514 interdicto
963 4465 1044 4519 rabili
1067 4463 1148 4518 tratri
1170 4464 1289 4517 llnsmeo
1314 4459 1478 4513 deiracensi
1505 4462 1669 4536 episcopo,
1690 4482 1716 4518 sa

97 4552 224 4623 subjecit,
239 4552 303 4624 quia
319 4569 385 4608 vero
402 4553 569 4624 praedictum
592 4553 682 4608 silium
699 4558 829 4608 nostrum
843 4570 909 4609 ean·
962 4565 989 4613 ct
1002 4558 1186 4629 apostolicam
1200 4553 1439 4609 benedictionem.

95 4649 187 4700 torem
204 4663 255 4701 sno
267 4647 332 4717 jore
348 4647 462 4717 primu,
477 4647 549 4701 sicut
568 4664 624 4701 non
643 4647 789 4712 debemus,
805 4647 844 4703 ita
859 4663 911 4703 nec
998 4651 1114 4716 Qirotics
1130 4650 1164 4704 ab
1181 4649 1275 4721 aliquo
1292 4646 1420 4701 liliorum
1438 4655 1644 4713 nostrorum.
1661 4655 1697 4708 ad

96 4756 248 4811 possumus
262 4740 408 4807 sustinere,
423 4741 594 4795 fraternitati
610 4745 708 4795 restra*¹
726 4758 778 4812 per
796 4747 909 4811 aposto·
962 4745 1159 4799 ecelesiasticis
1178 4743 1269 4796 eurisis
1291 4741 1478 4794 interventus
1501 4752 1615 4801 noster
1639 4765 1714 4820 eripi

96 4834 149 4889 lica
164 4835 267 4904 scripta
287 4834 480 4905 precipiendo
496 4834 675 4901 mandamus,
693 4840 833 4907 quatenus
850 4851 909 4889 me·
962 4844 1039 4893 toruo
1068 4838 1178 4891 faritius
1212 4835 1341 4907 petitioni
1373 4835 1436 4903 ojus
1475 4854 1646 4896 assensum
1679 4860 1714 4897 no

98 4931 243 4982 moratum
258 4928 403 4995 comitem,
419 4928 499 4997 eujus
515 4929 673 4999 patrocinio
689 4940 717 4982 et
731 4928 833 4982 anulio
848 4928 912 5000 ipsa

96 5025 170 5080 bona
194 5030 259 5079 suut
282 5027 307 5080 ei
331 5025 471 5081 violenter
493 5026 593 5091 abiecta,
616 5026 690 5080 iutra
711 5026 830 5098 triginta
853 5026 912 5080 dios

98 5122 163 5191 post
176 5120 275 5175 herram
290 5120 497 5191 sarseeptionem
512 5120 663 5175 convenire
677 5119 843 5191 diligentius
856 5122 913 5175 stu·

97 5214 198 5279 deotis,
214 5218 247 5269 ut
265 5214 401 5269 curiidcm
417 5214 460 5268 W.
477 5219 506 5268 et
525 5231 643 5269 uxorem
660 5213 723 5283 ejus
743 5214 776 5267 ad
799 5213 910 5268 restitu-

98 5306 203 5361 tioucm
220 5308 350 5363 omnium
369 5307 529 5363 ablatorum
550 5308 630 5362 omui
650 5324 714 5362 eum
736 5307 912 5362 districtione

96 5400 253 5471 compellat,
270 5400 374 5457 naccis
389 5402 425 5458 ad
445 5418 545 5457 eorum
566 5401 760 5457 detentionem
776 5400 912 5455 auxilium

128 5522 223 5659 (3⁰ss8.
240 5524 348 5589 ituraei,
362 5528 391 5578 in
412 5542 468 5593 qua
484 5531 576 5579 exstat
591 5528 700 5595 insigne
714 5526 913 5579 canonicorum

8 5626 13 5633 -
98 5608 133 5646 co
155 5608 171 5645 e
201 5610 257 5647 um.

127 5666 174 5731 (ae
195 5668 394 5721 Arremarensa
419 5670 494 5721 hand
517 5673 639 5737 ignobile
656 5670 854 5723 monasterium
869 5684 913 5720 or-

85 5738 163 5795 dinis
183 5740 213 5797 S.
238 5742 390 5799 Benedicti
412 5745 442 5799 iu
455 5744 574 5802 dioeoasl
593 5745 735 5810 ’ἳπιιιιιιιιίἱ
747 5758 785 5798 ox
800 5756 857 5810 quo
878 5742 913 5795 ud

962 4932 1165 5002 impendimus,
1185 4932 1290 5001 qrranto
1311 4934 1337 4980 te
1359 4927 1394 4980 ad
1417 4934 1660 4990 exsecutionem
1684 4954 1711 4989 re

964 5028 1068 5098 potitur
1085 5030 1112 5080 et
1124 5022 1316 5078 admonitione
1332 5027 1427 5075 nostra
1445 5027 1479 5076 et
1500 5025 1654 5097 injunctae
1672 5030 1714 5083 adr

963 5121 1090 5175 trationis
1104 5118 1195 5172 ollieio
1212 5115 1354 5171 efficacius
1371 5117 1561 5174 confidimus
1579 5140 1714 5194 provocor

964 5215 1084 5268 Veniens
1117 5218 1212 5266 nutem
1243 5210 1277 5263 ad
1304 5209 1473 5280 apostolieae
1507 5215 1596 5270 sedis
1627 5233 1715 5289 praese

963 5308 1079 5361 dilectus
1101 5306 1174 5360 lilius
1195 5310 1292 5358 noster
1312 5304 1457 5373 magister
1480 5306 1530 5363 b'i.
1555 5311 1611 5382 qui
1636 5310 1715 5366 nobis

963 5402 1066 5455 charus
1088 5403 1130 5455 est
1152 5403 1180 5454 et
1203 5400 1345 5468 acceptos,
1368 5400 1604 5460 arremarensis
1628 5408 1715 5476 (tolo

964 5524 1176 5576 claramvallem
1191 5523 1344 5574 accesserat
1360 5520 1501 5574 Nicolaus
1523 5528 1699 5589 monachus,

963 5601 1059 5661 postea
1083 5596 1109 5645 S.
1126 5593 1257 5645 Bernardi
1278 5591 1416 5649 notarius.
1432 5595 1495 5659 oiri,
1513 5611 1589 5650 curn
1611 5600 1650 5651 ab
1662 5598 1715 5651 eod.

965 5666 1104 5719 Bernanlo
1123 5680 1172 5730 per
1184 5664 1351 5729 apostasiam
1372 5664 1545 5723 deiecisset.
1563 5672 1601 5723 od
1624 5674 1715 5737 prima

963 5741 1093 5795 tassionis
1115 5738 1316 5793 monesterium
1336 5749 1369 5790 ae
1388 5740 1515 5807 recapit,
1527 5742 1714 5813 effemtqner
