3750 6046
58 219 113 276 toa
479 219 640 277 tristante
658 220 925 279 aectastssriet.
941 247 975 258 -
992 217 1080 275 Pras
1099 220 1132 276 ll.
1146 249 1180 260 -
1195 220 1258 275 tta.
1282 222 1326 275 vl.
1693 228 1746 285 tm

56 341 224 414 spectabilis
238 347 268 399 et
280 342 368 398 aifatu
383 343 483 409 duleis,
496 344 568 400 nulli
584 344 699 401 levitate
713 345 810 417 aliqua
823 343 878 401 exi·
889 354 919 426 Α
929 342 1078 415 confugit,
1109 343 1226 414 proprio
1250 344 1367 401 nomine
1396 346 1477 402 nobis
1504 365 1561 404 non
1583 349 1744 424 distinguit.

57 435 156 492 stebst
169 435 274 508 gravis.
290 436 352 506 (ini,
368 437 441 494 sicut
454 438 560 494 dictum
576 444 628 510 est,
644 438 800 496 nobilitatis
812 440 879 495 iam·
928 435 1008 491 Unde
1022 435 1098 508 quod
1112 436 1147 492 de
1160 436 1215 492 hoc
1227 438 1371 495 seniorum
1385 442 1546 497 narratione
1562 442 1658 514 didici,
1679 444 1739 518 dig·

58 529 131 602 pade
146 529 250 598 clarus,
265 530 433 588 immortalis
448 533 567 604 ileijam
583 537 666 588 notus
681 532 877 605 prescientia,
926 544 997 585 uum
1022 528 1094 585 duco
1124 529 1227 585 futuris
1253 530 1378 588 breviter
1404 534 1539 591 enodare.
1564 538 1738 595 Venerabilis

58 640 123 679 mox
137 624 266 681 innotuit
278 625 421 683 clothario
432 627 506 698 regi,
521 626 579 681 illio
593 626 737 690 clodovei,
753 628 800 697 qui
816 627 876 698 pri·
928 622 1072 691 Martinus,
1098 625 1276 680 vertavensis
1300 625 1395 694 abbas,
1418 627 1561 684 abbatiam
1583 635 1744 689 construxe-

59 734 126 773 mus
141 734 177 774 ex
198 719 314 791 regibus
336 721 511 776 Francorum
525 721 703 778 Christianus
719 722 810 776 factus
824 726 877 789 est,
928 720 972 771 rat
996 716 1026 771 in
1052 717 1124 786 loco,
1147 734 1236 790 quem
1258 719 1488 776 Duostlemeiios
1512 723 1548 779 ab
1573 723 1744 796 antiquitate

59 815 86 867 et
98 828 116 867 a
129 811 216 868 beato
231 813 372 885 Remigio,
386 815 543 871 Remorum
565 814 790 888 archiepiscopo,
811 830 877 870 oum
928 810 1149 881 vulgusvecitnt‚
1162 828 1213 883 pro
1225 813 1441 870 resuscitatione
1453 815 1743 891 geminorum,quam

58 905 151 961 tribus
171 905 313 962 nobilium
329 906 453 963 millibus
471 908 627 980 baptizatus
649 912 701 965 est.
725 908 780 975 oui
802 925 877 963 oom·
927 901 1033 958 ibidem
1055 903 1159 959 iactam
1184 908 1308 962 vetustas
1334 912 1487 964 memoret.
1503 910 1574 965 Nam
1598 910 1743 983 geminam

60 999 260 1072 pariensquis,
273 1002 745 1073 relcujusuobilitatusesset,illico
757 1017 878 1074 praesen·
927 995 1040 1068 protem
1061 998 1184 1068 potentis
1196 999 1258 1054 heri
1286 1017 1361 1055 mors
1386 1002 1541 1059 immatura
1562 1004 1743 1078 sinebaptis-

60 1093 113 1148 tari
142 1092 198 1149 sibi
218 1109 287 1149 eum
310 1095 404 1166 jubet,
434 1095 609 1168 condignum
634 1096 695 1152 lore
719 1094 878 1167 dijudicans
927 1091 1004 1145 mate
1018 1092 1256 1162 rapuerat3unde
1276 1093 1384 1149 nimius
1399 1092 1481 1150 dolor
1492 1098 1628 1169 utrosque
1642 1114 1743 1170 peren-

59 1191 90 1242 nt
100 1202 193 1260 quem
207 1187 311 1244 mentis
328 1188 404 1244 nitor
419 1189 572 1260 extulerat,
588 1189 734 1263 regalibus
753 1189 878 1245 ministe-
927 1187 969 1239 tes
982 1183 1133 1239 invaserat.
1148 1184 1281 1240 Martinus
1302 1191 1410 1255 autem,
1424 1188 1459 1243 ab
1478 1189 1579 1261 Augila
1601 1207 1741 1261 reversus,

58 1279 106 1335 n'is
119 1279 290 1337 deserviret.
303 1282 356 1338 Per
372 1282 545 1339 humilitatis
560 1288 657 1340 autem
673 1283 798 1338 officium
813 1288 876 1338 tao.
928 1277 1034 1332 amicos
1046 1276 1175 1348 lugentes
1188 1279 1303 1347 invenit,
1319 1281 1541 1338 consolationem
1552 1299 1567 1338 e
1577 1284 1647 1340 coelo
1661 1300 1741 1357 qua-

58 1377 118 1429 tam
132 1374 161 1429 ei
181 1389 324 1447 supernus
337 1374 495 1448 imperator
515 1376 637 1432 contulit
657 1377 780 1448 gratiam
802 1375 877 1448 apud
927 1370 1000 1438 sivit,
1023 1371 1133 1426 meritis
1160 1375 1189 1426 et
1214 1373 1344 1444 precibus
1369 1375 1501 1445 geminos
1523 1376 1585 1447 vite
1606 1376 1739 1448 reddidit,

58 1472 221 1535 terrenum,
246 1474 396 1540 quatenus,
420 1470 529 1526 catoris
550 1470 694 1543 praelatus,
721 1471 751 1525 in
773 1469 876 1543 palatio
927 1480 1032 1536 eosque
1056 1464 1086 1519 in
1114 1465 1288 1536 patrimonio
1311 1467 1481 1523 eorumdem
1504 1470 1657 1528 monachos
1683 1473 1742 1528 ileo

57 1560 376 1620 maximnmobtineret
394 1563 500 1620 locum,
514 1564 640 1620 aratoris
657 1565 764 1637 quippe
778 1564 876 1620 fecun-
927 1557 1038 1612 dicavit.
1063 1558 1218 1630 antiquum
1239 1558 1275 1614 ab
1298 1567 1401 1616 eventu
1426 1561 1521 1618 eidem
1543 1562 1604 1619 vico
1632 1581 1740 1621 nomen

56 1652 101 1709 die
115 1653 269 1725 praeditus,
283 1656 319 1712 ad
333 1657 461 1728 agendos
479 1673 577 1712 causas
591 1658 666 1714 inter
679 1658 787 1714 auiicos
806 1658 875 1714 resi·
927 1648 1014 1722 nwni
1035 1651 1121 1707 hodie
1142 1655 1357 1723 perseverabat
1374 1653 1478 1725 ingens
1498 1657 1645 1728 congeries
1666 1657 1739 1730 iapi-

56 1745 146 1803 dsbst
166 1748 353 1805 doctissimos.
372 1752 413 1805 ita
429 1753 527 1806 tumen
547 1750 726 1807 secularibus
746 1720 995 1807 intende-Bdntn
1016 1744 1046 1799 in
1064 1744 1260 1801 fundamentis
1280 1745 1466 1804 edificiorum
1481 1754 1511 1804 st
1532 1750 1624 1805 ruinis
1644 1766 1739 1809 mace·

55 1839 105 1897 bat
132 1841 271 1915 negotiis,
296 1848 330 1899 ut
349 1860 498 1916 nonquam
523 1844 662 1900 relaxaret
686 1844 815 1901 animum
841 1844 876 1899 ab
925 1838 1033 1893 riarum
1054 1839 1169 1894 evidens
1184 1840 1381 1897 testimonium
1395 1841 1446 1898 dat
1459 1843 1539 1915 quod
1553 1860 1665 1916 magnae
1679 1844 1740 1917 dig·

56 1938 177 2007 aspectu
189 1934 315 1992 interna
328 1936 497 1994 dilectionis.
924 1929 1020 1987 nitatis
1041 1932 1193 1988 hominum
1213 1933 1350 1990 habitatio
1361 1935 1541 2007 baiocensem
1559 1953 1666 2010 pagum
1680 1938 1742 1994 illn-

88 2027 150 2084 sed
162 2045 231 2085 oum
246 2033 407 2102 opportune
419 2048 484 2104 spos
498 2032 691 2105 propagandae
706 2031 809 2089 sobolis
821 2032 874 2087 ha·
924 2025 1064 2082 straverit.
1097 2027 1240 2095 Ehrutfus,
1272 2028 1366 2083 adhue
1398 2029 1503 2084 divitiis
1527 2035 1557 2086 et
1583 2029 1740 2088 honoribus
1847 2042 1849 2047 '

54 2121 173 2178 hersin
184 2122 217 2179 in
237 2122 323 2179 domo
345 2124 445 2196 patris,
458 2125 560 2182 crebre
575 2131 605 2181 et
627 2126 750 2182 honesta
769 2126 874 2182 amico-
925 2127 1024 2191 potens
1037 2119 1135 2189 laicus,
1147 2121 1266 2192 prefati,
1283 2127 1313 2176 ut
1338 2121 1446 2191 dicunt,
1459 2122 1579 2179 coenobii
1593 2132 1738 2182 constmc·

55 2230 120 2270 rum
134 2217 306 2287 compulsus
325 2218 523 2289 persuasione,
538 2219 711 2291 condignam
734 2218 875 2275 natalibus
924 2211 1009 2267 tionis
1032 2213 1121 2269 astitit
1140 2216 1308 2286 cooperator
1330 2213 1458 2271 idoneus.
1475 2217 1643 2288 incipientes
1659 2219 1739 2276 enim

55 2325 179 2365 uxorem
198 2309 323 2366 instituit
338 2311 453 2367 ducere.
477 2311 569 2378 Quam
588 2313 679 2385 gratia
701 2311 875 2384 posteritatis
924 2304 1041 2361 consilio
1054 2306 1171 2378 adjuvit,
1192 2306 1356 2363 hesitantes
1379 2308 1582 2377 corroborarit,
1597 2310 1697 2383 opibus
1710 2317 1739 2368 et

55 2401 226 2474 suscipiens,
249 2419 309 2459 non
330 2405 424 2460 carnis
446 2405 599 2478 voluptate,
621 2405 714 2460 divina
732 2408 875 2477 praecepta
924 2399 1032 2469 lundis,
1056 2399 1208 2472 multisque
1222 2399 1313 2455 modis
1338 2417 1384 2455 res
1404 2417 1495 2472 nuper
1517 2401 1655 2475 incoeptns
1668 2421 1737 2477 aug-

55 2496 243 2567 exscquendo
269 2494 381 2565 devote,
404 2498 501 2554 solerti
527 2498 625 2555 eadem
650 2499 752 2554 erebro
777 2514 875 2554 secum
923 2494 1069 2549 mentavit.
1086 2494 1126 2551 ltd
1150 2496 1327 2564 postremum
1351 2495 1485 2550 omnibus
1499 2494 1635 2566 nudatus,
1651 2497 1689 2552 ibi
1705 2514 1736 2553 se

55 2589 186 2645 solvebat
199 2589 400 2646 meditatione.
412 2591 569 2647 Froebaiur
579 2591 679 2664 *itaque
693 2591 736 2646 vir
746 2594 802 2648 neo
815 2591 875 2665 ple.
924 2586 1071 2655 abdicavit,
1086 2603 1225 2659 serusque
1242 2587 1290 2642 [lei
1310 2604 1418 2660 pauper
1439 2589 1601 2645 monachile
1619 2590 1737 2648 schema

54 2682 425 2755 nustemporalibus,oauta
433 2684 606 2757 cogitatione
615 2685 767 2757 providens
777 2684 875 2740 nodis·
924 2679 1030 2735 ibidem
1044 2680 1176 2752 suscepit,
1192 2685 1221 2735 et
1233 2681 1320 2736 armis
1337 2679 1506 2737 obedientie
1521 2684 1576 2738 Deo
1591 2683 1734 2754 militavit,

54 2774 174 2846 pliceret
189 2775 329 2831 conditori
348 2777 377 2831 in
398 2776 523 2849 acceptis
538 2778 634 2833 rebus.
649 2780 778 2850 Cumque
796 2778 873 2834 iocu-
924 2777 952 2828 et
966 2772 1142 2828 intuentibus
1155 2773 1288 2846 exemplo
1302 2775 1469 2830 coruscavit.
1555 2789 1559 2797 ’

55 2868 182 2939 pletatus
210 2869 297 2924 nimis
320 2869 413 2937 fieret,
437 2870 501 2942 pins
526 2871 671 2942 gaudebat
690 2871 766 2927 bono
787 2888 873 2943 opere
961 2865 1075 2934 Verum,
1091 2882 1157 2921 enm
1172 2865 1207 2922 nb
1222 2866 1378 2922 sanctitatis
1398 2867 1520 2938 gratiam
1535 2868 1663 2941 coepisset
1677 2871 1739 2942 glo·

54 2978 144 3034 quam
166 2961 245 3017 bona
264 2963 453 3033 possessione.
466 2965 626 3020 Priscorum
647 2966 762 3020 l‘atrum
783 2968 872 3036 gesta,
924 2959 1015 3013 riosus
1030 2959 1175 3014 confessor
1189 2958 1318 3015 librulfus
1337 2977 1354 3015 a
1373 2959 1507 3017 iratribus
1527 2961 1674 3033 honorari,
1688 2980 1735 3033 ca-

54 3070 119 3126 qnae
144 3069 199 3125 per
217 3055 324 3110 multos
344 3054 455 3113 codices
476 3057 594 3130 legerat,
614 3057 735 3129 qualiter
758 3057 787 3112 in
812 3074 873 3114 sese
923 3069 987 3110 sum
1006 3053 1136 3109 elationis
1156 3059 1287 3109 metuens
1299 3053 1455 3124 incurrere,
1469 3055 1565 3110 accitis
1579 3072 1676 3112 secum
1689 3056 1738 3112 tri·

54 3148 238 3214 transferret,
254 3165 367 3204 summo
379 3150 471 3206 studio
486 3150 662 3206 elaborabat.
674 3149 807 3206 insistens
819 3167 870 3206 au·
922 3148 975 3203 bus
988 3146 1144 3214 monachis,
1160 3162 1231 3219 quos
1246 3146 1298 3202 sibi
1314 3147 1447 3203 familiari
1463 3149 1651 3206 collocutione
1671 3167 1737 3206 oon·

54 3246 111 3296 tem
126 3240 332 3313 eleemosynis,
347 3242 525 3298 orationibus
537 3248 624 3314 atque
638 3242 753 3315 vigiliis,
768 3243 870 3314 conju·
917 3242 1061 3313 junxerat,
1081 3245 1110 3295 et
1129 3240 1165 3296 ad
1191 3240 1222 3295 id
1247 3241 1428 3312 perfectionis
1455 3245 1597 3298 certarnen
1624 3260 1737 3317 promp-

54 3349 121 3406 gem
134 3348 226 3406 quam
240 3333 362 3390 duxerat
380 3335 416 3391 ad
431 3334 508 3391 idem
524 3335 677 3392 sanctitatis
691 3352 763 3408 opus
775 3352 872 3392 evoca·
921 3336 1008 3391 tiores
1026 3338 1206 3406 cognoverat,
1221 3338 1317 3407 utpote
1330 3335 1418 3390 soiius
1434 3335 1483 3391 [tei
1500 3337 1736 3408 contemplationi

53 3426 121 3495 bat3
145 3432 362 3499 quatenusper
388 3428 482 3486 vimm
505 3429 628 3496 fidelem,
644 3428 697 3484 etsi
710 3428 812 3498 tidelis,
828 3446 872 3485 ao·
921 3429 1020 3483 volens
1041 3426 1219 3496 incumbere,
1233 3444 1344 3483 summa
1369 3444 1434 3484 cum
1457 3429 1606 3485 velocitate
1628 3431 1737 3488 studuit

53 3524 197 3576 nasceret
219 3518 333 3575 devotio
356 3521 494 3578 mulieris.
523 3522 622 3594 Sicque
647 3522 754 3594 degens
778 3522 871 3578 adhuc
923 3537 1054 3577 eremum
1079 3526 1223 3592 expetere.
1250 3520 1314 3588 Qui,
1337 3537 1390 3593 per
1412 3520 1593 3578 Oximensem
1615 3539 1735 3595 pagum,

52 3612 103 3669 sub
118 3611 216 3668 laicali
236 3611 337 3669 babitu
351 3614 440 3669 vitam
454 3615 626 3682 instituerat,
643 3619 674 3671 ut
688 3614 760 3670 nihil
779 3614 814 3670 ab
828 3615 872 3671 his
920 3615 951 3670 in
964 3615 1058 3670 locum
1070 3614 1120 3686 qui
1130 3613 1329 3670 Montis-Fortis
1339 3613 1451 3681 dicitur,
1463 3620 1614 3683 venerunt,
1626 3616 1735 3690 ibique,

52 3706 220 3778 discrepare
234 3706 473 3779 videretur,quos
486 3707 781 3780 imperinmregulare
795 3724 872 3764 coer·
921 3708 986 3781 qnia
1010 3708 1087 3763 iocus
1110 3723 1238 3762 amoeuus
1259 3706 1333 3762 silvis
1358 3711 1387 3762 et
1408 3707 1534 3764 tondbus
1557 3707 1733 3779 abundabat,

52 3799 143 3855 cebet.
921 3800 1057 3873 hospitati
1071 3803 1147 3869 sunt,
1168 3803 1198 3855 et
1216 3798 1382 3871 aliquandiu
1405 3801 1562 3857 solitariam
1583 3802 1671 3857 vitam
1685 3803 1736 3875 du-

84 3894 161 3950 Gum
176 3908 248 3965 ergo
262 3892 444 3951 beatissimus
455 3893 498 3949 vir
517 3892 643 3965 quadem
663 3895 782 3967 propria
796 3896 870 3967 iege,
921 3899 1023 3962 centes,
1051 3898 1147 3949 sancte
1172 3893 1315 3949 vixerunt.
1341 3893 1405 3962 Sed,
1434 3894 1501 3966 quia
1529 3893 1585 3950 duo
1607 3895 1733 3963 castella,

52 3986 237 4042 laudabiliter
249 3986 365 4057 vireret,
380 3991 409 4042 et
421 3987 575 4043 Dominicis
597 3989 747 4060 preceptis
770 3989 872 4045 arden·
921 3988 1041 4055 oximis,
1063 3987 1272 4059 Graeceiumque
1286 3987 1314 4042 in
1334 3987 1437 4044 vicinio
1459 3991 1551 4056 eraut,
1566 3988 1617 4044 ubi
1637 3989 1735 4062 plures

52 4082 96 4135 ter
111 4079 278 4146 inserviret,
296 4080 417 4153 contigit
439 4084 471 4136 ut
492 4080 647 4136 Dominum
668 4081 698 4135 in
719 4081 870 4153 Evangelio
920 4081 1010 4138 acturi
1031 4082 1157 4137 forenses
1177 4096 1274 4137 sarisas
1296 4080 1456 4150 veniebant,
1471 4081 1544 4138 servi
1569 4082 1617 4138 liei
1633 4083 1736 4140 adren-

51 4172 109 4228 suis
123 4172 341 4244 precipientem
355 4174 467 4230 audiret
482 4192 489 4229 r
507 4177 556 4245 qui
571 4175 632 4230 vult
645 4177 738 4230 ventre
751 4179 813 4246 post
831 4191 871 4231 me
919 4174 1042 4231 tentium
1057 4173 1240 4230 multitudine
1255 4173 1400 4229 molestias
1417 4175 1588 4247 pierumque
1609 4175 1737 4248 perfere-

51 4266 166 4335 ntneqct
186 4269 366 4338 semetipsam,
382 4273 407 4322 et
425 4269 504 4324 tollet
518 4283 622 4323 crucem
634 4283 722 4330 mom,
736 4273 869 4338 ctscquo-
919 4267 997 4323 bant.
1021 4268 1141 4323 Praelata
1162 4282 1267 4338 nempe
1290 4267 1397 4339 oppida
1421 4268 1595 4339 temporibus
1617 4268 1736 4325 casaris

52 4366 154 4415 turma
170 4360 260 4431 (bue,
278 4360 472 4429 ιι,23).111υά
488 4361 624 4416 etiamad
640 4360 786 4416 cumulum
808 4376 871 4431 per·
919 4361 1018 4430 fuisse,
1046 4361 1130 4432 eique
1157 4361 1292 4432 leguntur
1315 4360 1426 4417 fortiter
1451 4362 1606 4429 restitisse;
1634 4361 1734 4433 ibique

50 4453 186 4509 iectionis
207 4452 250 4507 sir
268 4453 318 4509 llei
340 4456 403 4510 eitae
424 4455 574 4509 memoriae
597 4453 776 4521 condiderat,
793 4451 973 4526 quodeer
994 4455 1085 4509 multa
1109 4454 1211 4508 saecula
1235 4454 1397 4526 principum
1420 4453 1502 4509 sedes
1526 4453 1732 4525 permansisse.

50 4546 111 4618 ipsa
137 4547 398 4618 comtemptoribus
422 4547 524 4603 mundi
553 4547 704 4620 pollicetur
728 4547 837 4602 Veritas
860 4564 867 4602 :
920 4548 987 4603 inde
1002 4547 1159 4618 frequentia
1179 4561 1331 4618 procerum
1354 4550 1438 4618 atque
1460 4544 1658 4613 mediocrium,
1672 4545 1734 4619 qui·

49 4641 139 4696 Amen
160 4640 222 4695 dion
236 4641 311 4696 oobr's
324 4643 461 4711 quadros,
477 4643 528 4712 qui
537 4645 649 4712 propter
663 4656 704 4696 me
720 4641 869 4711 reliquistis
918 4641 972 4697 bus
998 4645 1085 4696 autea
1107 4639 1211 4695 nobilis
1237 4639 1323 4694 heros
1344 4638 1373 4693 iu
1395 4639 1490 4694 saeouli
1512 4638 1626 4710 fastigio
1649 4630 1733 4693 not'us

49 4737 143 4789 omnio
156 4734 316 4805 centuplum
329 4737 475 4806 rescipiens
493 4741 518 4792 et
535 4737 622 4790 eitum
641 4740 771 4791 eternom
787 4737 870 4805 possi-
919 4734 1022 4802 iuerat,
1034 4734 1096 4804 jam
1110 4732 1223 4804 speciali
1245 4732 1362 4787 theoriae
1382 4732 1525 4787 ferventer
1538 4731 1731 4788 inhaerentem

49 4829 150 4884 debitis
174 4828 296 4897 (hotta,
310 4845 364 4896 ιιι,
386 4829 443 4901 29).
466 4828 601 4885 Veridicis
624 4828 713 4900 igitur
737 4844 869 4884 accensus
917 4827 1056 4896 visitabat,
1071 4831 1099 4882 et
1118 4825 1269 4897 multiplici
1290 4825 1430 4897 colloquio
1443 4825 1478 4880 de
1499 4825 1591 4880 causis
1612 4825 1730 4881 utilibus

50 4920 218 4992 promissis,
241 4920 318 4992 quod
340 4927 426 4978 antea
449 4938 515 4977 cum
542 4921 713 4977 discretione
740 4922 867 4988 lecerat,
918 4922 1037 4992 prolato,
1067 4920 1190 4975 aoeiestia
1218 4920 1406 4975 meditantem
1432 4917 1622 4991 inquietabat.
1648 4918 1732 4975 ilium
1788 4944 1794 4952 ·

49 5015 124 5070 tecm
143 5015 330 5071 distractione
346 5031 454 5083 rerum,
470 5015 610 5088 quidquid
631 5014 739 5071 habere
764 5014 867 5087 potuit,
918 5014 1007 5086 igitur
1029 5013 1199 5068 venerabilis
1220 5013 1272 5067 viri
1295 5013 1389 5068 locum
1415 5012 1613 5083 deseruerunt,
1634 5011 1732 5087 ibique

50 5108 230 5180 pauperibus
249 5112 358 5180 erogat.
375 5109 543 5181 conjugem,
559 5124 647 5180 quam
668 5110 701 5162 ut
715 5109 805 5179 patris
819 5124 868 5163 no·
918 5106 1023 5181 posteri
1037 5106 1195 5176 basilicam,
1212 5122 1276 5179 quur
1298 5105 1390 5161 adhuc
1404 5105 1552 5178 perdurat,
1567 5106 1598 5162 iu
1621 5106 1731 5164 bonore

50 5217 116 5257 men
130 5199 252 5257 haberet
266 5206 424 5273 acceperet,
439 5217 517 5256 sacro
532 5200 673 5257 velamine
687 5215 867 5267 consecrans,
917 5202 945 5258 S.
961 5201 1066 5256 Ebrnlll
1079 5198 1279 5256 condiderunt.

50 5293 156 5350 celesti
171 5294 470 5366 sponsooondonavit.
488 5296 559 5366 lpse,
575 5299 713 5366 tanquam
727 5294 868 5365 elapsusa
953 5293 1060 5350 Deinde
1092 5293 1190 5348 silvam
1220 5293 1340 5365 ingressi
1371 5296 1438 5349 sunt
1462 5300 1605 5350 amatores
1628 5293 1730 5364 eremi,

50 5387 214 5461 naufragio,
225 5387 263 5443 ad
278 5388 483 5444 monasterium
497 5387 648 5456 festinavit,
662 5393 690 5443 et
704 5388 794 5443 factus
809 5402 867 5442 mo·
917 5404 1003 5460 quam
1019 5387 1130 5442 Uticum
1153 5389 1346 5459 protestantur
1360 5388 1469 5443 incolae.
1485 5386 1556 5453 Qua
1571 5387 1640 5443 silva
1664 5388 1733 5444 den-

49 5480 169 5547 nechea,
186 5480 292 5536 mansit
304 5480 344 5537 ibi
357 5480 385 5537 in
399 5481 480 5536 omni
493 5480 657 5536 humilitate
671 5480 798 5536 serviens
811 5481 867 5536 ileo
916 5482 999 5536 sitate
1029 5481 1163 5536 arborum
1189 5480 1344 5549 horribilis,
1369 5481 1474 5536 crebris
1502 5482 1646 5537 latronum
1672 5480 1729 5537 fre·

48 5573 233 5647 paratiquod
255 5579 390 5646 tempus;
412 5574 649 5646 excrescebatque
668 5575 698 5629 in
718 5590 752 5629 eo
772 5573 866 5645 magis
918 5577 1055 5646 quentata
1074 5572 1258 5644 discursibus,
1272 5573 1479 5630 habitationem
1502 5574 1658 5647 prestabat
1678 5575 1730 5631 im·

48 5676 134 5743 atque
146 5667 245 5741 magis
259 5672 363 5724 sancte
376 5668 595 5725 conversationis
607 5667 733 5724 allectus.
917 5668 1051 5724 munibus
1077 5667 1154 5725 loris.
1179 5667 1309 5741 Cumque
1327 5666 1479 5740 intrepidis
1499 5666 1643 5740 gressibus
1669 5680 1730 5724 ras·

82 5765 205 5830 ttshtor
216 5762 282 5827 ritae
296 5761 513 5841 monasterium,
530 5761 568 5820 ad
585 5761 662 5848 quod
674 5762 810 5845 praetatus
824 5762 868 5822 vir
917 5761 1026 5826 tissiurs
1043 5762 1108 5828 tens
1123 5761 1289 5828 solitudinis
1308 5757 1753 5847 peragrarent,nouinuemeu·
