3750 6046
859 185 1046 244 santonas.
1601 180 1613 235 .'
1726 184 1795 246 tout

434 309 547 387 stulto
566 311 612 366 111.
939 314 1103 396 Aconstat3
1123 309 1214 365 oritur
1234 325 1269 365 ex
1291 312 1419 382 respectu
1439 308 1574 366 humanae
1595 309 1743 383 dignitatis
1765 316 1795 368 et

315 415 341 454 m
361 414 488 456 nournrci
509 414 723 456 sarrraaasrun.
977 403 1154 470 conditione;
1174 420 1208 460 ex
1229 403 1460 459 consideratione
1481 403 1583 460 divinae
1603 404 1793 462 miserationis

145 498 239 555 Simile
258 503 297 552 est
322 513 435 567 repauso
456 499 581 553 colonam
604 498 707 553 bomini
726 499 928 569 patrifamilias
976 496 1005 552 in
1026 497 1235 568 redemptione3
1258 514 1290 551 er
1313 496 1498 569 experientiis
1522 514 1637 570 quoque
1658 498 1793 555 bonitatis

109 594 159 663 qui
183 594 249 647 coiit
271 594 360 662 prirno
381 608 460 647 inane
483 592 603 658 lucilla,
626 593 684 662 xx),
707 597 760 647 etc.
783 592 926 649 Coelorum
976 590 1103 662 ejusdem
1115 590 1145 645 in
1159 589 1364 646 beneficiorum
1379 590 1541 658 collatione,
1558 592 1636 647 unde
1651 593 1789 664 scriptum

109 701 232 756 regnum
259 701 353 740 sermo
381 684 562 756 evangelicos
587 685 698 740 homiui
727 685 925 756 patrifamilias
976 687 1120 741 estszes
1138 686 1455 754 suntqnitestimoninm
1468 685 1564 740 dunat
1580 687 1610 740 in
1626 691 1708 754 terrra
1724 686 1789 758 Spi-

109 783 266 850 comparat,
281 781 329 849 qni
341 781 408 834 sciit
421 795 523 834 summo
536 795 616 834 milne
630 780 777 834 conducere
791 782 926 850 operarios
975 780 1056 842 ritus,
1070 795 1144 849 aqna
1156 784 1182 834 et
1193 781 1304 848 sanguis
1319 779 1341 849 (t
1355 780 1446 841 lona,
1460 777 1498 848 v).
1516 780 1547 834 tn
1561 780 1699 850 sanguine
1712 781 1790 836 nobi-

109 874 141 927 in
156 875 265 928 uincam
278 887 364 927 suom.
378 871 418 927 ad
433 873 512 943 cinus
526 873 746 944 comparationis
760 872 924 943 intelligen-
975 871 1039 926 litas
1052 871 1177 943 generis,
1193 871 1223 927 in
1238 887 1312 942 aqua
1325 871 1419 926 fluxus
1432 871 1621 940 mortalitatis,
1638 873 1667 927 in
1682 873 1790 946 Spiritu

109 965 179 1020 tiam
197 965 382 1037 quaerendum
399 966 578 1037 potissimum
592 965 660 1038 quid
675 965 757 1020 vinea
773 965 924 1037 significet,
975 965 1136 1021 distributio
1150 965 1281 1036 signatur
1294 965 1413 1020 virtutis.
1425 966 1632 1022 Testimonium
1645 984 1715 1038 ergo
1728 984 1791 1023 nos·

110 1058 158 1113 ubi
178 1059 238 1129 ejus
258 1059 344 1126 locus,
360 1075 424 1130 quae
440 1059 496 1114 sint
515 1060 604 1126 liorm,
624 1059 784 1130 cujusmodi
804 1060 924 1115 cultura.
974 1064 1026 1114 trae
1040 1059 1138 1114 salutis
1151 1059 1281 1130 perhibet
1294 1059 1420 1131 sanguis,
1436 1060 1504 1130 quia
1518 1060 1553 1114 ad
1567 1059 1726 1132 imaginem
1740 1062 1790 1116 Dei

107 1152 233 1216 eratuor
246 1152 290 1206 his
304 1152 436 1219 inventis,
450 1153 479 1206 in
493 1151 600 1208 eaeteris
614 1152 813 1222 intelligentiae
830 1152 925 1206 aditus
974 1152 1042 1208 facti
1061 1169 1172 1220 sumus;
1198 1159 1226 1208 et
1248 1169 1333 1224 aqua,
1356 1153 1422 1224 quia
1445 1159 1538 1208 morte
1562 1154 1622 1208 filii
1645 1155 1790 1227 redempti
1850 1200 1853 1207 .

107 1244 188 1300 haud
212 1245 333 1300 diflicilis
354 1245 473 1318 patebit.
496 1247 529 1300 Et
552 1245 668 1317 quidem
692 1245 726 1300 de
750 1246 795 1300 his
819 1245 923 1300 diversi
974 1262 1086 1312 sumus;
1103 1252 1130 1301 et
1149 1246 1280 1317 Spiritus,
1294 1245 1360 1316 quia
1379 1245 1571 1317 spiritualium
1584 1247 1789 1304 charismatum

108 1339 220 1395 diversa
245 1340 410 1411 loquuntur,
436 1343 465 1394 et
489 1339 666 1411 singolorum
692 1343 760 1394 sunt
784 1339 924 1410 ponenda
974 1340 1058 1395 divite
1072 1339 1154 1411 copia
1167 1338 1249 1393 ditati
1264 1354 1361 1393 sumus
1377 1340 1464 1410 gratis
1478 1355 1485 1394 :
1500 1340 1604 1394 borum
1624 1340 1787 1396 considera·
1852 1394 1855 1399 .

106 1433 269 1505 opiniones,
298 1437 329 1488 ut
353 1449 387 1489 ex
413 1433 588 1488 diversorum
614 1433 742 1487 sensibus
768 1434 867 1502 vineae,
895 1436 925 1488 et
973 1432 1057 1489 tioin
1075 1432 1245 1504 quibuslibet
1262 1432 1394 1503 periculis
1411 1449 1491 1504 spem
1508 1438 1636 1489 nostram
1655 1435 1786 1504 roborat3

106 1527 171 1595 loci,
189 1530 217 1583 et
231 1527 376 1598 temporis,
390 1532 418 1582 al
432 1526 527 1598 operis
544 1527 711 1597 signilieatio
729 1530 757 1581 et
777 1526 847 1581 ratio
865 1527 923 1581 col·
973 1533 1001 1582 et
1018 1542 1082 1598 spes
1102 1526 1217 1581 robusta
1234 1526 1271 1581 ad
1293 1542 1363 1597 opus
1383 1542 1435 1582 nos
1455 1527 1545 1582 vineae
1564 1527 1639 1582 haud
1658 1527 1789 1605 segniter

105 1619 221 1691 ligatur.
239 1620 284 1674 Ait
302 1619 389 1674 David
408 1636 415 1673 ε
435 1621 548 1676 Vineam
566 1621 599 1675 de
614 1623 729 1690 AEpypto
748 1621 921 1683 transtulisti,
972 1620 1082 1675 inritat.

105 1713 208 1782 eiecisti
230 1719 329 1782 gentes,
349 1719 374 1768 et
394 1715 529 1784 plantasti
549 1730 608 1769 eam
627 1715 712 1782 (Psal.
734 1716 831 1784 arara).
851 1687 961 1770 Cumss
1009 1714 1038 1768 tn
1055 1718 1134 1768 sexta
1146 1712 1225 1781 hora,
1240 1712 1430 1768 miserationis
1443 1717 1473 1768 et
1487 1713 1690 1785 compassionis
1702 1714 1785 1771 affec·
1860 1726 1863 1731 ’

106 1822 176 1877 ergo
192 1806 245 1861 hoc
262 1806 340 1873 dicit,
356 1807 480 1861 ostendit
496 1806 577 1861 nobis
596 1806 706 1862 vineam
725 1824 785 1862 esse
801 1807 923 1879 discipli·
973 1811 1018 1862 tus
1040 1807 1210 1878 exprimitur
1235 1810 1263 1862 et
1286 1806 1416 1874 ellectum
1439 1807 1662 1863 misericordiam
1689 1812 1787 1864 autem

105 1915 174 1955 nam
188 1899 451 1967 abrenuntiationis,
463 1917 527 1972 qum
539 1900 574 1955 de
585 1901 678 1956 saculi
693 1900 818 1956 tenebris
834 1904 923 1954 trans·
973 1901 1001 1956 iu
1018 1918 1064 1955 sex
1079 1901 1211 1971 operibus
1225 1904 1357 1956 constare
1378 1900 1540 1971 evangelica
1554 1901 1642 1956 tradit
1660 1902 1786 1957 auctori·

104 1992 352 2048 ferturadlumen
364 1994 518 2066 religionis,
530 1994 786 2066 cun1,erpulsisab
797 1994 922 2049 humana
972 2000 1025 2049 tas.
1048 1995 1119 2050 Sunt
1140 1999 1235 2049 autem
1256 1994 1327 2061 haec,
1347 2009 1464 2066 pascere
1485 1994 1667 2062 esurientem,
1687 2000 1788 2065 potare

105 2091 205 2141 niente
225 2087 352 2141 sentibus
373 2087 514 2155 vitiorum,
531 2089 666 2142 virtutum
689 2088 820 2159 germina
840 2089 920 2159 plau-
971 2088 1128 2155 sitientem,
1149 2086 1291 2159 hospitem
1314 2087 1461 2158 colligere,
1482 2087 1584 2142 vestire
1605 2087 1726 2156 nudum,
1747 2088 1788 2143 in·

105 2183 212 2235 tantur.
224 2181 272 2234 Est
282 2197 350 2252 ergo
364 2180 445 2235 vinea
459 2181 608 2253 disciplina
621 2182 819 2249 renuntiativa,
834 2197 921 2253 quam
971 2182 1086 2237 firmum
1110 2181 1233 2249 visitare,
1255 2181 1290 2235 ad
1314 2180 1521 2235 incarceratum
1543 2180 1639 2235 venire
1662 2182 1786 2252 (Mollia,

104 2274 129 2328 si
155 2275 311 2346 susceperit
333 2276 418 2337 ticino,
439 2275 526 2337 ocidit,
547 2282 572 2329 et
599 2275 692 2330 uendit
714 2277 841 2330 araiucma
862 2291 921 2344 qua
970 2275 1033 2346 xxv)
1049 2292 1055 2330 :
1074 2291 1137 2347 quoe
1151 2274 1216 2329 licet
1230 2274 1416 2345 corporaliter
1430 2273 1557 2328 exhibita
1572 2274 1652 2346 regni
1666 2273 1786 2330 coelestis

104 2368 185 2422 narbet
202 2368 324 2436 ttlottl„
337 2368 404 2438 rur),
420 2376 448 2422 et
464 2369 572 2439 plantat
589 2383 664 2423 earn.
680 2368 730 2424 Ubi
745 2375 839 2423 autem
855 2368 918 2423 dili·
969 2369 1153 2441 perceptione
1178 2373 1377 2435 munerentur,
1401 2367 1587 2438 spiritualiter
1610 2372 1707 2423 tamen
1728 2368 1784 2423 im-

104 2464 207 2533 genter
233 2462 420 2529 intuendum,
450 2462 604 2533 pinguibus
635 2462 714 2517 illum
741 2462 831 2533 glebis
857 2466 917 2517 tam
969 2463 1046 2534 pieta
1061 2462 1203 2533 potiorem
1222 2460 1345 2516 afferunt
1358 2461 1492 2515 fructum.
1507 2462 1558 2528 Qui
1576 2461 1659 2516 fratri
1678 2462 1785 2517 abono

102 2555 260 2628 pretiosum
280 2572 397 2626 german
418 2556 555 2611 mandare
570 2559 695 2627 oportet,
711 2573 746 2611 ne
761 2572 819 2627 praa
837 2556 917 2610 steri·
968 2572 1054 2627 opere
1068 2556 1203 2626 torpenti,
1218 2561 1247 2611 et
1256 2555 1368 2626 jejuno,
1383 2570 1501 2609 suorum
1517 2556 1648 2626 exemplo
1666 2570 1785 2627 operum

101 2648 182 2704 litate
203 2648 256 2704 soli
277 2652 440 2720 exspectata
457 2649 602 2704 fructuum
626 2649 754 2704 ubertate
775 2651 918 2719 operantis
968 2650 1043 2705 viam
1053 2649 1172 2719 justitiae
1186 2649 1371 2717 demonstrat,
1383 2647 1557 2703 esurientem
1570 2647 1660 2718 cibat;
1671 2648 1695 2703 si
1709 2649 1784 2705 viam

101 2740 236 2813 agricolae
266 2741 419 2797 frustretur
450 2741 598 2797 industria.
630 2742 744 2813 Legitur
772 2742 810 2797 sie
841 2744 918 2814 apud
967 2743 1092 2798 veritatis
1105 2742 1298 2814 ignorantem,
1313 2746 1342 2797 et
1356 2741 1566 2796 desiderantem
1580 2757 1666 2813 opere
1679 2743 1783 2798 docue-

102 2835 208 2895 lsaiam
229 2852 236 2890 z
253 2837 340 2893 Vinea
361 2837 438 2902 fracta
459 2840 497 2891 est
517 2837 614 2891 dilecto
634 2839 665 2891 in
686 2852 771 2891 cornu
791 2837 844 2906 filii
866 2838 919 2892 olei
967 2837 1005 2892 rit
1018 2841 1047 2892 ct
1058 2853 1202 2904 sermone,
1217 2852 1291 2905 aqna
1305 2836 1448 2906 sapientia
1459 2836 1591 2891 salutaris
1605 2839 1711 2906 poterit
1722 2852 1784 2892 eam

102 2929 192 3000 (lsai,
205 2928 242 3000 a).
255 2930 305 2985 llic
318 2932 361 2984 εει
377 2929 453 2985 locus
467 2929 555 2984 vinea
570 2930 681 2984 Domini
696 2929 827 2997 Sabaoth,
839 2931 917 2986 locus
969 2933 1071 3002 tEccli„
1087 2931 1142 3001 xv).

101 3022 173 3077 uber
199 3028 227 3077 et
249 3023 379 3094 pinguis;
401 3038 487 3078 corna
508 3024 561 3092 filii
585 3025 645 3078 olei.
668 3025 759 3077 Cornu
785 3022 955 3126 designate
1002 3026 1051 3079 Est
1068 3029 1165 3080 autem
1184 3024 1234 3094 qui
1253 3023 1351 3078 salutis
1372 3038 1430 3078 suaa
1451 3038 1549 3078 curam
1572 3039 1674 3095 gerens
1692 3029 1782 3080 terre·

101 3115 289 3171 eminentiam
313 3121 341 3171 et
365 3116 540 3185 firmitatem,
564 3133 650 3186 super
674 3133 738 3187 quae
761 3115 917 3188 disciplinae
967 3135 1069 3173 norum
1083 3117 1266 3189 negotiorum
1281 3116 1390 3172 artibus
1409 3116 1551 3187 implicari
1564 3117 1685 3189 refugit;
1700 3117 1782 3189 quie·

99 3208 336 3265 abrenuntiativae
351 3210 537 3265 fundamenta
546 3209 828 3281 jaciuntur2eminet
841 3209 917 3265 enim
966 3215 1026 3266 tem
1053 3212 1134 3282 petit,
1164 3211 1309 3265 silentium
1333 3217 1419 3276 amal,
1445 3226 1543 3280 preces
1567 3210 1603 3265 ad
1631 3211 1782 3266 Dominum

100 3302 278 3373 propositum
292 3303 356 3372 hoc,
367 3304 537 3358 etasaeeulo
551 3303 647 3357 exiens
660 3306 916 3373 tanquamacarne
965 3305 1100 3370 assiduat,
1120 3305 1210 3358 renuit
1229 3304 1365 3358 consolari
1382 3306 1477 3357 aniana
1495 3304 1580 3373 (Psal.
1596 3304 1686 3373 aaran)
1704 3305 1781 3375 ejus;
1829 3364 1832 3369 ,

99 3395 264 3467 procedens,
289 3397 325 3452 ab
339 3397 483 3452 ,humanae
509 3397 683 3468 contagione
708 3397 770 3451 vitae
795 3398 824 3450 et
846 3412 914 3450 con·
964 3397 1101 3452 virtutum
1117 3399 1228 3451 tautum
1243 3395 1392 3460 exercitiis,
1406 3411 1438 3450 ac
1456 3395 1507 3450 Dei
1529 3395 1671 3450 memoria
1685 3396 1780 3452 delec·
1863 3382 1867 3389 ¹

98 3487 267 3545 versationis
287 3489 455 3558 secernitur,
478 3489 654 3561 erigiturque
678 3489 708 3543 in
729 3489 834 3556 altum;
858 3505 915 3543 non
965 3493 1051 3558 tatur,
1076 3490 1133 3544 Deo
1157 3504 1258 3543 vacans
1280 3491 1309 3542 et
1330 3487 1462 3542 babitans
1483 3488 1542 3559 ipse
1564 3503 1660 3542 secum
1683 3506 1690 3544 :
1712 3488 1781 3560 quid

98 3581 231 3639 elationis
256 3583 329 3638 fastu
353 3588 455 3638 contra
479 3583 642 3650 Dominum,
664 3582 716 3637 sed
739 3581 915 3638 sublimitate
964 3583 1025 3655 ipse
1051 3581 1106 3638 uisi
1129 3580 1298 3653 peregrinus
1321 3583 1350 3636 et
1371 3581 1474 3652 hospes
1499 3584 1543 3635 est
1565 3596 1650 3650 super
1672 3584 1780 3637 terram

98 3675 163 3732 ritae
182 3679 212 3731 et
229 3675 390 3733 dovotionis
403 3676 504 3733 affectu
519 3676 556 3732 ad
572 3677 721 3732 Dominum
736 3691 742 3731 :
759 3676 837 3748 quod
849 3676 915 3747 quia
966 3677 1067 3748 tllebr„
1089 3675 1137 3745 ar),
1160 3677 1325 3730 manentem
1346 3673 1393 3729 hic
1414 3690 1472 3728 non
1495 3673 1603 3728 habens
1624 3674 1780 3741 civitatem,

97 3769 218 3841 Spiritus
231 3771 321 3826 sancti
340 3788 457 3827 munere
475 3770 518 3839 lit,
534 3786 621 3825 cornu
641 3770 745 3825 dieitur
758 3769 812 3824 olei
828 3768 912 3837 tilius,
963 3771 1011 3826 sed
1045 3770 1170 3825 futuram
1198 3767 1367 3839 inquirens?
1396 3768 1588 3839 (liebr.,‡xru)
1616 3767 1778 3838 hujusmodi

97 3879 130 3918 aa
150 3863 171 3918 si
190 3862 289 3935 gratia
309 3863 465 3935 spiritualis
479 3863 603 3918 affectus.
620 3863 690 3917 Cum
709 3877 778 3933 ergo
795 3862 858 3933 quis
877 3862 914 3917 ad
963 3863 1107 3919 charitatis
1127 3862 1201 3918 uluis
1224 3860 1367 3933 amplecti,
1385 3862 1490 3930 lovere,
1511 3866 1539 3915 et
1555 3861 1659 3916 humili
1678 3861 1780 3917 affectu

97 3955 310 4028 suscipiendam
327 3972 415 4011 sacrae
430 3956 577 4028 religionis
590 3955 769 4029 disciplinam
786 3960 911 4023 vocatur,
962 3957 1103 4024 venerari,
1120 3955 1266 4027 hospitem
1281 3955 1416 4026 colligere
1431 3957 1482 4010 est.
1499 3954 1572 4010 Sunt
1584 3955 1715 4026 plerique
1730 3955 1779 4026 qui

96 4050 241 4121 proposita
256 4048 308 4104 sibi
328 4049 356 4104 in
371 4049 524 4120 praemium
542 4048 784 4104 immarcescibilis
799 4065 912 4103 coronae
963 4053 1033 4106 tates
1053 4051 1240 4116 subsannant,
1254 4065 1356 4120 segnes
1379 4052 1407 4104 et
1425 4048 1541 4104 hebetes
1561 4053 1669 4115 vocant,
1686 4049 1777 4120 hypo·

95 4141 222 4214 gloriati
239 4145 323 4209 Pota,
344 4142 383 4212 v),
401 4143 533 4198 conducit
553 4144 627 4197 Deos
648 4142 813 4214 operarium
829 4158 912 4197 suum
961 4145 1048 4199 critas
1066 4143 1256 4214 suspicantur,
1278 4158 1399 4213 quorum
1416 4140 1517 4212 judieii
1538 4141 1680 4196 temeritas
1693 4145 1777 4213 ssdpo-

93 4235 126 4290 in
147 4235 258 4291 vineam
281 4252 372 4290 suam.
394 4237 494 4291 Noster
512 4236 716 4306 paterfamilias
735 4236 793 4307 ipse
815 4238 867 4303 est,
883 4238 912 4290 et
962 4238 1025 4293 stoli
1038 4237 1203 4292 retunditur
1214 4235 1384 4301 invectione,
1399 4235 1520 4290 dicentis
1534 4252 1541 4289 :
1556 4239 1595 4291 Ta
1608 4242 1699 4292 antem
1711 4237 1779 4305 quid

95 4328 272 4397 auctoritate,
286 4335 316 4384 et
329 4329 450 4397 ratione,
468 4334 498 4384 et
511 4328 667 4385 beneficiis.
955 4332 1068 4401 jndices
1082 4332 1198 4397 fratrem
1212 4331 1311 4384 tunm?
1325 4331 1381 4384 Aut
1398 4334 1427 4382 tu
1448 4344 1532 4397 quare
1545 4331 1649 4399 spanis
1663 4331 1778 4396 tratrem

130 4421 262 4495 Quinque
288 4424 367 4478 horis
392 4423 545 4479 mittuntur
571 4423 695 4496 operarii
721 4423 751 4478 in
779 4417 1058 4490 vineam3Dtuura?
1073 4418 1169 4494 (llam,
1183 4424 1253 4494 xiv.)
1273 4423 1305 4477 ili
1325 4421 1468 4493 hospitem
1484 4438 1541 4476 non
1562 4421 1710 4493 colligunt,
1727 4421 1776 4477 sed

91 4515 186 4589 primo
207 4532 303 4584 mane,
322 4517 395 4572 hora
416 4517 508 4583 tertia,
528 4521 617 4587 serta,
640 4533 726 4585 nona,
747 4516 908 4571 undecima.
961 4518 1118 4589 expellunt.

91 4608 219 4665 Primum
233 4626 316 4665 mane
331 4610 397 4665 lidei
412 4614 454 4666 est
468 4610 640 4666 illuminatio
652 4627 659 4666 :
671 4627 739 4665 narn
753 4610 909 4666 seeundum
996 4611 1093 4665 Nudus
1107 4627 1175 4665 sane
1191 4615 1232 4665 est
1250 4625 1336 4680 quem
1348 4608 1466 4679 justitiae
1485 4609 1606 4664 amictus
1619 4624 1677 4663 uon
1692 4609 1775 4678 relat,

92 4702 147 4760 erit
168 4704 419 4776 contemplationis
438 4704 591 4760 inchoatio.
612 4704 749 4771 Primum,
765 4705 832 4776 quia
853 4719 909 4758 una
959 4706 1039 4776 cujus
1063 4704 1270 4775 turpitudinem
1296 4703 1380 4773 culpa
1405 4702 1558 4758 commissa
1583 4702 1702 4770 revelat3
1726 4702 1776 4758 sed

92 4799 137 4853 est
148 4795 228 4865 fides,
243 4797 381 4853 unitatem
394 4798 456 4868 ejus
468 4799 601 4869 Apostolo
613 4798 652 4853 sic
665 4797 906 4853 commendante:
958 4798 1097 4870 tegendus
1116 4803 1158 4852 est
1179 4798 1232 4851 iste
1253 4800 1329 4850 veste
1347 4796 1454 4851 silentii
1476 4800 1505 4850 et
1524 4795 1635 4867 pietatis
1655 4794 1773 4863 eliacim
1869 4812 1874 4819 ·

94 4892 169 4948 Unus
189 4891 330 4954 Drmiam,
350 4907 407 4946 unit
427 4892 502 4961 tides,
522 4908 606 4946 anum
628 4891 765 4961 baptisma
788 4891 906 4962 (eptas,
959 4891 1187 4963 compatiendum
1210 4891 1245 4956 ei,
1267 4906 1320 4945 nac
1340 4889 1376 4945 de
1398 4905 1433 4945 eo
1456 4892 1564 4945 temere
1583 4887 1774 4959 judicandum

91 4982 147 5054 rr),
162 4999 237 5039 unus
250 4983 388 5039 Dominus
401 5001 457 5056 quo
470 4985 607 5056 regimur,
623 5000 684 5039 una
697 4983 767 5039 fides
780 5001 836 5055 qua
847 4983 898 5038 illa
958 4992 1009 5042 est.
1026 4986 1074 5040 Est
1087 4983 1193 5043 etenim
1207 4984 1334 5055 quicum
1349 4983 1468 5038 fratrem
1487 4998 1571 5038 suum
1586 4981 1688 5037 viderit
1705 4997 1774 5053 pec·

91 5077 247 5146 minamur,
267 5093 357 5132 unum
373 5078 512 5149 baptisma
533 5095 589 5150 quo
609 5077 832 5132 sanctificamur.
854 5076 908 5141 Qui
957 5084 1081 5146 cantem,
1102 5094 1161 5133 non
1185 5078 1224 5133 ait
1248 5093 1345 5132 secum
1368 5079 1452 5147 :lpse
1476 5076 1565 5138 lodie,
1585 5081 1611 5130 et
1633 5090 1694 5132 cras
1715 5090 1774 5145 epo,

91 5171 128 5226 ad
152 5169 224 5226 bene
250 5170 428 5242 operandum
452 5172 554 5226 virtute
581 5171 652 5227 fidei
677 5171 800 5241 ducitur,
826 5171 909 5242 quasi
958 5171 1036 5243 quod
1059 5170 1177 5242 quidam
1199 5175 1360 5225 sanctorum
1382 5169 1479 5224 fecisse
1503 5168 1624 5239 legitur;
1648 5167 1697 5223 sed
1722 5166 1772 5224 de·

91 5264 187 5338 primo
201 5279 286 5319 mane
302 5263 331 5320 in
344 5264 456 5320 vineam
473 5264 648 5320 conducitur.
957 5264 1056 5332 trahit,
1075 5270 1199 5330 accusat,
1215 5263 1335 5334 judicat,
1349 5262 1477 5329 infamat,
1498 5267 1633 5334 tanquam
1649 5261 1773 5317 aliorum

128 5357 224 5413 Altera
245 5355 326 5424 bora,
349 5374 414 5429 quae
437 5357 518 5431 tertia
541 5357 654 5425 dicitur,
678 5374 741 5430 spes
767 5360 818 5428 est,
843 5373 907 5429 quae
957 5357 1075 5413 crimina
1102 5374 1151 5412 sua
1178 5357 1234 5413 sint
1258 5356 1433 5428 praeconia:
1459 5354 1622 5427 hujusmodi
1649 5355 1773 5428 promturi

90 5451 178 5508 fldem
205 5449 344 5522 sequitur.
371 5451 405 5505 Et
429 5466 554 5522 congrue
581 5451 664 5506 tertia
686 5451 757 5506 hora
781 5451 907 5507 secundo
957 5451 1117 5507 nuditatem
1137 5467 1193 5506 non
1208 5450 1310 5521 operit,
1324 5448 1375 5504 sed
1389 5449 1452 5520 ejus
1471 5448 1663 5521 ignominiam
1677 5450 1773 5520 palam

89 5544 152 5600 loco
173 5545 266 5616 posita
290 5545 351 5614 spei
372 5544 557 5613 assimilatur,
577 5545 716 5616 quoniam
738 5560 802 5616 spes
824 5548 854 5599 et
876 5545 908 5599 in
957 5544 1037 5612 lacit;
1054 5543 1103 5615 qui
1124 5559 1191 5598 vero
1207 5541 1390 5614 compatitur,
1406 5543 1531 5613 eiectat,
1548 5542 1593 5597 rel
1612 5544 1773 5613 opportune

90 5637 200 5694 duobus
214 5643 333 5706 constat,
347 5640 376 5693 et
389 5655 406 5693 a
421 5637 512 5693 tribus
525 5638 611 5694 trahit
625 5637 771 5709 originem
787 5654 794 5693 :
810 5653 905 5710 spera·
956 5643 985 5693 et
998 5644 1106 5694 secreto
1122 5636 1227 5709 arguit,
1242 5636 1356 5692 nudum
1370 5635 1452 5707 tegit.

90 5732 241 5788 turranio
263 5737 292 5789 et
312 5731 411 5806 gloria,
433 5731 563 5789 remissio
586 5737 615 5789 et
639 5731 788 5806 promissio
810 5731 840 5791 ia
863 5732 907 5791 bis
994 5731 1132 5798 Quintum
1154 5748 1225 5805 opus
1250 5729 1452 5789 misericordiae
1474 5734 1517 5789 est
1536 5728 1685 5786 infirmum
1707 5725 1774 5785 atst-
