3750 6046
159 222 226 279 titt

852 220 991 280 hliliith
1010 222 1042 279 ll'
1061 222 1157 279 PAPAE

1785 220 1845 281 lire

193 351 252 420 Ego
282 345 448 404 Octavianus
471 347 568 419 presb.
591 348 667 404 card.
695 349 730 404 tit
759 349 868 406 Sancta
894 350 972 407 Ceci·
985 350 1126 438 Adicitur
1152 350 1242 419 lieza3
1258 350 1287 405 in
1310 349 1468 406 ‘l'aveirolos
1494 350 1596 407 decem
1624 351 1768 407 ecclesias
1784 369 1844 408 cun

157 442 211 497 iiae.

192 538 253 607 Ego
275 536 365 593 Cnido
393 536 465 592 diac.
487 536 561 591 card.
586 538 696 592 Sancte
723 537 818 592 liariae
846 538 875 592 in
902 539 970 594 Por-

156 630 224 686 tien.

194 726 263 779 Data
284 723 395 779 Narniae
419 740 609 795 permenam
633 724 766 793 llolandi,
787 728 893 780 sanctae
917 726 972 780 ito·

157 834 250 873 mance
273 817 402 873 Ecclesiae
414 817 572 890 presbyteri
587 818 737 873 cardinalis
759 824 787 873 et
802 819 971 888 cancellarii,

158 910 253 967 idibus
276 911 396 982 Augusti
419 909 572 965 indictione
597 927 633 977 nr,
654 911 858 965 iucarnationis
877 911 971 966 Domi-

157 1007 227 1063 nicee
245 1023 319 1062 auno
344 1010 421 1075 libb,
442 1007 624 1078 pontilicatns
646 1024 712 1063 vero
733 1007 833 1062 domni
854 1007 973 1062 Adriani

1023 445 1247 516 possessionibus
1262 450 1290 499 et
1312 444 1477 500 homiuibus
1493 446 1552 499 suis
1561 463 1570 514 ;
1585 445 1617 500 iu
1633 449 1727 501 Asma
1751 446 1843 503 decem

1023 537 1157 593 ecclesias
1175 553 1239 592 cnm
1252 537 1474 609 possessionibus
1489 544 1519 594 et
1537 539 1712 594 hominibus
1728 539 1845 608 snis;in

1022 632 1158 687 hviaucos
1181 636 1210 686 et
1233 632 1335 699 sarria,
1351 632 1514 704 quindecim
1534 633 1675 688 ecclesias
1696 650 1765 688 cum
1788 649 1843 689 om·

1021 723 1106 780 uibus
1130 724 1216 780 rebus
1239 724 1338 780 adeas
1361 726 1581 796 pertinentibus.
1598 726 1751 783 Praete'rea
1772 727 1844 783 issam

1022 818 1202 873 donatiouem
1218 835 1303 890 quarn
1320 819 1445 875 ecclesiae
1466 821 1492 875 S.
1509 821 1634 887 idnrtini,
1650 821 1682 875 in
1698 838 1760 892 qna
1774 822 1845 893 prius

1023 910 1103 966 sedes
1127 912 1290 983 episcopalis
1314 912 1376 979 init,
1402 911 1532 968 videlicet
1561 913 1761 969 medietatem
1789 932 1843 971 om-

1022 1005 1101 1059 niurn
1125 1005 1276 1072 bonorum,
1293 1022 1356 1076 quse
1369 1005 1407 1060 ibi
1428 1006 1563 1076 habebas,
1578 1010 1607 1062 et
1631 1007 1774 1079 quaedam
1796 1010 1843 1065 alia

1022 1098 1119 1153 iecisse
1139 1098 1326 1170 dignosceris,
1346 1099 1403 1167 ubi,
1418 1099 1534 1169 scilicet,
1553 1099 1589 1155 de
1610 1102 1772 1156 communi
1791 1103 1841 1158 ira·

1023 1198 1099 1248 trum
1133 1195 1248 1246 tuorum
1273 1191 1389 1247 consilio
1421 1193 1576 1263 Regulares
1608 1195 1772 1250 canonicos
1800 1213 1841 1267 po

1023 1282 1115 1352 suisti,
1144 1285 1312 1340 auctoritaie
1336 1285 1486 1356 apostolica
1517 1286 1717 1343 nihilominus
1745 1290 1839 1345 coniir-

1022 1395 1143 1433 mamus.

158 1117 238 1173 papas
253 1099 287 1156 it'
299 1117 375 1156 anuo
389 1101 522 1156 secundo.

536 1200 614 1255 cvii.

155 1295 369 1351 mindoniensem
396 1293 531 1348 ecclesian
560 1299 585 1347 et
612 1309 700 1348 omnes
718 1294 776 1362 ejas
804 1293 973 1349 hereditates

263 1374 312 1428 sub
331 1374 483 1444 apostolice
500 1373 570 1428 sedis
582 1375 751 1443 protectione
769 1378 876 1445 tempu.

392 1461 523 1533 (Nflmlae,
536 1466 609 1532 Aug.
628 1463 682 1529 ¹⁸·l
1058 1471 1242 1527 Decernimus
1255 1488 1324 1544 ergo
1340 1477 1370 1528 ut
1379 1473 1448 1528 nulli
1460 1474 1579 1529 omnino
1590 1473 1755 1531 hominum
1769 1478 1843 1534 liceat

263 1557 390 1628 [Ffflffls
407 1557 517 1625 1111111111
538 1556 669 1623 1119111111,
683 1555 774 1621 111111,
791 1555 863 1628 3151
1023 1566 1213 1639 supradictam
1229 1568 1376 1623 ecclesiam
1393 1573 1499 1624 temere
1511 1570 1699 1640 perturbare,
1719 1577 1773 1627 ant
1787 1574 1841 1644 ejus

190 1664 329 1717 Annianus
348 1657 505 1729 episcopus,
521 1674 618 1712 servus
642 1673 788 1712 serrorum
811 1657 869 1725 Dei,
885 1673 970 1712 vene·
1022 1658 1210 1728 possessiones
1226 1658 1348 1724 auierre,
1362 1658 1407 1713 vei
1421 1659 1527 1713 ablatas
1541 1660 1685 1730 retinere,
1704 1662 1842 1732 minuere,

155 1753 239 1809 rabili
260 1752 340 1807 fratri
367 1754 454 1807 Pnrno
478 1750 662 1806 liiudouiensi
687 1750 829 1822 episcopo,
853 1748 1069 1822 ejusqneBseu
1090 1750 1265 1822 quibuslibet
1285 1751 1479 1807 vexationibus
1502 1752 1633 1824 inligare,
1662 1755 1714 1810 sed
1739 1755 1843 1811 illibata

155 1846 364 1902 successoribus
378 1844 515 1901 catholice
531 1843 735 1900 substituendis
750 1844 778 1899 in
798 1849 968 1916 perpetuam
1019 1845 1117 1901 omnia
1129 1847 1157 1899 et
1170 1844 1283 1916 integra
1294 1849 1500 1901 conserventur
1516 1863 1631 1915 eorum,
1647 1865 1704 1920 pro
1719 1865 1841 1921 qnorum

154 1940 337 1997 memoriam.
1018 1938 1224 2010 gubernatione
1238 1944 1267 1995 et
1280 1941 1487 1996 sustentatione
1499 1957 1636 1997 concesse
1649 1948 1731 2011 sunt,
1748 1944 1839 1999 usibus

189 2037 260 2092 Cum
277 2050 309 2090 ex
327 2034 455 2106 injuncto
467 2033 550 2089 nobis
566 2050 582 2087 a
596 2034 654 2088 Deo
672 2034 847 2105 apostolatus
865 2032 967 2103 cilicio,
1018 2032 1192 2088 omnimodis
1219 2032 1376 2103 profutura,
1403 2034 1479 2089 salva
1505 2034 1647 2091 nimirum
1679 2039 1840 2108 apostolice

153 2145 209 2202 qno
240 2128 349 2184 cunctis
379 2127 481 2182 Christi
514 2126 656 2195 fidelibus,
688 2129 802 2181 auctore
835 2127 967 2194 Domino,
1019 2125 1094 2180 sedis
1108 2127 1287 2183 anctoritate.

152 2222 387 2296 praeeminemus,
399 2221 576 2293 singulorum
591 2221 693 2292 pariet
705 2221 906 2292 tranquillitati
920 2221 968 2276 de·
1053 2220 1082 2275 Si
1096 2236 1152 2292 qua
1164 2221 1261 2291 igitur,
1275 2225 1330 2277 etc.

153 2316 274 2372 beamus
298 2315 459 2383 intendere,
480 2316 639 2386 presertim
662 2330 715 2386 pro
737 2314 851 2369 illorum
873 2314 968 2386 quiete
1053 2316 1112 2385 Ego
1127 2315 1265 2370 Adrianus
1278 2315 1423 2372 catholice
1435 2317 1567 2372 Ecclesiae
1581 2318 1752 2392 episcopus.

152 2412 266 2482 oporiet
290 2425 340 2463 uos
360 2425 420 2464 esse
442 2408 585 2477 sollicitos,
606 2407 653 2480 qui
674 2409 806 2479 pastorali
828 2408 967 2480 dignitate
1053 2410 1112 2478 ligo
1133 2409 1223 2463 Cnido
1242 2410 1389 2481 presbyter
1409 2410 1562 2465 cardinalis
1578 2411 1609 2467 iu
1635 2413 1725 2470 titulo
1751 2415 1841 2471 Sancti

153 2507 220 2559 sunt
242 2502 365 2576 praediti,
388 2505 416 2557 et
439 2502 474 2557 ad
497 2502 622 2557 cilicium
648 2502 811 2573 pontificale
833 2501 965 2572 promoti.
1017 2501 1193 2573 Chrysogoni

151 2597 209 2654 Nisi
223 2597 300 2652 enim
317 2612 369 2651 nos
388 2611 487 2650 eornm
501 2595 672 2650 utilitatibus
693 2594 875 2651 intendentes
890 2596 966 2666 ipso·
1054 2597 1113 2665 Ego
1136 2596 1262 2651 Ubaldus
1275 2597 1425 2670 presbyter
1439 2598 1596 2654 cardinalis
1610 2600 1642 2656 in
1659 2601 1749 2658 titulo
1764 2603 1840 2659 Sanc·

151 2708 216 2748 rum
235 2691 312 2762 jura,
337 2693 484 2761 quantum,
509 2689 564 2744 neo
588 2690 782 2760 permittente,
808 2704 966 2760 possumus,
1017 2686 1212 2741 belhasedis.

151 2784 265 2854 integra
288 2798 498 2847 conservemus,
512 2787 539 2837 et
555 2783 723 2838 auctoritate
745 2782 899 2852 apostolica
919 2799 967 2837 eos
1056 2780 1116 2850 Ego
1125 2780 1286 2835 Mauiredus
1296 2781 1608 2852 presbytercardinaiis
1620 2783 1651 2839 in
1660 2786 1748 2842 titulo
1759 2788 1836 2843 Sanc·

152 2878 188 2934 ab
202 2879 365 2949 iniquorum
379 2877 529 2932 hominum
546 2875 707 2930 incursibus
721 2875 919 2943 defendamus,
932 2876 966 2930 de
1016 2874 1053 2926 to
1069 2872 1190 2928 Sabium.

152 2971 266 3026 illorum
288 2972 377 3025 seinte
399 2986 456 3025 non
471 2986 536 3024 rere
551 2974 683 3040 poterunt
703 2985 764 3024 esse
780 2969 900 3038 solliciti,
917 2970 967 3041 qni
1053 2971 1112 3041 Ego
1131 2972 1221 3025 lulius
1239 2973 1389 3045 presbyter
1402 2973 1556 3029 cardinalis
1579 2975 1609 3030 iu
1631 2977 1720 3033 titulo
1745 2980 1834 3035 Sancti

150 3064 204 3118 sihi
215 3063 249 3118 ad
259 3062 418 3134 regendum
429 3062 549 3116 Domino
557 3065 624 3116 sunt
633 3061 801 3133 disponente
811 3062 966 3118 commissi.
1016 3061 1135 3116 Cosmus.

150 3157 316 3227 Enpropter‚
331 3156 497 3211 venerabilis
515 3157 543 3210 iu
557 3155 667 3213 Christo
691 3155 780 3209 irater
791 3155 873 3209 Petro
896 3113 1004 3210 ilin-C
1052 3154 1112 3224 Ego
1129 3153 1253 3209 Ubaldus
1267 3155 1418 3227 presbyter
1430 3156 1584 3212 cardinalis
1597 3158 1629 3214 in
1646 3160 1734 3216 titulo
1751 3162 1830 3217 Sanc-

150 3249 297 3306 doniensis
318 3250 460 3320 episcopo,
476 3250 531 3303 inis
539 3249 624 3319 justis
647 3248 885 3319 postulationibus
899 3264 963 3320 gra·
1015 3250 1051 3302 tae
1064 3248 1161 3303 Crucis
1174 3248 1202 3301 in
1219 3248 1406 3305 Hierusalem.

150 3347 211 3399 tum
225 3343 422 3414 impertientes
443 3359 600 3412 assensum,
616 3344 762 3398 ecclesiam
785 3345 894 3398 Sanctae
908 3344 963 3397 hia-
1050 3341 1276 3411 ligolieruardus
1285 3343 1433 3414 presbyter
1444 3344 1597 3400 cardinalis
1609 3346 1640 3400 in
1653 3348 1740 3405 titulo
1750 3351 1831 3406 Sanc-

149 3437 210 3507 rim,
223 3437 272 3491 nbi
296 3437 376 3492 sedes
388 3436 556 3507 episcopalis
579 3440 630 3503 est,
645 3441 673 3492 et
688 3436 744 3503 cui,
760 3437 878 3491 Domino
897 3453 962 3490 auc·
1014 3435 1035 3489 ti
1047 3435 1211 3492 Clementis.

148 3536 220 3600 tore,
238 3547 360 3602 preesse
381 3530 568 3602 dignosceris,
582 3529 633 3584 sub
657 3531 731 3586 beuti
745 3530 831 3598 Petri,
846 3537 875 3585 et
899 3547 962 3585 uos·
1051 3531 1110 3600 Ego
1123 3530 1611 3603 Octavianuspresbytercardinnlis
1622 3535 1654 3590 in
1664 3536 1831 3593 tituloSanc·

147 3630 193 3680 tra
220 3625 394 3695 protectione
428 3624 605 3695 suscipimus,
633 3629 662 3679 et
689 3624 835 3695 presentis
867 3625 963 3697 scripti
1013 3625 1182 3681 theciiire.

147 3715 297 3789 privilegio
309 3713 528 3769 communimus.
545 3714 719 3781 Statuentes,
736 3720 765 3768 ut
779 3730 961 3786 qrrascuuque
1049 3719 1107 3789 Ego
1122 3719 1260 3774 Geraldns
1273 3720 1420 3792 presbyter
1439 3720 1589 3776 cardinalis
1601 3721 1634 3778 in
1649 3724 1737 3781 titulo
1750 3726 1825 3782 Sanc·

146 3809 349 3882 possessiones,
364 3823 542 3879 quaecunque
564 3808 650 3875 bona,
666 3808 764 3863 eadem
782 3808 901 3863 ecclesia
915 3808 958 3863 iu·
1012 3811 1033 3866 li
1047 3812 1183 3883 Stephani
1393 3806 1396 3811 ’

145 3902 365 3976 presentiarum
389 3901 465 3971 juste.
492 3906 520 3956 et
538 3901 672 3956 canonice
700 3901 832 3974 possidet,
856 3905 906 3956 aut
930 3902 960 3956 in
1047 3908 1235 3977 Egotoanues
1248 3907 1395 3980 presbyter
1404 3908 1553 3963 cardinalis
1564 3909 1739 3968 Sanctorum
1749 3916 1827 3969 Joan-

145 3997 274 4051 futurum
288 3993 467 4049 concessione
487 3994 667 4064 pontificum,
683 3993 837 4065 largitione
857 4010 959 4067 regum
1009 3994 1054 4050 nis
1069 4001 1097 4050 et
1112 3997 1188 4050 Pauli
1202 3996 1231 4050 in
1245 3998 1325 4051 titulo
1341 3998 1498 4053 pamachii.

144 4090 189 4145 vel
214 4088 385 4160 principum,
403 4087 546 4142 oblatione
571 4087 709 4155 fidelium,
724 4104 773 4142 seu
793 4087 856 4142 aliis
875 4088 960 4159 Justis
1045 4085 1103 4155 Ego
1115 4086 1221 4139 bnarus
1232 4086 1405 4141 Tusculanus
1417 4086 1566 4157 episcopus

145 4181 249 4251 modis,
270 4184 424 4252 praestante
448 4181 582 4247 iiomioo,
601 4182 706 4252 poterit
727 4181 854 4252 adipisci,
875 4181 959 4236 llrma
1044 4176 1103 4246 Ego
1123 4175 1236 4232 Gentius
1257 4175 1422 4231 Porluensis
1446 4181 1474 4231 el
1491 4178 1602 4233 Sanclae
1628 4179 1747 4238 nunus
1771 4183 1823 4255 epi·

145 4276 198 4332 tibi
214 4276 328 4347 tuisque
348 4273 565 4343 successoribus,
581 4279 610 4330 et
631 4274 737 4329 illibata
757 4279 956 4347 permaneant,
1008 4285 1117 4341 scopus.

144 4368 292 4443 inquibus
309 4370 369 4425 hoec
382 4368 506 4441 propriis
520 4368 654 4431 duximus
672 4368 857 4441 exprimenda
872 4385 955 4425 roca·
1045 4365 1104 4435 Ego
1118 4362 1270 4435 Gregorius
1283 4363 1445 4419 Sabinensis
1457 4364 1526 4435 epis.

144 4466 221 4522 buris
236 4481 243 4519 :
967 4486 997 4560 D
1042 4452 1103 4523 Ego
1117 4453 1240 4507 ioannes
1253 4452 1401 4525 presbyter
1411 4452 1561 4509 cardinalis
1576 4453 1606 4509 in
1617 4454 1704 4512 tilulo
1715 4457 1766 4515 SS.
1779 4458 1825 4514 Sil·

179 4560 309 4615 Castrum
327 4556 404 4630 qnod
427 4556 531 4612 dicitnr
551 4557 631 4625 Cuia,
646 4574 710 4612 cnm
733 4556 957 4629 possessionibus
1008 4542 1117 4597 1111111
1131 4541 1270 4598 1111111111·
1723 4554 1732 4564 '

143 4659 171 4712 et
192 4651 359 4709 hominibus
381 4649 417 4705 ad
438 4651 532 4722 ipsum
557 4650 778 4722 pertinentibus.
794 4652 956 4718 Froxeram,
1043 4635 1442 4707 1819111011110111111111·
1458 4637 1486 4691 S·
1502 4636 1776 4698 1111111111Ρο111011

144 4759 172 4806 et
191 4745 318 4803 Grallial.
335 4745 544 4800 monasterinm
563 4743 721 4799 Vilinnovee
742 4760 807 4799 cnm
822 4744 956 4813 ecclesiis,
1041 4734 1100 4806 Ego
1114 4734 1288 4806 Hyacinthus
1307 4733 1442 4790 dlaconus
1456 4734 1532 4790 card·
1547 4734 1578 4791 S·
1595 4737 1693 4794 iiariae
1713 4742 1745 4795 in
1759 4742 1824 4797 Cos·

142 4840 366 4905 hereditatibus,
380 4844 408 4894 et
421 4837 584 4894 homiuibus
597 4837 632 4893 ad
644 4838 736 4909 ipsum
748 4839 956 4894 monasterinm
1005 4828 1112 4883 medin.

141 4934 362 5011 pertinentibus.
376 4931 578 4988 idonasterium
602 4932 637 4987 de
658 4934 788 5000 Petroso,
810 4936 954 4987 monaste·
1041 4923 1101 4994 58⁰
1114 4923 1238 4977 1011111111
1252 4922 1387 4978 diaconus
1404 4921 1556 4977 cardinalis
1570 4923 1748 4983 Sanctorum
1763 4931 1824 4986 Ser·

141 5030 219 5086 rium
234 5028 328 5085 Sancti
347 5026 462 5082 tlariini
476 5026 510 5081 dc
532 5026 620 5094 Neda,
634 5024 839 5081 monasterium
861 5024 956 5103 Sancti
1005 5015 1088 5089 311θὶ
1103 5015 1223 5071 Bacchii·

141 5124 237 5182 iacobi
256 5122 292 5177 de
308 5121 382 5178 Silae
404 5136 469 5177 cum
485 5120 596 5175 coeteris
613 5119 801 5188 monasteriis,
816 5119 956 5191 parochiis
1040 5110 1099 5181 E80
1124 5108 1184 5165 0110
1211 5109 1347 5166 diaeonus
1369 5109 1520 5167 cardinalis
1542 5113 1637 5169 Sancti
1652 5115 1771 5172 -Nicolei
1797 5117 1822 5172 iu

141 5223 226 5289 etque
240 5215 464 5290 possessionibus
480 5230 530 5269 seu
546 5212 763 5269 haereditatibus
780 5218 808 5268 et
822 5212 953 5268 homini·
1004 5206 1134 5265 earcere.

140 5311 194 5367 bus
211 5311 247 5366 ad
271 5309 498 5366 Mindoniensem
519 5308 713 5380 episcopatum
732 5305 953 5378 pertinentibus.
1040 5300 1143 5355 Datnrn
1156 5298 1243 5355 Nerui
1255 5315 1307 5371 per
1319 5314 1437 5354 manum
1446 5298 1753 5370 hidebrandi,sanctas
1768 5308 1820 5363 lio·

140 5404 279 5465 Ecclesiae
291 5418 405 5476 qnoque
417 5419 488 5475 quas
506 5418 559 5474 per
572 5402 698 5458 diversas
716 5400 851 5456 dioeceses
867 5400 954 5456 habes
1004 5409 1098 5449 mane
1120 5393 1249 5449 Ecclesiae
1269 5393 1427 5466 presbyteri
1437 5392 1590 5451 cardinalis
1615 5397 1647 5452 et
1660 5400 1824 5457 cancellarii

141 5499 291 5571 dispersas,
312 5497 441 5554 videlicet
463 5497 493 5553 in
515 5495 644 5552 buriensi
668 5494 832 5567 episcopatu
855 5495 955 5550 decem
1002 5503 1039 5544 xv
1060 5486 1199 5543 Kalendae
1215 5486 1400 5559 Septembris,
1421 5486 1575 5547 indictione
1595 5504 1635 5559 rr,
1649 5491 1824 5551 incarnatio·

141 5591 275 5649 ecclesias
290 5606 356 5645 curn
380 5589 603 5662 possessionibus
621 5590 651 5644 et
669 5587 835 5643 hominibus
852 5587 911 5643 suis
924 5586 954 5643 in
1004 5581 1048 5637 nis
1067 5580 1222 5638 linminicae
1239 5597 1315 5637 anno
1329 5582 1397 5638 illiti
1418 5581 1601 5654 poniilleatus
1622 5600 1693 5643 vero
1714 5587 1823 5645 domini

66 5694 69 5699 '
139 5686 203 5745 loeo
225 5685 275 5758 qni
289 5682 394 5740 dicitnr
407 5684 540 5751 Casteita;
556 5684 586 5739 in
607 5681 736 5750 bucensi,
750 5680 851 5738 decem
863 5681 953 5737 eccle·
1002 5679 1121 5736 Adriani
1134 5696 1217 5753 papie
1233 5680 1499 5739 itaunosecundo.

133 5780 196 5843 sus
217 5796 283 5840 cum
295 5775 523 5857 possessionibus
543 5782 573 5833 et
584 5775 749 5833 hominibus
772 5775 802 5831 in
819 5775 881 5831 loco
904 5774 954 5849 qui
1040 5774 1144 5841 bucol
1157 5774 1276 5849 plumbi.
