3750 6046
423 142 579 205 ltlSTOtht
600 144 868 204 ecclesiastica.
883 141 1017 202 -raus
1035 138 1069 199 tl.
1084 175 1118 186 -
1135 146 1198 202 ΗΒ.
1221 141 1267 204 nt.
1634 150 1688 209 aaa

72 269 88 323 ii
108 268 304 337 deterrentur,
326 270 430 343 inclyta
448 270 612 327 Dertsendis
630 272 692 343 jam
715 270 821 326 nubilis
834 269 929 355 Altae
953 269 1056 325 eodem
1077 274 1207 341 rogante,
1226 269 1257 324 ia
1280 270 1433 327 testivitate
1452 272 1546 329 Sancti
1569 275 1687 332 loannis

72 362 201 418 alsindis
221 365 356 436 passione
376 381 479 421 renum
498 381 589 437 usque
609 364 646 420 ed
666 363 753 436 pedes
772 381 823 436 per
872 362 1017 435 Daptistae,
1033 362 1117 419 Wido
1135 362 1224 418 abbas
1236 363 1391 420 ambonem
1409 367 1565 423 ascendens
1581 368 1687 442 populo

72 456 151 511 aium
173 460 219 512 est
237 464 422 529 praegravata,
438 459 477 513 ita
495 464 529 514 at
548 475 692 530 nusquam
712 459 753 514 irc
768 474 822 512 nec
872 456 1008 524 narrant,
1026 457 1180 528 ipsamque
1195 462 1365 530 praesentem
1379 461 1409 514 et
1420 475 1500 515 casas
1513 476 1579 516 suos
1592 462 1686 533 palum

72 567 87 604 n
111 566 232 606 movere
251 551 312 606 siue
335 550 429 623 bajulo
453 568 513 607 sese
535 557 639 623 posset.
658 553 732 607 Fusa
752 567 821 608 vero
871 552 1078 620 protestantem
1096 550 1230 607 ostendit.

72 659 82 698 e
97 659 166 699 cnm
180 644 237 701 Dde
253 649 377 700 amatre
393 649 422 700 et
435 645 494 701 Dtia
505 651 571 701 ante
587 646 721 719 reliquias
730 646 822 701 sancti
907 643 1029 707 Quidem
1046 645 1182 714 perfecta
1200 644 1292 701 atatis
1306 661 1358 717 per
1372 661 1411 701 ιιι
1426 662 1516 703 annos
1529 647 1570 704 ita
1584 650 1686 706 surdas

72 738 185 806 essoris,
206 753 285 809 aegra
309 742 411 794 sanata
432 745 485 809 est,
504 744 533 795 et
555 742 657 807 mater,
677 740 736 795 visa
754 738 821 795 Dlice
872 735 976 792 mansit
1000 739 1032 790 at
1056 737 1129 792 nihil
1149 736 1262 808 penitus
1285 737 1409 796 audiret.
1433 740 1513 798 Hunc
1533 758 1605 799 uxor
1624 743 1686 814 ejus

75 836 150 900 tate,
172 831 330 887 admodum
354 833 452 904 gavisa
472 837 515 888 est
533 835 562 888 et
578 833 698 905 pallium
712 833 819 905 pretio·
872 827 908 884 ad
928 828 1056 886 tumbam
1073 830 1163 886 saneti
1182 830 1235 885 viri
1254 830 1383 899 adduxit,
1396 831 1492 906 ibique
1507 835 1686 908 aliquantum

73 924 170 982 veloci
182 926 326 982 archiatro
339 926 441 998 largita
452 931 505 982 est.
871 923 970 978 oravit.
991 922 1096 980 Deinde
1110 921 1225 992 mulier,
1236 923 1358 994 jubente
1375 925 1520 997 Pridieno,
1538 928 1632 986 viram
1650 930 1686 987 ed

72 1019 200 1075 ›dhertns
215 1020 345 1092 quidam,
363 1020 433 1076 dnm
446 1020 567 1076 meridie
586 1020 661 1077 solas
673 1021 730 1076 iter
742 1021 820 1076 iace·
870 1016 982 1072 iontem
1003 1016 1099 1073 Sancti
1119 1016 1219 1074 ludaei
1241 1017 1385 1089 perduxit,
1405 1024 1434 1077 ιι
1453 1026 1498 1077 ιιι
1519 1027 1606 1095 capnt
1624 1025 1686 1096 ejus

72 1113 130 1168 risa
150 1113 253 1185 spirita
271 1112 377 1169 erroris
395 1114 425 1168 in
445 1115 541 1186 speeie
561 1113 687 1170 hominis
706 1115 821 1187 penitas
871 1109 992 1181 propriis
1020 1109 1152 1165 manibus
1180 1126 1213 1166 ex
1240 1127 1316 1184 aqna
1343 1112 1432 1168 tontis
1462 1115 1596 1186 pertudit.
1623 1118 1686 1174 ilar

72 1208 120 1263 tas
133 1212 188 1262 est.
200 1207 254 1272 Qui
271 1211 336 1280 post
352 1207 471 1278 lengum
489 1211 603 1280 tempus
621 1212 751 1263 sanctam
768 1210 819 1265 tn·
871 1203 1001 1259 anditum
1024 1203 1211 1275 recuperarit,
1234 1220 1267 1260 ac
1292 1204 1329 1260 ad
1353 1206 1501 1263 ecelesiam
1526 1225 1683 1281 regressus,

76 1314 107 1355 m
120 1300 253 1372 expetiit,
265 1306 295 1357 et
307 1317 336 1356 se
348 1316 447 1357 coram
459 1300 580 1357 Widone
592 1301 693 1358 abbate
706 1317 821 1357 servum
871 1297 997 1364 missam,
1020 1312 1108 1368 quam
1126 1313 1178 1369 per
1197 1314 1234 1352 ιιι
1256 1314 1347 1355 annos
1367 1316 1424 1356 non
1445 1300 1586 1372 andierat,
1607 1305 1685 1361 andi-

72 1392 193 1460 radidit;
207 1394 364 1450 inundante
378 1393 413 1449 ab
426 1394 516 1449 nentis
530 1395 592 1466 ejus
606 1395 746 1466 sanguine
760 1395 821 1467 ipso
870 1391 920 1446 vit.

72 1487 172 1543 tumen
195 1488 315 1560 recepit,
339 1492 365 1543 ιι
390 1489 424 1544 ad
450 1504 582 1560 resperas
612 1488 765 1545 monachos
790 1488 820 1545 in
907 1485 968 1540 llaec
987 1484 1087 1541 omnia
1106 1486 1290 1542 Floriacensis
1312 1487 1490 1544 isembardus
1512 1494 1592 1562 geste
1609 1495 1682 1548 tem·

72 1581 122 1636 ‚ais
136 1581 296 1638 residentes
309 1598 338 1639 se
353 1582 457 1638 vidisse
470 1582 565 1655 putam
579 1583 711 1639 assernit.
870 1577 988 1649 poribus
997 1579 1123 1651 lingonis
1133 1578 1285 1650 Magniana
1294 1580 1432 1637 liodberti
1442 1581 1684 1654 regis,ltdeletmo

72 1691 147 1730 :naso
162 1675 354 1731 Lethariensis
366 1676 515 1749 presbyter
527 1693 578 1748 per
594 1693 631 1731 ιιι
653 1676 714 1732 tere
732 1680 860 1752 annosss
871 1671 1024 1744 rogitante.
1048 1671 1211 1744 descripsic3
1238 1673 1289 1730 sed
1313 1679 1413 1746 postea
1434 1674 1537 1731 beatus
1564 1678 1684 1734 tndocns

72 1784 216 1824 mmunm
230 1773 260 1825 et
271 1770 377 1841 pedam
394 1770 562 1825 intirmitate
577 1769 745 1826 debilitatus
760 1775 817 1840 est3
871 1764 961 1820 matta
976 1765 1140 1838 petentibus
1153 1768 1307 1839 magnalia,
1321 1767 1451 1840 quemvis
1470 1785 1523 1841 per
1541 1770 1684 1828 incuriam

72 1862 129 1918 ain
140 1863 204 1917 risu
218 1862 337 1934 quidam
347 1863 484 1920 indacum
499 1863 641 1919 medicam
657 1863 687 1918 in
702 1865 819 1919 Pontiae
870 1859 975 1930 scripte
988 1875 1046 1914 non
1069 1860 1136 1927 sint,
1156 1876 1244 1932 egere
1262 1877 1321 1917 noa
1340 1861 1458 1919 destitit.
1473 1863 1587 1921 ilntatis
1601 1865 1684 1937 regni

72 1956 146 2013 irere
160 1955 284 2012 monuit.
301 1956 350 2012 lite
367 1973 434 2012 vera
448 1957 599 2013 confestim
610 1956 697 2028 jussis
710 1957 817 2029 paruit.
869 1951 1062 2024 principibus,
1091 1957 1120 2008 et
1146 1970 1207 2010 sese
1239 1954 1407 2027 proceribus
1439 1962 1539 2013 matun
1569 1963 1682 2029 pertur-

72 2049 161 2119 inice,
177 2049 321 2105 horaterc
339 2051 432 2113 tertia,
449 2049 594 2106 basilicam
608 2050 735 2118 intravit,
749 2066 818 2122 pro·
869 2044 1018 2116 bentibus,
1051 2046 1156 2103 iterum
1189 2063 1292 2120 corpus
1321 2049 1412 2104 sancti
1438 2049 1538 2107 Jndoci
1567 2068 1619 2123 pro
1646 2053 1683 2109 ti·

72 2159 103 2199 as
124 2143 229 2211 ararit,
253 2143 450 2216 pavimentum
470 2143 606 2215 lacrymis
633 2144 818 2214 humectavit,
868 2155 948 2195 more
968 2139 1094 2196 hostium
1114 2145 1188 2196 terra
1209 2145 1378 2213 coopertum
1396 2147 1449 2211 eet,
1469 2147 1498 2200 et
1521 2145 1621 2201 madia
1642 2146 1685 2203 ita

72 2237 184 2293 erectis
214 2236 348 2308 precibus
373 2236 526 2292 incolumis
552 2237 685 2293 surrexit.
713 2237 818 2293 Deinde
865 2232 973 2304 jacuit,
999 2233 1091 2290 donec
1113 2234 1246 2291 omnibns
1274 2235 1397 2292 mortuis
1422 2238 1471 2310 qni
1496 2237 1683 2309 abdiderant,

74 2346 129 2386 ens
144 2346 209 2385 mox
229 2329 348 2386 missam
365 2331 477 2399 cecinit,
491 2334 520 2387 et
532 2331 642 2403 populo
658 2330 819 2387 salvationis
869 2326 1030 2382 commanis
1048 2327 1214 2400 ignorantia
1235 2329 1395 2386 involverit.
1415 2331 1554 2403 tempore
1570 2333 1686 2390 ilenrici

72 2425 183 2481 seriem
197 2439 262 2480 cum
282 2424 441 2497 gratiarnm
456 2424 567 2480 actione
584 2425 726 2481 veraciter
741 2428 818 2484 retu·
869 2420 945 2492 regis
970 2421 1153 2491 Francorum,
1177 2423 1327 2479 monachis
1346 2439 1422 2496 saepe
1443 2425 1683 2499 conquerentibus

869 2513 946 2585 quud
958 2513 1130 2585 ignorarent
1146 2515 1197 2572 nbi
1214 2521 1353 2587 petronas
1371 2532 1473 2574 eornm
1491 2521 1684 2592 requiesceret

72 2611 232 2669 lilariensis
251 2612 471 2668 wandelmarus
488 2613 622 2670 dextrum
642 2613 756 2670 oculum
777 2613 820 2669 in·
868 2607 1000 2677 iadorae,
1019 2608 1132 2665 cuidem
1153 2609 1277 2682 simplici
1295 2609 1367 2667 laico
1394 2610 1530 2668 divinitus
1552 2618 1683 2671 sanctam

73 2709 135 2762 tate
151 2706 259 2772 amisit,
276 2709 306 2761 et
319 2706 479 2763 amicorum
492 2723 629 2779 persuasu
642 2707 758 2763 beatum
769 2708 817 2762 lu·
869 2717 970 2774 corpas
984 2701 1143 2759 insinuatur
1151 2719 1160 2774 3
1174 2719 1231 2776 qno
1246 2704 1408 2776 detegente,
1422 2705 1533 2763 abbatis
1546 2707 1680 2765 tratrem·

72 2814 102 2854 m
115 2799 198 2856 adire
211 2799 346 2856 decrevit.
360 2800 417 2857 Sed
431 2801 500 2857 recti
512 2800 591 2856 cellis
603 2801 730 2874 ignarus,
744 2801 819 2857 torte
870 2812 926 2870 quae
938 2796 1032 2852 studio
1045 2797 1213 2854 selemniter
1225 2799 1351 2855 levatur.
1365 2799 1475 2857 Deinde
1488 2802 1625 2858 monaehi
1637 2784 1682 2861 ress

73 2893 158 2950 socio
175 2893 213 2949 ad
230 2892 340 2949 iontem
355 2893 467 2950 devenit
482 2911 569 2967 quem
586 2895 710 2951 induens
726 2894 820 2951 adhuc
868 2893 1013 2961 pastorem
1026 2889 1213 2963 reliquiarum
1223 2891 1260 2947 ad
1272 2893 1473 2951 monachatum
1486 2901 1682 2969 susceperant,

71 3004 95 3043 rs
117 2985 233 3042 meritis
251 2987 311 3043 suis
328 2986 473 3059 produxit.
488 2988 704 3044 wandelmarus
722 2989 818 3061 itaque
869 2986 898 3039 et
919 2984 1067 3040 custodem
1087 2985 1161 3041 sacri
1179 2985 1290 3042 fomitis
1307 2987 1444 3044 eamdem
1462 2989 1681 3059 constituerunt,

72 3096 108 3136 lm
132 3079 368 3152 limpidissimum
390 3081 471 3152 vidit,
490 3082 599 3138 socium
624 3081 758 3151 detinuit,
778 3049 898 3138 ibiCet
923 3077 1082 3134 oblationes
1106 3078 1235 3135 fidetium
1259 3080 1286 3136 ei
1307 3081 1522 3139 commiserant.
1543 3083 1683 3141 Defuncto

71 3173 115 3245 tit,
142 3189 247 3231 manns
266 3174 427 3248 faciemque
450 3175 486 3231 de
508 3175 596 3232 tontis
619 3192 694 3249 aqna
717 3176 816 3244 abluit,
868 3175 965 3229 ιιιιιιιι
983 3171 1097 3241 abbate,
1115 3188 1261 3230 successor
1278 3175 1340 3247 ejus
1362 3192 1432 3245 aaa,
1445 3181 1479 3232 ut
1493 3176 1598 3249 decuit,
1612 3178 1681 3234 edi·

72 3267 135 3324 bite
152 3268 251 3324 lamen
271 3269 408 3324 amissum
428 3270 549 3341 recepit.
574 3270 698 3327 Sanetus
715 3268 818 3326 deinde
868 3268 949 3321 tunm
971 3265 1076 3335 ditexit,
1097 3283 1149 3324 aec
1169 3272 1201 3323 nt
1222 3271 1384 3326 antecessor
1405 3270 1467 3342 ejus
1487 3286 1556 3328 eum
1575 3271 1683 3327 amica·

72 3361 258 3418 ioamterinm
276 3362 436 3434 pudenter
456 3363 590 3436 perrexit,
611 3369 648 3435 et,
663 3363 816 3436 gaudenti·
866 3358 963 3417 biliter
976 3361 1116 3417 tractavit.
1131 3360 1213 3418 Unde
1227 3363 1354 3434 graviter
1371 3368 1534 3420 commotus
1550 3370 1682 3422 sanctam

72 3455 175 3520 micis,
192 3455 249 3510 Deo
263 3455 370 3528 gratias
386 3456 456 3528 egit.
868 3469 972 3526 corpas
999 3460 1087 3511 nocta
1121 3456 1288 3529 assumpsit,
1314 3472 1468 3530 secumque
1499 3458 1532 3514 in
1563 3458 1682 3515 Galliam

73 3547 285 3606 odaemoniaci
305 3549 424 3606 nomine
447 3550 607 3624 blagiaardi
628 3550 664 3607 ad
686 3550 818 3607 tumbam
867 3547 1031 3621 asportavit.
1056 3548 1219 3605 Goisiredus
1242 3557 1340 3607 autem
1368 3552 1508 3608 Demersit
1531 3552 1683 3625 municeps

72 3642 208 3699 itudoci
228 3642 361 3698 mundati
383 3650 459 3715 sunt,
475 3648 504 3701 et
521 3645 571 3701 diu
589 3648 689 3717 postea
709 3644 769 3700 sani
786 3645 817 3699 in
867 3641 1010 3712 eamdem,
1031 3657 1095 3697 cum
1116 3643 1251 3699 thesauro
1273 3659 1362 3716 quem
1380 3644 1503 3712 larebat,
1523 3645 1682 3704 honorifice

72 3736 103 3792 lo
116 3736 262 3792 riserant.
868 3734 1001 3804 detinuit,
1020 3741 1049 3791 ot
1068 3736 1269 3807 magistratum
1292 3737 1453 3794 castellanae
1475 3738 1613 3809 ecclesiae,
1631 3739 1682 3797 abi

72 3830 193 3902 rbargis,
213 3845 285 3886 uxor
305 3830 450 3887 Dretraani
470 3831 619 3889 clarissimi
641 3831 706 3900 viri,
727 3848 818 3905 perr
867 3831 991 3900 quatuor
1019 3832 1101 3884 erant
1132 3829 1278 3902 canonici,
1310 3846 1401 3904 usque
1432 3831 1466 3887 ad
1498 3835 1623 3888 mortem
1654 3833 1682 3889 ei

74 3940 276 3980 aaosmenses
287 3923 397 3980 fluxum
411 3924 584 3999 sangninise
601 3925 819 4000 naribnspatie
867 3922 1016 3978 concessit.
1047 3924 1114 3980 Post
1146 3923 1262 3995 aliquod
1301 3931 1433 3998 tempus,
1467 3924 1604 3982 Hearicns
1632 3942 1682 3983 rex

72 4036 97 4086 r;
120 4034 188 4090 quse
214 4017 250 4073 ab
276 4018 389 4086 amieis,
416 4023 446 4074 ut
471 4023 637 4087 sanaretur,
662 4019 699 4075 ad
724 4019 818 4076 aedem
869 4016 1051 4087 Francorum,
1065 4017 1134 4073 ortis
1152 4017 1322 4090 quibusdam
1337 4018 1479 4077 bellorum
1498 4019 1680 4089 tumultibus,

72 4111 93 4168 ti
122 4110 223 4167 ludaei
248 4111 386 4183 perducta
412 4117 465 4168 est.
496 4113 535 4168 lbi
558 4114 658 4184 orarit,
681 4114 733 4170 sed
758 4130 817 4170 non
867 4109 1048 4166 Gomercinm
1075 4110 1204 4179 obsedit,
1231 4117 1261 4167 et
1284 4111 1391 4168 viribus
1416 4112 1513 4169 Gallici
1541 4113 1684 4170 exereitus

72 4221 95 4261 n
111 4208 215 4261 sanata
229 4213 282 4276 est,
299 4206 419 4278 ideaque
438 4207 584 4263 basilicam
598 4222 724 4280 egresse,
739 4208 817 4263 mut-
868 4202 1048 4260 Goistredum
1065 4206 1243 4278 expugnavit
1257 4208 1287 4261 et
1300 4206 1438 4279 oppidum
1456 4206 1594 4265 incendit.
1611 4209 1683 4264 Dum

72 4300 191 4355 aeratas
210 4298 302 4355 locuta
321 4305 372 4355 est.
394 4300 520 4373 Denique
541 4302 610 4357 dnm
628 4302 662 4357 ad
681 4318 731 4357 sua
751 4318 817 4357 cnm
868 4314 936 4353 vero
947 4297 1095 4354 basilicam
1105 4304 1134 4354 et
1145 4299 1231 4354 castri
1241 4298 1360 4355 aediflcia
1373 4301 1446 4356 edax
1458 4300 1575 4358 flamma
1583 4317 1684 4359 consa-

72 4408 121 4450 ore
144 4392 236 4448 animi
258 4393 420 4464 repedaret,
446 4398 611 4451 storacem
634 4412 700 4467 quae
725 4395 753 4450 in
773 4396 968 4493 viaDmeret,
980 4393 1010 4446 et
1020 4391 1155 4449 terribilis
1167 4394 1274 4449 clamor
1286 4393 1518 4467 impugnantiam
1530 4399 1560 4451 et
1573 4411 1681 4467 expug-

72 4504 90 4543 ι
117 4489 162 4543 est
182 4486 390 4558 pertransisset,
420 4505 487 4544 mox
514 4490 632 4561 sangnis
656 4505 672 4543 e
700 4489 819 4544 naribus
870 4490 1015 4555 natorum,
1038 4489 1069 4541 nt
1088 4485 1117 4540 in
1137 4485 1346 4542 talibnsmoris
1365 4491 1418 4556 est,
1440 4488 1567 4561 undique
1587 4504 1685 4560 perso·

72 4598 88 4637 e
112 4580 241 4638 ιιιιιιίι.
262 4581 396 4638 Protinus
425 4582 472 4638 itta
497 4583 628 4654 gaudens
653 4583 818 4655 retrogrado
869 4583 960 4647 neret,
976 4578 1131 4635 eanonicus
1149 4579 1267 4653 qnidam
1284 4597 1349 4637 ossa
1370 4581 1458 4636 sancti
1476 4580 1578 4638 duduci
1596 4582 1632 4637 de
1645 4581 1684 4639 le-

84 4673 126 4731 ad
141 4674 351 4730 monasteriam
369 4675 460 4730 sancti
480 4676 532 4731 riri
552 4693 684 4749 regressa
705 4682 757 4745 est,
778 4679 816 4744 et,
868 4677 944 4728 retro
967 4672 1090 4742 sustulit,
1111 4676 1140 4729 et
1158 4672 1326 4730 ιιιιιιιιιιιιι
1352 4673 1387 4729 de
1407 4674 1537 4731 incendio
1561 4674 1683 4748 aufugit.

72 4768 122 4825 :tis
137 4767 295 4839 gratiarnm
309 4768 477 4838 actionibus,
493 4771 577 4840 plene
595 4775 696 4826 sanata
711 4775 763 4827 est.
869 4767 939 4822 llario
959 4766 1032 4822 terte
1052 4767 1166 4824 satelles
1185 4767 1281 4839 regins
1303 4783 1390 4840 saper
1408 4772 1526 4841 pontem
1545 4768 1684 4835 obviarit,

72 4862 198 4919 -dbertas
218 4862 422 4930 Trawauensis,
446 4863 516 4919 dnm
545 4864 666 4920 meridie
691 4864 767 4920 solus
787 4864 816 4918 in
868 4859 1060 4917 suffasciatum
1080 4861 1149 4934 qnid
1167 4861 1255 4918 terret
1272 4861 1467 4933 interrogarit,
1486 4863 1587 4920 latenti
1607 4864 1685 4937 qaod

72 4973 93 5013 s
111 4956 176 5028 agri
189 4956 235 5012 sni
251 4972 366 5028 operam
386 4956 534 5026 reviseret,
549 4957 670 5014 subitus
686 4958 818 5013 daemone
868 4970 946 5010 sacra
967 4955 1148 5025 vestimenta,
1170 4955 1339 5028 codicesque
1357 4971 1423 5013 snus
1444 4960 1568 5030 gereret,
1582 4960 1686 5016 cuneta

72 5056 131 5108 itus
147 5052 246 5120 estet
263 5049 293 5105 in
313 5052 426 5107 mutum
445 5053 562 5108 rexatus
583 5055 705 5122 utpeae
724 5051 816 5107 iaces·
868 5048 1009 5105 violenter
1029 5049 1158 5119 abstulit,
1178 5054 1208 5105 at
1227 5066 1322 5106 secum
1343 5050 1379 5106 ad
1404 5053 1545 5109 Parnense
1572 5053 1685 5111 territo·

72 5161 91 5200 :r
108 5143 246 5200 homines
260 5144 396 5201 devorare
408 5148 438 5200 et
450 5161 574 5218 queque
586 5146 767 5218 perfringere
782 5145 817 5201 ab
868 5143 944 5198 rium
959 5143 1122 5216 hujusmodi
1140 5145 1305 5201 thesaurum
1320 5145 1433 5202 detulit.
1449 5146 1528 5202 idem
1548 5147 1590 5204 vir
1606 5147 1683 5206 liod-

72 5239 301 5296 istimnlaretar.
316 5239 385 5294 Tres
404 5239 500 5312 itaque
518 5240 619 5296 tratres
638 5239 817 5311 sui,jejunio
867 5236 965 5294 bertus
989 5237 1157 5307 vocabatur,
1185 5241 1214 5294 et
1238 5239 1409 5307 tleslebren,
1438 5237 1467 5295 id
1491 5246 1534 5297 ιιι
1560 5241 1684 5299 misceas

72 5350 124 5390 aar
135 5338 302 5406 temporum
317 5333 345 5388 in
359 5333 454 5404 lanio,
468 5333 505 5388 ad
520 5333 650 5389 tumbam
667 5333 759 5389 saneti
771 5334 818 5389 ιιι-
866 5330 1008 5388 turturem
1033 5331 1309 5404 cognominabatur,
1334 5337 1450 5408 eratque
1474 5334 1510 5390 de
1535 5334 1684 5393 clientibus

72 5428 205 5484 vinetum
218 5426 424 5499 perduxerunt,
435 5427 534 5499 ibique
547 5443 565 5481 a
580 5431 681 5500 quarta
693 5426 763 5484 teria
774 5444 817 5483 us·
867 5424 989 5481 Radnltti
1009 5425 1044 5482 de
1059 5426 1201 5494 caldreio,
1219 5427 1269 5500 qai
1281 5432 1349 5484 tnnc
1368 5428 1507 5500 temporis
1524 5429 1600 5487 inter
1613 5446 1684 5503 pree·

71 5520 102 5578 sd
116 5520 275 5578 Sabbatum
288 5525 516 5593 permanserunt.
528 5521 638 5577 Exinde
648 5521 773 5594 quietius
786 5538 816 5576 se
866 5519 965 5592 cipnos
979 5520 1085 5576 milites
1104 5520 1264 5578 habebatur
1283 5521 1312 5577 in
1334 5522 1460 5579 exercita
1473 5523 1589 5580 Gallico.
1605 5524 1684 5582 ilites

72 5618 180 5688 teger
201 5614 317 5683 hebere,
342 5619 371 5672 et
392 5613 504 5688 integre
524 5618 639 5687 recepta
670 5616 815 5687 sospitate,
867 5614 964 5688 itaque
982 5615 1119 5689 praetatus
1132 5615 1179 5671 tali
1200 5615 1300 5689 prada
1317 5616 1397 5672 ualde
1416 5618 1529 5691 gavisus
1545 5623 1597 5690 est,
1612 5624 1642 5675 ιι
1653 5618 1683 5673 iu

72 5708 208 5768 etaaliter
228 5708 257 5767 ia
271 5725 385 5768 servum
403 5713 500 5767 sancto
518 5710 623 5766 Judoco
644 5709 760 5766 tmdidit
774 5727 814 5768 ιι.
867 5708 987 5766 ecelesia
1000 5710 1096 5766 Sancti
1114 5710 1256 5767 llartinia
1276 5710 1446 5787 presbytero
1459 5715 1490 5769 et
1500 5711 1692 5787 percantans
