3750 6046
141 200 193 259 Sti
273 214 276 219 ⁴
820 201 993 260 anastasii
1014 200 1045 257 Ν
1064 200 1163 259 PAPAE
1780 202 1827 259 Sti

143 341 256 382 cessum
270 342 332 383 asse
349 326 536 400 dignoscitur.
548 328 691 401 Baptisma
705 326 735 383 in
753 328 855 400 majori
867 334 962 385 amen
973 342 1003 415 Α
1047 330 1106 399 Ego
1118 326 1241 383 Ubaldus
1254 325 1405 398 presbyter
1417 324 1570 383 cardinalis
1581 325 1626 383 tit.
1640 324 1669 383 8.
1685 324 1827 399 Praxedis,

142 419 304 476 celebretur
318 421 441 477 Ecclesia
454 423 526 478 sicut
541 422 699 493 antiquitus
713 421 893 478 observatum
909 429 961 491 est,
1017 420 1181 492 subscripsi.

144 519 263 586 excepto
286 514 388 571 timore
411 517 519 571 mortis.
543 518 574 571 ln
597 515 721 572 Sabbato
744 521 842 572 sancto
868 517 963 586 nullus
1050 516 1110 587 Ego
1130 513 1272 571 londanus
1296 513 1446 586 presbyter
1466 514 1545 570 card.
1567 513 1612 570 tit.
1632 514 1662 571 S.
1686 512 1827 584 Susanna,

143 608 262 664 missam
290 615 414 677 cantare,
441 613 470 665 et
494 626 647 681 campanas
672 627 775 666 sonare
799 615 964 682 praesumat,
1015 625 1052 664 ss.

142 702 233 758 donec
247 703 323 775 apud
341 704 480 775 majorem
499 705 650 775 pulsentur
671 704 831 776 ecclesiam.
849 705 966 776 Popula·
1051 703 1110 775 Ego
1143 700 1313 758 Octavianus
1344 699 1491 773 presbyter
1522 701 1600 758 card.
1626 701 1673 757 tit.
1700 701 1730 757 S.
1757 700 1827 757 Ceci-

140 812 188 851 rcs
205 813 319 869 quoque
335 797 525 868 processiones
543 797 598 852 nisi
618 798 646 852 in
662 797 763 869 maj0ri
784 798 856 853 liant
874 798 966 855 Eccle·
1014 796 1070 867 lim,
1086 812 1123 851 ss.

142 891 194 945 sia.
216 893 357 946 Praeterea
377 890 528 961 praesentis
549 891 692 964 privilegii
712 892 879 948 auctoritate
903 909 966 948 san·
1051 891 1109 962 Ego
1126 889 1256 944 artaldus
1270 889 1417 963 presbyter
1430 889 1507 945 card.
1522 889 1565 945 tit.
1581 889 1612 944 S.
1628 888 1744 959 Priscae,
1760 905 1800 944 ss.

143 983 504 1051 cimus‚utdaiunctorum
523 985 725 1041 canonicorum
740 985 817 1041 bona
835 1003 922 1054 nunc,
938 991 965 1041 et
1050 984 1109 1055 Ego
1138 985 1260 1040 loannes
1288 984 1436 1056 presbyter
1467 981 1619 1038 cardinalis
1650 982 1697 1037 tit.
1727 981 1827 1054 Equitii

143 1078 172 1133 in
192 1078 321 1132 laturum
336 1094 354 1133 a
367 1077 483 1132 nemine
503 1078 678 1147 auferantur,
696 1079 789 1134 sedin
807 1079 965 1135 utilitatem
1015 1094 1050 1132 ss.

142 1170 265 1226 fratrum
287 1170 479 1227 conimuuiter
502 1170 659 1227 viventium
680 1173 779 1244 quiete
802 1179 831 1229 et
853 1173 964 1245 integre
1049 1172 1109 1243 Ego
1124 1171 1194 1229 Otho
1209 1171 1346 1227 diaconus
1359 1170 1434 1226 card.
1449 1169 1493 1226 tit.
1508 1170 1536 1227 8.
1551 1167 1666 1242 Georgii
1680 1168 1718 1225 ad
1733 1169 1826 1225 velun
1872 1242 1874 1251 Ι

141 1263 333 1320 dimittantur.
360 1266 461 1333 Porro,
486 1265 536 1336 qui
562 1264 597 1319 ad
625 1266 765 1336 majorem
795 1266 868 1321 soliti
895 1270 963 1321 suut
1015 1269 1151 1334 Aureum,
1165 1265 1327 1337 subscripsi.

143 1357 295 1413 Ecclesiam
325 1357 453 1429 sepeliri,
481 1359 660 1429 sepulturas
671 1359 766 1414 solitas
797 1376 854 1415 non
879 1360 965 1414 relin-
1050 1360 1108 1431 Ego
1134 1358 1306 1431 Hyacinthus
1331 1357 1404 1413 diac.
1430 1358 1509 1413 eard.
1538 1356 1581 1414 tit.
1611 1356 1660 1414 SS.
1687 1356 1780 1428 Sergii
1803 1362 1828 1413 et

143 1457 244 1523 quant.
267 1451 320 1508 Sed
342 1451 391 1522 qui
411 1452 444 1506 ad
467 1451 587 1507 aliarum
610 1452 796 1509 ecclesiarum
817 1457 966 1508 transeunt
1016 1452 1117 1508 Bacchi
1121 1453 1305 1524 ,subscripsi

144 1546 312 1616 sepulturas,
329 1545 387 1600 sive
406 1545 436 1599 in
455 1546 577 1613 civitate,
600 1547 658 1602 sive
678 1547 708 1600 in
730 1547 828 1618 burgis
845 1547 965 1618 judicio·
1050 1547 1109 1619 Ego
1136 1545 1210 1602 Otho
1233 1547 1307 1602 diac.
1329 1547 1405 1602 card.
1428 1546 1474 1602 tit.
1454 1517 1522 1601 tS.
1544 1544 1677 1601 Nicolai
1669 1561 1700 1599 tn
1723 1560 1829 1600 carcere

143 1655 208 1696 rum
229 1655 346 1693 suorum
361 1642 473 1711 partem
489 1645 622 1711 quartam
643 1640 766 1697 ecclesia
786 1641 897 1696 matrici
918 1641 965 1696 de·
1016 1639 1158 1706 Tulliano,
1174 1639 1337 1711 subscripsi.

143 1733 319 1804 relinquant.
339 1733 369 1789 ln
389 1732 521 1789 omnibus
541 1738 636 1789 autem
656 1734 792 1801 ecclesiis,
808 1733 838 1788 in
862 1712 1003 1806 quibusB
1052 1734 1153 1788 Datum
1179 1733 1307 1788 laterani
1331 1749 1384 1804 per
1407 1748 1526 1789 manum
1553 1731 1678 1786 Rolandi
1702 1732 1732 1788 S.
1757 1733 1832 1788 ltom

146 1830 328 1884 mortuorum
350 1827 491 1898 exsequiis
511 1827 695 1896 interessetis,
714 1828 864 1883 missarum
886 1828 965 1884 vobis
1015 1826 1148 1882 Ecclesiae
1166 1826 1262 1898 presb.
1278 1827 1355 1883 card.
1372 1828 1401 1881 et
1420 1824 1580 1882 cancellarii
1596 1842 1622 1879 vr
1644 1824 1686 1882 ld.
1705 1826 1832 1898 Septem·

144 1918 348 1975 celebrationes
372 1937 438 1975 cum
465 1920 658 1977 oblationibus
684 1921 743 1976 suis
769 1921 963 1977 concedimus.
1015 1920 1086 1990 bris,
1100 1919 1199 1976 indict.
1214 1936 1233 1976 1.
1250 1920 1406 1976 Dominicoe
1418 1922 1530 1975 incarn.
1544 1935 1622 1975 anno
1639 1921 1720 1988 1153,
1731 1920 1831 1992 pontii.

146 2013 219 2069 Sane
242 2013 357 2087 piorum
378 2015 579 2070 canonicorum
604 2015 765 2083 electiones,
787 2020 815 2070 et
837 2016 964 2071 collatio·
1017 2030 1084 2069 vero
1099 2014 1234 2071 anastasii
1249 2030 1370 2086 papoerv
1383 2030 1459 2069 anno
1476 2019 1500 2069 l.

145 2122 196 2163 ues
215 2107 463 2164 monasterialium
484 2111 513 2162 et
531 2108 750 2181 capellanorum,
767 2109 818 2180 qui
836 2108 966 2165 videlicet
1407 2120 1440 2175 11.

145 2198 251 2271 populo
267 2197 363 2252 divina
381 2196 475 2253 officia
493 2197 706 2263 administrant,
721 2198 856 2270 episcopi,
876 2204 903 2254 et
920 2215 964 2254 ca·
1015 2214 1161 2269 Ecclesiam
1184 2215 1399 2268 Beneventanum
1426 2213 1553 2268 tuendam
1578 2215 1694 2283 suscepit
1720 2217 1747 2268 gy
1768 2214 1836 2269 pem

146 2290 316 2346 nonicorum
339 2307 479 2346 consensu
499 2292 577 2346 fiant.
598 2294 736 2348 Praeterea
755 2292 831 2347 sedis
850 2295 964 2363 aposto·
1198 2294 1394 2363 archiepiscopi
1410 2293 1479 2362 jara
1499 2296 1652 2363 confirmat.

145 2381 207 2437 licre
227 2381 394 2438 auctoritate
416 2382 579 2451 statuimus,
601 2385 632 2436 ut
651 2381 750 2437 divisio
771 2381 846 2437 silvae
867 2383 901 2437 de
920 2388 965 2436 tu·
1268 2386 1418 2458 (Laterani,
1434 2386 1510 2458 Sept.
1528 2388 1584 2458 22.)

147 2475 238 2544 mulo,
252 2476 354 2531 sicuta
374 2476 505 2531 venerab.
521 2476 609 2531 fratre
627 2482 724 2532 nostro
742 2476 849 2531 Villano
864 2476 966 2531 Pisano
1153 2481 1293 2551 [Uauannn
1312 2480 1397 2535 ltalia
1416 2479 1513 2543 Sacro,
1535 2480 1603 2548 lilll,
1624 2479 1699 2550 lla]

148 2569 360 2641 archiepiscopo
386 2586 419 2624 ex
448 2571 583 2626 niandatc
604 2571 667 2642 jam
693 2572 723 2626 1).
749 2570 967 2641 praedecessoris
1052 2577 1217 2630 Aassrasios
1237 2574 1398 2645 episcopus,
1417 2589 1515 2628 servus
1535 2589 1685 2629 servorum
1710 2573 1772 2643 uei,
1792 2590 1836 2630 se·

147 2663 238 2718 nostri
253 2680 336 2735 papa
351 2663 471 2735 Eugeuii
491 2665 576 2731 lacta,
595 2668 623 2719 et
642 2662 722 2719 nobis
743 2663 887 2735 assignata
905 2680 967 2719 esse
1017 2668 1138 2723 nerabili
1162 2666 1245 2722 tratri
1269 2668 1357 2723 Panno
1386 2667 1586 2723 Beneventano
1617 2667 1835 2741 archiepiscopo

148 2756 334 2829 dignoscitur,
352 2756 455 2812 futuris
475 2757 650 2829 temporibus
671 2760 732 2812 rata
752 2762 781 2812 at
802 2756 968 2812 inconcussa
1017 2761 1135 2834 ejusque
1167 2761 1373 2817 successoribus
1401 2760 1536 2816 canonice
1567 2760 1778 2817 substituendis
1806 2762 1833 2817 in

145 2854 325 2924 permaneat,
342 2867 394 2906 uec
413 2851 562 2924 quisquam
585 2851 672 2921 vobis,
695 2851 737 2905 vel
759 2850 967 2906 successoribus
1018 2860 1201 2926 perpetuum.

145 2944 246 3000 vestris
266 2944 388 2999 inventis
408 2944 575 3001 divisionem
598 2945 690 3016 ipsam
713 2961 838 3017 unquam
857 2961 965 3016 praesu·
1052 2950 1083 3003 ln
1106 2948 1243 3003 eminenti
1266 2947 1433 3004 universalis
1455 2946 1587 3002 Ecclesiae
1607 2948 1725 3019 specula
1748 2948 1836 3021 dispo·

145 3044 206 3095 mat
228 3038 395 3110 infringere,
418 3038 476 3093 sive
498 3039 608 3094 ratione
633 3038 760 3111 qualibet
784 3038 964 3110 perturbare.
1019 3047 1106 3097 uente
1128 3043 1250 3098 llornino
1271 3041 1417 3097 constituti
1437 3058 1472 3097 ex
1491 3040 1619 3112 injuncto
1640 3041 1726 3098 nohis
1746 3059 1764 3097 a
1783 3042 1837 3098 lleo

145 3133 329 3189 deceruimus
349 3149 428 3204 ergo,
447 3138 479 3188 ut
498 3132 569 3187 nulli
589 3133 741 3188 hominum
758 3133 843 3188 liccat
862 3132 966 3203 praefa-
978 3082 1006 3157 Ο
1018 3136 1191 3207 apostolatus
1213 3135 1305 3191 officio
1325 3135 1425 3190 iratres
1446 3139 1557 3190 nostros
1580 3133 1733 3207 episcopos
1754 3135 1839 3191 debe·

147 3232 206 3281 tam
225 3226 376 3282 ecclesiam
397 3230 506 3283 temere
520 3226 698 3298 perturbare,
715 3229 765 3282 aut
780 3226 841 3297 ejus
854 3242 966 3299 posses·
1019 3246 1083 3284 mus
1098 3229 1227 3302 diligere,
1242 3236 1271 3285 et
1282 3229 1414 3284 ccclesias
1428 3244 1527 3284 eorum
1541 3227 1751 3300 gubernationi
1763 3245 1838 3286 com·

146 3319 241 3376 sioues
264 3320 387 3388 auferre,
411 3321 454 3375 vel
478 3320 586 3375 ablatas
605 3319 739 3389 rotinere,
765 3320 894 3375 minuere
918 3323 968 3374 aut
1018 3323 1120 3379 missas
1147 3322 1325 3394 protectione
1350 3322 1425 3378 sedis
1453 3321 1616 3394 apostolicae
1640 3323 1836 3391 communire;

146 3413 288 3486 aliquibus
310 3413 506 3470 venationibus
522 3413 654 3486 fatigare,
671 3414 721 3470 sed
742 3415 837 3469 omnia
854 3413 968 3485 integra
1019 3422 1182 3489 eapropter,
1196 3416 1365 3471 venerabilis
1378 3415 1405 3470 in
1421 3415 1531 3473 Christo
1542 3415 1644 3483 irater,
1655 3417 1742 3473 Patre
1753 3420 1838 3474 Bene·

144 3514 348 3565 conserventur
367 3524 476 3577 eorum,
492 3525 545 3580 pro
564 3524 687 3579 quorum
707 3507 926 3580 gubernatione,
940 3511 968 3562 et
1018 3510 1142 3562 tantane
1162 3506 1385 3579 archiepiscope,
1405 3506 1504 3561 vestris
1523 3506 1770 3578 postulationibus
1787 3509 1835 3564 he·

147 3603 354 3659 sustentatione
369 3606 582 3659 concessasunt
597 3602 694 3658 usibus
710 3601 882 3658 omnimodis
898 3618 964 3673 pro·
1018 3600 1140 3672 nignum
1171 3598 1372 3671 impartientes
1405 3615 1570 3662 assensum,
1606 3599 1837 3657 beneventanam

146 3697 254 3766 lutura,
269 3698 346 3753 salva
357 3698 388 3753 iu
402 3698 537 3755 omnibus
550 3696 713 3769 apostolicae
726 3696 802 3753 sedis
817 3695 968 3752 auctorita·
1018 3693 1173 3749 Ecclesiam
1188 3693 1233 3748 cui
1250 3698 1364 3748 auctore
1384 3691 1503 3748 Domino
1522 3707 1645 3765 praesse
1663 3693 1838 3767 dignosceris

147 3800 216 3853 tate.
233 3795 263 3852 Si
281 3797 344 3869 quis
362 3795 449 3869 igitur
463 3797 492 3851 iu
511 3796 640 3852 loturum
660 3794 860 3861 ecclesiastica,
876 3809 966 3849 saecu·
1017 3787 1069 3842 suh
1091 3788 1119 3841 B.
1139 3786 1226 3857 Petri,
1245 3792 1274 3843 et
1294 3790 1392 3842 nostra
1409 3785 1588 3858 protectione
1610 3772 1794 3861 suscipimus,
1813 3791 1839 3845 et

147 3895 250 3951 larisve
265 3911 385 3967 persona
400 3896 474 3951 hano
489 3899 592 3951 nostra
605 3892 814 3950 constitutionis
830 3892 967 3964 peginam
1018 3880 1835 3953 PlfflsssssslisscriptiP⁸il005115000ffl111¹111i111⁰⁸3Slflluess·

146 3994 238 4049 sclens
252 4000 352 4050 contra
366 4010 430 4049 eam
445 3998 545 4049 tenere
559 3993 656 4047 venire
670 3990 832 4059 tentaverit,
843 3990 968 4046 secunda
1017 3980 1070 4042 ¹0³2
1091 3979 1124 4029 ut
1144 3990 1329 4046 qu³⁵⁰⁰¹¹qu⁰
1348 3973 1547 4044 P⁰⁸⁸³⁵⁵i⁰¹¹⁰⁸s
1566 3989 1750 4049 ‘lufflcuntlue
1768 3976 1837 4032 ΒΜ

146 4092 391 4148 animadversione
404 4091 590 4157 commonita,
603 4091 626 4145 si
639 4105 766 4160 congrua
777 4087 968 4143 satisfactione
1018 4068 1120 4171 “lde-¹¹¹
1141 4068 1267 4172 Mesia
1283 4067 1543 4139 imlJraesenliarum
1558 4067 1637 4171 {⁰⁸20
1656 4072 1687 4124 θῑ
1702 4070 1834 4126 ⁰³ss⁰¹¹i⁰⁰

147 4207 177 4245 se
191 4208 250 4247 non
261 4190 457 4247 ernendaverit
459 4189 625 4262 ,potestatis
639 4205 698 4243 suaa
711 4188 815 4259 prioris
827 4186 968 4258 dignitate
1017 4162 1151 4266 P⁰⁸⁵ffq⁰t³
1172 4166 1222 4216 aut
1242 4178 1271 4216 ¹¹¹
1294 4161 1425 4265 smumfn
1440 4176 1633 4266 ,⁰⁰¹¹ce⁵⁸¹⁰¹¹‘,³
1658 4163 1833 4267 P⁰¹¹tffi⁰f¹m¹

147 4294 281 4359 emate
266 4293 454 4361 etproetem
473 4302 553 4343 ream
575 4302 604 4340 39
624 4285 711 4341 divini
728 4284 828 4357 judieii
848 4285 968 4340 existere
1018 4256 1171 4328 largitione
1185 4272 1287 4327 regum
1302 4254 1345 4310 vel
1357 4271 1529 4328 principum,
1539 4254 1686 4311 oblatione
1700 4256 1833 4323 lidelrum,

146 4387 182 4442 de
198 4392 360 4458 perpetfflm
374 4386 525 4457 iniquitate
538 4388 700 4454 eognoscat
717 4390 746 4438 e,
760 4400 777 4439 a
789 4381 968 4438 sanctissimo
1018 4366 1067 4405 seu
1085 4349 1145 4404 aliis
1160 4349 1246 4421 justis
1266 4347 1360 4405 modis
1373 4349 1429 4404 Deo
1444 4347 1571 4420 propitio
1586 4349 1697 4420 poterit
1711 4350 1833 4423 adipisci,

147 4501 265 4558 corpore
286 4491 315 4541 a,
333 4485 473 4557 sanguine
493 4483 551 4550 00,
566 4488 594 4539 et
614 4485 646 4539 D
664 4481 864 4555 Redempwris
878 4459 1006 4536 11081Βι
1019 4445 1104 4499 firma
1120 4443 1172 4498 tibi
1186 4443 1300 4516 tuisque
1319 4442 1537 4511 successoribus,
1552 4448 1582 4498 et
1598 4442 1713 4500 illibata
1728 4460 1833 4516 per-ma

1019 4543 1117 4606 neaut,
1131 4536 1161 4592 in
1178 4537 1280 4608 quibus
1295 4537 1357 4592 haec
1369 4535 1494 4608 propriis
1507 4536 1644 4592 duximus
1656 4537 1835 4610 exprimenda

1017 4631 1173 4687 vocabulis.

1055 4725 1242 4798 Episcopatus
1262 4724 1393 4781 videlicet
1414 4723 1584 4792 haedinum,
1604 4725 1833 4783 lloutemdlara·

1017 4837 1097 4889 num,
1125 4819 1361 4891 Frequentinmn,
1385 4819 1536 4884 brianum,
1554 4819 1680 4875 ltontem
1704 4819 1740 4877 de
1763 4820 1834 4888 Vico,

1018 4914 1159 4982 bivinum,
1178 4913 1325 4982 Asculum,
1344 4912 1503 4982 Luceriam,
1524 4912 1734 4983 Florentinum,
1748 4914 1833 4971 Torti-

1018 5008 1131 5077 bulum,
1147 5009 1272 5065 llontcm
1288 5007 1453 5076 Corvinum,
1466 5006 1667 5079 vulturariam,
1678 5007 1834 5074 Civitatem,

148 5077 306 5135 inveniant
321 5080 423 5134 Amen·
1016 5102 1232 5173 Draconariam,
1244 5101 1378 5157 larinum
1382 5100 1771 5173 ,Termulam,Guardiuam,
1780 5101 1833 5158 ‘lri-

182 5180 241 5250 Ego
257 5174 430 5244 Anastasius,
441 5171 593 5229 Catholicae
606 5168 739 5228 Ecclesiae
752 5168 912 5242 episcopus,
927 5187 964 5226 ss.
1016 5200 1146 5266 ventum
1161 5195 1313 5268 Bojanum
1329 5195 1455 5265 ΑΒΜ
1473 5194 1632 5252 Thelesmm
1653 5200 1683 5252 e,
1703 5195 1835 5253 Sancum

182 5276 241 5347 Ego
255 5276 364 5331 lmarus
376 5271 527 5329 Insulanus
542 5270 703 5344 episcopus,
718 5268 882 5342 subscripsi.
1017 5291 1166 5364 Agathan,
1181 5292 1226 5345 Β
1226 5306 1258 5347 ,a
1276 5289 1420 5347 civitatem
1441 5290 1671 5347 mnevsnanam
1691 5289 1836 5347 ecdem

182 5372 242 5445 ¹³30
255 5372 316 5445 Uso
329 5369 465 5427 cesenas
480 5370 566 5442 saise·
581 5367 743 5441 subscripsi·
1017 5386 1047 5442 s.
1073 5383 1149 5440 reta
1174 5384 1355 5454 recusasse,
1378 5384 1526 5441 emesam
1549 5384 1577 5441 s.
1601 5383 1729 5457 rusus,
1751 5384 1835 5441 seue-

181 5471 241 5543 Ego
264 5467 420 5541 Gregorius
443 5466 536 5538 presb.
559 5466 708 5523 cardinalis
729 5464 772 5523 tit.
797 5466 826 5523 S.
850 5463 965 5535 Callisti,
1017 5480 1089 5535 siam
1116 5480 1145 5535 g
1170 5478 1295 5548 Martini
1321 5477 1471 5535 ecelesiam
1502 5477 1614 5535 gam
1646 5477 1746 5535 pm
1771 5482 1835 5535 „120

57 5612 60 5616 ›
143 5584 181 5622 ³⁸1
1016 5574 1128 5643 horam,
1152 5573 1351 5630 ecclesiamS.
1374 5572 1449 5630 Petri
1473 5570 1559 5627 sitam
1580 5571 1666 5644 juxte
1690 5572 1834 5629 musam

156 5665 221 5737 Ego
252 5664 367 5722 Guidus
392 5664 496 5740 presb.
525 5665 682 5725 cardinalis
711 5665 756 5726 tit.
785 5666 816 5725 S.
843 5664 969 5741 Chryso·
1019 5666 1145 5726 sustu
1159 5664 1585 5736 dalled‘sc'shus,ecclesiam8.
1604 5663 1702 5723 usila
1720 5664 1758 5723 ds
1776 5666 1833 5721 bu·

99 5763 187 5839 goni,
202 5782 243 5823 ss.
1033 5780 1121 5834 cona,
1137 5759 1339 5821 accusans.
1355 5757 1494 5825 anthabet,
1507 5756 1708 5817 secema
1715 5756 1838 5817 tannarii

145 4589 211 4645 lesu
238 4585 340 4641 Christi
364 4585 456 4640 aliena
481 4584 541 4653 ilat,
566 4599 599 4638 ac
622 4583 652 4636 iu
680 4585 808 4638 extremo
834 4580 967 4635 examine

144 4684 279 4741 districtae
291 4681 392 4738 ultioni
406 4680 558 4753 subjaceat.
573 4680 689 4735 Cunctis
705 4683 801 4734 autem
820 4678 967 4734 incudem

145 4783 210 4841 loco
228 4783 307 4855 justa
326 4779 501 4835 servantibus
520 4777 553 4834 sit
574 4794 632 4850 par
653 4777 765 4832 Domini
789 4777 879 4832 nostri
900 4778 966 4831 lesu

145 4881 259 4949 Christi,
274 4886 305 4935 ut
318 4880 365 4936 hic
379 4878 503 4934 fructum
519 4878 601 4934 bonae
614 4875 733 4930 actionis
750 4875 921 4947 percipiant,
937 4880 967 4930 et

146 4980 222 5053 apud
244 4978 403 5036 districtum
422 4976 549 5049 judicem
574 4972 727 5047 praemium
751 4977 867 5028 aterne
889 4972 968 5045 pacis
