3750 6046
103 212 173 271 tl77

467 341 556 398 CVlll.

603 210 772 274 EPlSTOLAE
792 216 833 274 ET
852 216 1053 280 PlthlLl‘Iilh.
1073 252 1107 264 -
1126 220 1181 280 ΑΝ.
1203 220 1282 279 lliiti.

929 348 1053 434 Aerit...
1080 349 1163 407 flrma
1184 349 1286 417 robis,
1310 348 1471 420 rastrisque
1505 347 1728 418 successoribus,
1754 355 1783 405 et

1714 221 1782 281 itii

100 433 262 505 snepmno
288 435 443 507 Viennensi]
468 438 494 490 el
516 435 544 490 C.
571 436 715 510 [Heraclio]
742 439 920 508 lucdunensi
970 440 1291 516 illibatepermaneant;
1311 442 1457 514 inquibus
1479 442 1539 498 brac
1559 442 1684 515 propriis
1702 441 1782 497 duxi-

139 513 345 583 arcbiepiscopss
358 516 582 583 mursdutropatn
595 517 670 571 Petri
691 518 797 572 abbaciis
810 517 920 573 Clunia·
970 553 1033 592 mu,
1046 538 1231 608 exppjmenda
1245 536 1413 593 vocabuli„

139 594 232 659 censis,
260 608 293 646 ne
317 597 509 649 monasterinm
535 593 727 651 celsiniacense
763 600 860 652 cesari
884 599 919 654 ab
1004 631 1155 687 Ecclesiam
1183 630 1210 686 g·
1240 630 1384 687 Laurentii

139 672 284 727 Eustochio
294 676 449 744 patiantur.

362 766 496 834 (Narniae,
512 771 583 838 hug.
602 768 657 840 ss.)

270 860 312 929 [u.
327 861 465 929 Bououer,
479 862 594 928 ilemeil,
609 862 663 924 XV,
677 862 750 934 orta

140 953 280 1008 annianus
301 954 460 1025 episcopus,
476 971 573 1008 servus
593 970 741 1011 serrorum
759 955 818 1024 Dei,
832 971 916 1010 rene·

101 1046 240 1101 rabilibus
263 1047 399 1102 fratribus
420 1046 598 1119 S[tephano]
627 1049 778 1104 Viennensi
808 1049 838 1103 et
860 1047 917 1120 (73)

100 1140 131 1194 C.
149 1140 284 1212 {Emeum}
303 1140 487 1212 Lugdunensi
502 1141 734 1214 archiepiscopis,
751 1141 873 1196 salutem
890 1146 920 1197 et

100 1234 283 1304 apostolicam
298 1233 539 1290 benedictionem.

140 1327 263 1381 Dilectus
277 1326 352 1381 lilius
365 1333 461 1382 noster
482 1330 592 1397 Petrus,
606 1328 694 1384 abhas
714 1329 916 1399 cluniacensis,

103 1420 308 1476 Celsiniacense
335 1422 544 1477 monasterium
566 1421 642 1494 quod
666 1421 770 1493 adjus
792 1423 920 1494 pertinet
1005 1471 1009 1480 .

105 1514 299 1569 cluniacensis
311 1515 446 1583 ecclesie,
462 1533 479 1570 a
497 1516 585 1571 lretre
605 1532 655 1570 suo
673 1516 823 1571 Eustachio
836 1532 916 1572 occa-

105 1607 186 1662 sione
199 1610 392 1663 trecentarum
414 1624 575 1663 marcarum
596 1609 719 1679 argenti,
735 1625 807 1680 quas
827 1608 862 1663 ab
883 1624 918 1664 eo

103 1699 235 1771 requirit,
259 1701 383 1772 graviter
405 1701 518 1757 infestat

101 1796 233 1864 paratum
247 1800 368 1850 ‘asserat
389 1796 539 1864 exstitisse,
566 1795 645 1868 quod
667 1797 780 1867 justum
801 1802 853 1864 est,
877 1795 917 1851 illi

102 1885 249 1942 mediante
258 1888 515 1959 judicioerhibere.
528 1889 811 1961 Hominessiquidem
820 1905 919 1962 supra-

104 1980 189 2036 dicta
203 1981 328 2037 ecclesia
342 1983 427 2054 capit,
442 1982 520 2038 bona
532 1999 632 2038 eorum
647 1983 756 2054 diripit,
766 1982 918 2055 atquibus·

103 2074 197 2129 modis
221 2081 324 2146 potest,
347 2077 520 2131 incessanter
540 2076 651 2148 affligit.
672 2076 753 2132 Unde
774 2093 835 2143 nos,
850 2091 920 2147 quo·

103 2169 182 2222 niam
214 2168 462 2240 perturbatoribus
486 2170 681 2225 cluniacensis
708 2169 831 2224 ecclesie
860 2174 918 2225 tam

103 2278 155 2334 per
173 2278 225 2317 nos
246 2278 332 2333 quam
354 2279 405 2334 per
426 2262 529 2317 iratres
550 2268 579 2316 et
603 2262 787 2335 coepiscopos
809 2269 919 2319 nostros

104 2362 200 2410 exacta
212 2355 346 2410 volumus
360 2356 511 2427 diligentia
528 2357 681 2425 contraire,
697 2372 749 2429 per
767 2357 920 2429 presentie

102 2449 182 2503 robis
191 2449 296 2520 scripta
308 2449 477 2505 mandamus
491 2449 786 2522 qnatenuspraelutum
802 2451 822 2504 E
837 2447 920 2522 [usta-

103 2539 221 2609 chinml,
250 2547 282 2597 ut
306 2543 340 2597 ab
366 2544 546 2599 infestatione
575 2543 775 2616 praenominati
800 2544 920 2599 caenobii

103 2642 132 2690 et
164 2637 314 2691 hominum
340 2637 428 2708 ipsius
453 2637 608 2702 abstineat,
635 2643 663 2692 et
694 2636 792 2708 iniqua
827 2637 921 2692 ablata

105 2730 245 2795 restituat,
260 2730 413 2785 districtius
427 2731 578 2786 moneatis.
592 2730 617 2787 Si
632 2746 698 2786 vero
712 2730 919 2785 monitionibus

105 2823 207 2878 restris
235 2824 350 2879 obedire
376 2825 589 2895 contempserit,
615 2824 919 2879 excommunicationis

105 2932 172 2971 eum
198 2917 308 2972 vinculo
333 2917 486 2984 innodetis,
507 2924 535 2973 et
559 2918 650 2972 donec
670 2917 829 2988 resipiscat,
850 2918 921 2973 sicut

105 3011 381 3066 excommunicatum
409 3011 516 3066 faciatis
544 3011 682 3066 attentius
709 3011 823 3066 evitari.
849 3012 921 3067 Saue

106 3106 129 3159 si
138 3104 289 3159 adversum
300 3104 514 3160 Cluniacensem
527 3104 674 3160 ecclesiam
687 3106 730 3160 rel
740 3099 958 3173 obedientiasC

104 3198 166 3269 ejus
181 3198 338 3269 quidquam
354 3198 427 3269 juris
443 3197 585 3264 habuerit,
599 3215 647 3253 vos
667 3198 698 3252 in
714 3214 805 3254 unum
818 3214 918 3253 conve-

103 3291 217 3347 niontes
238 3295 331 3362 partes
357 3295 422 3346 ante
445 3293 567 3346 vestram
586 3291 767 3362 presentiam
789 3291 919 3361 evocetis,

106 3477 237 3549 cognitis,
252 3479 328 3550 quod
341 3479 450 3549 Justum
466 3477 531 3533 inde
543 3477 640 3546 luerit,
651 3477 797 3549 iudicetis,
813 3483 842 3534 et
853 3495 920 3550 pro-

106 3573 251 3628 secutione
267 3572 373 3627 iecistis
387 3571 481 3645 operis
495 3571 660 3644 adimpleri.

141 3668 244 3723 hatum
258 3666 379 3737 Narniae,
393 3682 441 3722 xiv
455 3666 514 3721 llal.
530 3664 716 3737 Septembris.

485 3764 548 3821 clx.

106 3858 255 3917 Ecclesium
276 3857 305 3913 S.
332 3858 488 3914 Constantii
512 3857 706 3915 Urbeoelunnm
728 3857 859 3912 luendum
880 3871 924 3913 sn·

186 3941 268 4010 scipit
282 3939 379 4007 atejus
393 3940 464 3993 bona
477 3939 677 4009 priuileainqne
688 3940 839 4008 mnflnnal.

326 4032 370 4104 (ln
385 4032 459 4088 Urbe
472 4031 570 4101 reteri,
586 4035 641 4087 oct.
658 4033 712 4103 lb.)

194 4127 397 4200 itinerariam,
413 4130 552 4187 Obsonaca
565 4129 710 4197 c’onneio,
724 4128 756 4198 ll,
766 4123 839 4188 illd

144 4229 285 4281 Aunrsuus
309 4225 469 4297 episcopus,
495 4240 590 4279 servm
617 4239 766 4278 serrorum
793 4222 855 4286 liei,
881 4221 923 4277 di·

109 4314 188 4369 lectis
202 4314 267 4368 tiliis
286 4315 398 4371 lloccao
413 4313 565 4386 praeposito
580 4313 608 4369 S.
621 4311 778 4368 Constantii
794 4311 829 4366 da
850 4311 924 4367 Urbe

110 4403 210 4471 reteri,
227 4404 346 4474 ejusque
358 4403 495 4459 fratribus
505 4409 563 4459 tam
576 4402 765 4473 presentibus
779 4416 865 4473 quam
880 4400 922 4456 fu·

109 4492 181 4549 turis
198 4493 334 4547 canonice
351 4492 565 4549 substituendis.

146 4582 291 4645 Quatenus
314 4582 470 4637 deuotionis
492 4582 639 4639 sinceritas
658 4581 840 4638 laudabiliter
863 4581 922 4637 eni·

109 4678 195 4729 tescat
211 4680 241 4728 et
255 4675 359 4729 utilitas
383 4677 531 4746 postulata,
547 4677 620 4732 vires
641 4676 833 4732 indubitanter
847 4692 923 4732 assu·

110 4774 180 4823 mat.
206 4769 373 4839 Eupropter‚
397 4768 491 4824 dilecti
512 4769 543 4823 in
571 4771 690 4826 homino
710 4770 762 4825 itlii
767 4810 820 4825 .....
841 4769 926 4841 justis

110 4862 347 4935 postulationibus
362 4863 520 4919 clementer
540 4864 706 4933 annuimus,
721 4867 749 4920 et
775 4863 925 4934 praelatam

111 4956 267 5024 ecclesiam,
282 4957 311 5010 in
326 4973 384 5027 qsra
399 4957 494 5013 divino
515 4956 672 5029 mancipati
694 4956 762 5012 estis
776 4955 924 5028 obsequio,

111 5051 162 5106 sub
183 5053 203 5106 B
240 5051 313 5106 Patri
336 5055 366 5106 el
386 5055 484 5106 nostra
506 5052 683 5123 protectione
705 5051 884 5122 suscipimus,
898 5054 927 5106 et
976 5041 1100 5098 1V81¹11⁰
1116 5053 1146 5094 ¹¹·

111 5145 262 5218 praesentis
285 5144 432 5218 scriptura
457 5145 607 5218 privilegio
631 5145 853 5200 communimus.
870 5146 928 5200 Sta·

115 5244 241 5307 tuentes,
256 5245 288 5294 ut
308 5255 494 5311 quascunque
519 5238 721 5310 possessiones,
742 5241 771 5293 et
791 5253 927 5310 quacun·

112 5349 169 5403 que
185 5333 271 5400 bona,
289 5332 392 5388 eadem
408 5332 524 5388 ecclesia
538 5332 787 5404 inpresentiarum
803 5332 880 5402 juste
900 5335 929 5387 al

112 5426 248 5482 canoniae
276 5426 416 5499 possidet,
445 5431 495 5481 aut
518 5427 549 5481 in
575 5427 722 5494 futurum,
747 5425 928 5481 cencessiona

111 5520 293 5591 pontaticum,
309 5520 460 5592 largitione
480 5536 583 5593 regum
604 5520 647 5577 rel
662 5519 835 5592 principum,
850 5519 927 5575 obla·

112 5613 190 5669 tione
205 5613 346 5683 bdelium,
360 5631 408 5670 seu
420 5615 484 5671 aliis
505 5614 707 5686 justismodis,
724 5616 780 5671 heo
795 5613 928 5686 propilio,

144 5723 191 5788 (73)
205 5723 282 5776 corr.
297 5724 329 5787 n,
344 5725 427 5777 idest
441 5726 552 5778 Erectio
569 5725 604 5779 de
626 5726 720 5779 Monte
734 5725 865 5788 linxerio,
880 5724 929 5790 qul

113 5799 141 5854 et
154 5795 212 5865 ipse
225 5797 364 5865 quondam
382 5798 417 5850 ab
432 5798 583 5852 Eustaoblo
599 5798 683 5851 fratre
696 5810 749 5850 suo
762 5795 836 5849 mdo
848 5794 928 5849 dire·

1412 645 1475 685 cum
1505 629 1684 701 pertinentiis
1713 629 1781 695 suis,

969 723 1115 779 ecclesiam
1140 725 1168 779 S.
1194 723 1394 779 Bartholomaei
1420 739 1484 777 cum
1511 722 1688 794 pertinentiis
1713 722 1782 791 suis,

970 816 1118 871 ecclesiam
1142 816 1170 872 S.
1194 816 1316 871 llatthsai
1329 819 1359 870 el
1373 816 1519 888 hospitalis
1532 831 1599 869 cum
1619 815 1676 870 suis
1694 816 1783 887 perti·

970 908 1085 976 nentiis,
1097 910 1244 965 ecclesiam
1259 910 1287 965 S.
1308 909 1411 966 loliani
1427 911 1457 964 at
1473 909 1613 979 hospitale
1637 925 1703 964 cum
1724 909 1783 964 suis

969 1002 1160 1074 pertinentiis,
1185 1003 1331 1058 ecclesiam
1358 1003 1387 1059 S.
1414 1002 1578 1068 Anastasia,
1602 1019 1667 1057 cum
1694 1003 1782 1076 perti·

968 1097 1073 1151 nenliis
1094 1096 1330 1169 missiliumque
1352 1112 1474 1168 quoque,
1490 1112 1553 1167 quae
1574 1094 1678 1151 dicitur
1697 1096 1781 1152 Fero·

969 1188 1069 1244 sellum
1087 1207 1152 1245 cum
1177 1190 1358 1262 pertiuentiis
1382 1191 1449 1255 suis,
1470 1192 1500 1244 et
1523 1189 1678 1244 Messanam
1701 1205 1781 1245 aam-

885 1328 890 1340 .
969 1298 1038 1353 pum
1064 1281 1100 1337 de
1124 1284 1186 1356 ripa
1209 1283 1401 1351 transmarini,
1418 1299 1565 1354 campum,
1580 1283 1628 1354 qui
1652 1285 1695 1339 est
1716 1286 1782 1338 aule

968 1376 1116 1431 ecclesium
1135 1378 1162 1432 S.
1180 1377 1349 1446 Constantii,
1364 1376 1477 1448 plebem
1497 1376 1524 1432 S.
1540 1375 1614 1431 Petri
1630 1375 1699 1431 de...
1716 1392 1782 1432 cum

968 1486 1027 1524 suis
1047 1470 1237 1542 pertiuentiis,
1253 1470 1366 1542 plebem
1388 1470 1418 1526 S.
1433 1472 1549 1525 loannis
1571 1470 1606 1525 de
1626 1471 1783 1526 vallelacus

969 1579 1034 1618 cum
1056 1564 1114 1619 suis
1137 1564 1328 1636 pertinentiis,
1352 1564 1465 1635 plebem
1485 1564 1513 1619 S.
1538 1564 1680 1631 Smiraldi,
1702 1569 1731 1620 et
1752 1564 1781 1620 S.
1862 1576 1868 1587 ²

969 1658 1107 1729 Stephani
1141 1656 1176 1713 de
1200 1658 1391 1730 llontelougo,
1419 1674 1484 1713 cum
1509 1660 1566 1713 suis
1594 1638 1782 1729 pertinentiis,

520 1718 571 1771 ΠΗ
595 1719 659 1757 cum
680 1719 740 1774 ΨΜ
766 1707 863 1757 tamen
888 1718 1085 1822 seBplebem
1111 1751 1139 1806 S.
1163 1751 1327 1807 Terentiani
1351 1767 1415 1807 cum
1439 1751 1496 1806 suis
1517 1751 1705 1823 pertinentiis,
1726 1751 1784 1822 ple-

967 1845 1034 1899 bem
1051 1844 1079 1900 S.
1100 1845 1194 1900 blarias
1212 1843 1247 1901 de
1272 1844 1397 1901 hliniano
1420 1861 1486 1900 cum
1507 1844 1566 1900 suis
1590 1844 1781 1915 pertinentiis,

969 1937 1109 2009 hospitale
1126 1939 1162 1993 dc
1186 1937 1247 2010 ripa
1269 1937 1511 2010 Aquaependeutis
1531 1953 1596 1993 cum
1618 1937 1784 1993 ecclesiast

969 2031 1148 2102 pertinentiis
1171 2033 1238 2087 suis.
1267 2033 1408 2087 Preterea
1431 2031 1572 2103 quidquid
1598 2032 1626 2085 iu
1650 2030 1781 2098 decimis,

968 2125 1105 2198 primitiis
1124 2128 1154 2180 at
1176 2125 1368 2182 oblationibus
1388 2126 1464 2197 juste
1485 2131 1514 2180 et
1534 2125 1671 2181 canonice
1695 2124 1783 2196 possi·

970 2217 1053 2287 detis,
1067 2219 1144 2274 robis
1158 2219 1345 2274 nihilominus
1364 2218 1585 2287 confirmamus;
1604 2219 1782 2291 sepulturam

970 2327 1086 2384 quoque
1109 2311 1197 2384 ipsius
1221 2313 1273 2368 loci
1295 2312 1415 2368 liberam
1435 2328 1496 2367 esse
1518 2312 1672 2380 sancimus,
1687 2315 1719 2366 nt
1732 2327 1782 2368 eo·

969 2421 1046 2469 rum,
1086 2407 1135 2478 qrsi
1162 2407 1216 2462 iltis
1240 2406 1355 2480 sepeliri
1374 2405 1612 2473 deliberaverunt,
1636 2405 1786 2462 devotione

970 2503 1108 2556 extremae
1132 2501 1294 2568 rolssutatis,
1310 2499 1363 2556 nisi
1383 2501 1458 2556 lorte
1481 2499 1785 2568 excommunicativet

971 2593 1116 2650 interdicti
1139 2595 1205 2662 sint,
1227 2595 1322 2650 nullus
1342 2594 1468 2661 obsistat,
1490 2595 1567 2649 salva
1588 2598 1686 2649 tamen
1704 2594 1785 2664 justa

972 2687 1167 2755 ecclesiarum,
1181 2688 1259 2742 unda
1272 2688 1413 2760 assumpti
1425 2687 1541 2744 luerint.

1007 2781 1247 2853 Decernimusque
1259 2787 1290 2836 ιιι
1299 2782 1369 2836 nulli
1380 2781 1532 2837 homiuum
1543 2781 1629 2837 liceat
1637 2781 1786 2853 praelatam

970 2874 1117 2929 ecclesiam
1133 2877 1241 2930 temere
1255 2875 1432 2946 perturbare,
1454 2882 1504 2930 aut
1522 2875 1583 2946 ejus
1596 2874 1784 2946 possessiones

971 2969 1098 3036 auferre,
1113 2969 1156 3023 rel
1177 2969 1285 3023 ablatas
1303 2969 1435 3035 retinere,
1458 2968 1598 3035 minuere,
1615 2968 1659 3023 vel
1679 2967 1784 3040 aliqui·

970 3061 1023 3116 bus
1038 3062 1238 3118 vexationibus
1255 3062 1392 3134 fatigare,
1406 3061 1457 3117 sed
1472 3062 1572 3117 omnia
1589 3061 1703 3134 integra
1714 3077 1784 3116 oon-

971 3159 1123 3210 servantur
1149 3172 1260 3223 eorum,
1284 3172 1335 3227 pro
1361 3173 1481 3228 qrsomm
1508 3155 1727 3227 gisbernationa,
1752 3170 1785 3210 ao

970 3250 1175 3304 sustentatione
1189 3265 1322 3304 concessa
1338 3253 1413 3316 sunt,
1428 3249 1525 3305 usibus
1537 3248 1710 3304 omnimodis
1722 3263 1786 3319 pro·

105 3391 134 3440 et
148 3385 309 3439 rationibus
323 3384 461 3440 hincinde
472 3384 625 3454 diligenter
634 3383 738 3439 audilis
747 3389 776 3439 et
789 3384 921 3458 plenarie
970 3342 1090 3447 fnium
1114 3343 1189 3398 mm
1210 3359 1347 3397 mmmm
1370 3342 1508 3414 epi⁸⁰⁰pi⁵
1528 3346 1627 3398 mim
1648 3356 1784 3396 mmmm

968 3436 1091 3508 Jusuus.

1005 3530 1035 3587 Si
1050 3545 1107 3601 qua
1118 3529 1215 3602 igitur,
1232 3535 1286 3586 stc.

1150 3641 1185 3681 ιιι
1200 3639 1323 3681 ιιοιιιιιιιιι
1336 3640 1416 3681 ocum
1430 3639 1476 3680 uss
1491 3637 1606 3680 esurus.

1007 3716 1785 3790 SanctusPetrus,SauctusPaulrss.hdrianuspapaltl.

1009 3813 1278 3886 Egoloannesdiac.
1288 3812 1366 3868 card.
1376 3813 1419 3867 ιιι.
1428 3810 1615 3883 SSGregorii
1629 3814 1658 3867 at
1672 3811 1786 3869 Bacchi.

1009 3909 1068 3981 Ego
1082 3906 1204 3963 Ubnldus
1215 3905 1311 3980 presb.
1326 3906 1404 3962 card.
1420 3905 1464 3961 ιιι.
1481 3904 1510 3961 S.
1526 3904 1669 3960 Praxedis.

1009 4002 1068 4074 Ego
1082 4000 1244 4057 llanlradus
1258 4000 1336 4057 oard.
1353 4001 1396 4055 tit.
1413 3999 1523 4055 Sanctae
1537 3999 1659 4055 Sabina.

1008 4096 1068 4167 Ego
1079 4094 1169 4151 lulius
1181 4095 1275 4167 presb.
1292 4094 1368 4150 card.
1385 4094 1428 4150 tit.
1445 4093 1540 4149 Sancti
1554 4093 1687 4149 Marcelli.

1009 4192 1069 4262 Ego
1081 4187 1207 4245 Ubaldus
1221 4188 1314 4259 presb.
1333 4188 1411 4243 card.
1427 4188 1471 4243 lit.
1484 4189 1596 4244 &notra
1612 4185 1713 4242 Lucia.

1009 4286 1069 4356 Ego
1082 4285 1183 4339 Petrus
1201 4283 1296 4355 presb.
1311 4282 1388 4338 card.
1405 4282 1449 4339 tit.
1465 4281 1576 4338 Sanctae
1590 4281 1707 4336 Cecilias.

1010 4380 1068 4451 Ego
1087 4377 1250 4434 Bernardus
1270 4376 1365 4449 presb.
1386 4376 1462 4431 card.
1488 4375 1530 4430 tit.
1551 4374 1579 4431 S.
1600 4373 1737 4446 Stephani
1755 4372 1787 4431 iu

932 4473 1059 4546 DCuelio
1072 4474 1178 4529 llonte.

1009 4569 1070 4640 Ego
1084 4567 1223 4622 henricus
1239 4566 1334 4638 presb.
1352 4563 1431 4621 card.
1452 4563 1502 4620 SS.
1515 4561 1597 4618 Nerei
1612 4567 1640 4616 et
1657 4559 1786 4617 Achillei.

1012 4664 1069 4734 Ego
1081 4664 1202 4717 loannes
1216 4660 1309 4732 presb.
1325 4658 1403 4714 card.
1419 4658 1465 4714 SS.
1481 4655 1616 4730 Sylrestri
1628 4653 1786 4711 etllartini.

1010 4757 1114 4812 Datum
1127 4754 1157 4809 iu
1171 4754 1245 4809 Urba
1260 4753 1347 4808 veteri
1357 4768 1517 4824 permanus
1531 4747 1663 4816 Rolandi,
1677 4746 1786 4804 sun.

975 4850 1070 4927 presb.
1089 4849 1167 4904 card.
1186 4853 1213 4902 et
1231 4846 1400 4914 cancellarii,
1417 4846 1513 4901 Idibus
1528 4843 1665 4909 Octobris,
1681 4840 1746 4897 lnd.
1758 4857 1787 4909 r,

975 4947 1086 5003 luceru.
1099 4943 1180 4998 liom.
1190 4957 1264 4997 anno
1278 4943 1356 5008 1156,
1364 4939 1491 5012 pontida.
1506 4953 1573 4993 vero
1579 4936 1694 4992 Adriani
1707 4952 1788 5008 papae

1359 5103 1410 5161 CX.

976 5209 1122 5265 Ecclesiam
1145 5205 1329 5263 Bellnnennm
1354 5200 1481 5259 mendam
1503 5201 1616 5272 suscipit
1635 5205 1661 5257 el
1681 5204 1789 5258 eanoni-

1131 5301 1223 5342 cornni
1246 5286 1315 5341 bona
1337 5300 1368 5339 uc
1388 5285 1459 5354 jusu
1482 5284 1634 5351 confirmat.

1199 5384 1241 5454 (ln
1256 5383 1331 5438 Urbe
1345 5381 1446 5452 veteri,
1501 5377 1574 5450 Oct.)

1146 5483 1286 5552 [Uasacen
1300 5484 1383 5540 ltalia
1397 5499 1487 5546 sano,
1503 5483 1534 5551 V,
1550 5480 1621 5544 ibit]

1014 5609 1154 5662 acuimus
1169 5602 1327 5674 episcopus,
1337 5616 1435 5656 sersus
1448 5615 1596 5656 servorum
1610 5600 1669 5668 liei,
1683 5597 1791 5656 dilectis

978 5722 1067 5781 xatus,
1083 5715 1154 5766 Patri
1168 5726 1252 5778 opera
1265 5711 1463 5765 reconciliatus
1479 5711 1540 5776 luit,
1553 5723 1588 5763 ex
1602 5710 1728 5776 ejusdem
1743 5709 1791 5763 Pe·

979 5791 1015 5845 tri
1028 5786 1145 5856 epistola
1157 5787 1182 5853 ι,
1198 5784 1246 5838 tlh.
1258 5797 1297 5839 ιιι.
