3750 6046
1 230 4 240 -
51 282 59 299 Ι
92 201 142 257 scs
536 172 538 177 ’
787 197 945 262 cananei
965 204 1094 261 virius
1251 160 1255 167 ’
1718 205 1773 264 sat

92 328 168 382 Tunc
192 321 331 382 haldricus
354 328 495 385 liudberto
524 330 620 385 abbati
641 331 749 401 junctis
774 331 906 388 manibus
958 346 1058 385 norem
1085 346 1227 386 annorum
1248 336 1325 398 erat,
1351 331 1460 389 mundo
1486 331 1597 404 sibique
1619 331 1771 391 abdicarit,

92 420 255 475 fidelitatem
268 421 343 490 lecit,
359 426 387 478 et
399 422 602 494 subjectionem
613 424 811 497 justitiamque
825 426 861 481 de
874 442 904 481 se
957 423 1070 495 [leoque
1095 423 1147 479 sub
1173 424 1325 480 monachili
1346 425 1419 497 jugo
1444 426 1475 481 in
1501 424 1619 480 ecclesia
1646 424 1772 480 Uticensi

91 513 204 585 suisque
224 514 388 571 horninibus
407 517 550 588 promisit,
565 521 593 573 11
609 533 792 590 summopere
807 535 843 573 ne
857 520 905 575 ho
954 516 1135 584 serviturum,
1156 517 1186 571 11
1208 516 1254 572 (111
1268 516 1426 573 festivitatis
1446 518 1582 574 Omnium
1603 519 1770 574 Sanctorum

92 623 193 662 norom
208 607 317 679 ejusde
331 612 468 681 potestate
484 610 903 684 monachorumampliuspro-
954 609 1081 665 tradidit.
1108 611 1185 666 Tunc
1212 610 1367 666 willelmus
1391 612 1558 683 praepositus
1584 612 1665 666 miles
1692 627 1773 683 egre-

89 702 199 772 jiceret,
215 703 354 775 poposcit.
370 705 425 759 Uoc
438 703 533 775 itaque
549 706 695 761 monachis
708 706 903 761 confirmanti·
954 703 1027 774 gius,
1048 703 1175 774 praedicti
1191 704 1272 776 pueri
1289 706 1455 774 avunculus,
1471 704 1620 761 ecclesiam
1634 705 1669 761 ds
1684 704 1770 776 Alge-

92 795 144 850 bus
159 799 253 851 ratum
271 796 333 867 luit,
349 802 379 852 et
395 799 454 852 tam
472 797 533 869 ipse
555 814 640 868 qnam
660 798 818 854 Rodbertus
830 799 904 853 filius
955 811 1005 850 ron
1027 812 1092 850 cum
1109 800 1168 852 tota
1189 797 1255 853 villa
1269 798 1370 854 Sancto
1388 798 1505 855 Ebrnllo
1525 798 1614 866 dedit,
1633 804 1662 855 ct
1682 814 1712 853 se
1730 803 1771 853 to·

92 889 153 960 ejus
167 906 256 962 usque
270 890 298 945 11
313 889 483 945 hodiernum
496 890 571 945 diem
585 907 636 962 pro
649 893 725 947 terra
740 892 773 946 de
787 892 904 962 Balgen·
954 896 1069 960 tamque
1090 890 1256 946 substantie
1273 908 1331 947 suos
1350 897 1461 963 partem
1479 892 1508 947 in
1527 893 1583 947 line
1602 908 1653 948 suo
1673 892 1769 948 eidem

91 982 149 1037 zaio
164 983 343 1039 solummodo
357 984 506 1039 monachis
519 984 662 1040 militarit.
955 988 1073 1054 patrono
1100 982 1222 1040 fideliter
1249 984 1368 1040 derorit.
1398 985 1493 1042 Gratia
1519 985 1566 1041 Uei
1593 985 1770 1042 Willelmum

127 1076 265 1132 Uticensis
285 1077 390 1149 quippe
409 1076 521 1132 abbatia
542 1078 572 1132 in
589 1078 722 1134 feudode
737 1079 903 1151 Balgcnzaio
958 1092 1084 1148 puerum
1121 1077 1203 1133 bonis
1235 1078 1360 1135 moribus
1389 1078 1553 1149 adornavit,
1581 1083 1610 1134 et
1644 1079 1673 1134 in
1714 1082 1771 1135 stn-

91 1170 227 1237 consistit,
244 1175 271 1225 et
284 1170 435 1243 seperatus
456 1171 598 1227 haldricus
618 1188 730 1244 magnae
746 1172 904 1228 nobilitatis
953 1169 1006 1225 diis
1029 1170 1194 1243 vigilantem
1217 1171 1325 1242 eliecit3
1348 1173 1423 1228 unde
1438 1189 1455 1228 a
1468 1172 1594 1245 praelatis
1617 1172 1675 1227 suis
1699 1172 1769 1228 Gre-

90 1264 153 1318 luit.
177 1264 247 1320 Nam
271 1264 441 1320 Gislebertus
462 1280 556 1321 eomes
579 1265 724 1334 Brionnae,
748 1281 835 1337 nepos
856 1266 902 1320 lti—
953 1263 1052 1334 gorius
1069 1265 1263 1336 cognominari
1282 1265 1399 1321 meruit.
1415 1266 1464 1321 llic
1482 1265 1511 1321 in
1535 1265 1645 1337 grando
1664 1270 1770 1321 sanctie

90 1357 187 1412 ohardi
211 1356 290 1413 ducis
313 1357 554 1427 Normanuorum,
585 1359 714 1414 Baldrico
740 1359 902 1426 Teutonico,
953 1357 1052 1412 matris
1074 1358 1203 1413 Ecclesiae
1224 1358 1377 1431 diligenter
1398 1359 1542 1427 educatus,
1563 1363 1592 1414 et
1613 1359 1771 1414 omniuoa

90 1451 215 1521 quicum
231 1450 354 1523 Wigerio
368 1452 456 1507 fratre
478 1470 527 1508 suo
545 1453 575 1507 11
595 1453 801 1509 Nonnanniam
821 1468 903 1510 rene·
954 1450 1055 1505 mundi
1072 1451 1193 1523 strepitu
1206 1456 1234 1506 et
1247 1451 1353 1506 carnali
1369 1452 1437 1507 luxu
1451 1458 1586 1522 remotos,
1604 1452 1666 1507 utili
1682 1454 1771 1509 scien-

89 1547 134 1600 rat
148 1544 287 1600 Richardo
304 1545 369 1600 duci
386 1547 500 1616 seruire,
520 1550 638 1618 neptem
654 1563 735 1603 suam
755 1547 784 1603 in
804 1547 902 1618 conJu·
955 1544 1003 1610 tia,
1016 1560 1080 1615 quae
1092 1543 1255 1615 hujusmodi
1266 1544 1396 1601 Ecclesiae
1408 1546 1475 1600 tiliis
1486 1547 1608 1601 maxime
1619 1547 1769 1619 competit,

90 1638 169 1709 gium
192 1638 284 1706 dedit,
308 1656 342 1694 ex
364 1656 421 1711 qua
442 1641 500 1696 uati
522 1646 589 1697 sunt
610 1656 659 1696 sex
679 1641 729 1696 11111
754 1647 783 1697 11
807 1641 904 1714 plures
954 1637 1768 1711 1111111111111111,[11111111111111111111111111111,

88 1731 164 1800 tiliae,
190 1732 318 1787 Nicotaus
337 1733 442 1788 scilicet
463 1734 498 1788 de
522 1735 693 1790 Baschevilla
711 1737 741 1790 et
762 1735 846 1791 Tolco
868 1732 1171 1804 dasspraecipunsque
1199 1732 1321 1804 scriptor
1350 1736 1379 1788 ct
1406 1732 1544 1788 librorum
1578 1733 1767 1790 illuminator.

87 1827 189 1895 Alnou,
204 1825 362 1883 liodbertus
376 1825 410 1882 de
427 1828 544 1883 Curceio
558 1832 588 1883 et
600 1828 756 1884 Richardus
768 1829 802 1884 de
816 1830 905 1884 Nova·
953 1824 1046 1895 Opera
1066 1841 1204 1880 manuum
1229 1826 1290 1896 ejus
1314 1825 1349 1882 ad
1376 1826 1529 1899 legendum
1554 1833 1582 1882 et
1608 1828 1769 1883 canendum

88 1920 167 1989 Villa,
193 1919 336 1975 haldricus
360 1919 395 1974 de
420 1921 587 1992 Balgenzaio
612 1927 641 1977 et
664 1921 806 1994 Wigerins
829 1925 904 1994 Apu·
953 1918 1035 1973 nobis
1048 1919 1140 1974 adhuc
1160 1918 1240 1975 valde
1260 1923 1389 1991 prosunt,
1410 1925 1438 1976 et
1452 1937 1504 1994 per
1522 1921 1622 1977 similis
1642 1922 1769 1978 exercitii

89 2013 194 2069 liensis.
212 2013 243 2067 lli
258 2012 395 2069 nimirum
408 2014 460 2069 sub
473 2015 544 2070 doce
560 2015 702 2070 Willelmo
718 2032 825 2088 magns
837 2023 904 2071 stre·
954 2010 1125 2083 probitatem
1147 2028 1198 2067 nos
1216 2029 1232 2066 o
1252 2012 1333 2068 nobis
1354 2013 1525 2069 otiositatem
1543 2013 1686 2086 depellere
1702 2030 1767 2070 eru·

90 2108 201 2162 nullate
222 2107 381 2179 riguerunt,
403 2108 554 2180 multisque
576 2109 679 2164 divitiis
697 2114 726 2164 et
749 2109 904 2164 honoribus
954 2105 1045 2160 diunt.
1072 2107 1103 2160 ln
1129 2106 1306 2161 orationihus
1332 2112 1359 2163 et
1380 2106 1484 2178 vigiliis
1509 2107 1543 2162 ab
1567 2107 1688 2162 infantia
1715 2108 1769 2163 luit

90 2201 125 2256 ab
141 2217 175 2257 eo
189 2200 271 2255 ditati
283 2201 407 2269 luerunt,
423 2205 453 2256 et
468 2201 702 2258 heredibus-suis
716 2203 823 2274 amplas
838 2219 902 2274 pos·
954 2197 1092 2265 assiduus,
1114 2203 1143 2253 et
1165 2214 1253 2272 usque
1271 2200 1306 2254 ad
1326 2206 1502 2257 senectutem
1512 2201 1629 2272 jejuniis
1649 2201 1767 2274 aliisque

90 2294 229 2349 sessiones
241 2294 271 2349 in
286 2294 459 2349 1111111111
472 2294 653 2352 dimiserunt.
955 2292 1194 2348 macerationibus
1208 2295 1299 2349 carnis
1315 2294 1462 2350 moderate
1479 2294 1614 2364 intentus,
1633 2295 1766 2351 observa-

131 2388 287 2458 Batdricus‚
303 2388 352 2458 qui
371 2387 509 2444 honorem
529 2389 563 2445 de
585 2390 750 2462 Balgenzaio
770 2406 834 2445 cum
851 2391 905 2445 Wi-
955 2388 1001 2440 tor
1015 2385 1163 2441 monastici
1179 2386 1285 2441 ordinis
1298 2387 1429 2459 diligens,
1443 2392 1471 2443 et
1484 2387 1520 2443 ad
1534 2388 1766 2460 redarguendum

92 2482 171 2556 gerio
190 2482 277 2537 fratre
296 2498 347 2537 suo
369 2483 500 2555 possedit,
516 2483 661 2539 Elisabeth
682 2500 903 2540 sororemsuam
955 2482 1059 2534 sancte
1093 2479 1207 2552 llegulae
1236 2484 1458 2552 transgressores
1485 2482 1604 2537 terrens.
1635 2482 1767 2553 Epistolas

90 2575 566 2632 111111111111111-1111111111111
587 2577 670 2633 militi
688 2579 717 2633 11
737 2578 902 2651 conjugium
955 2573 1033 2628 Pooti
1054 2579 1081 2628 et
1103 2574 1253 2629 Proverbia
1273 2574 1442 2642 Salomonis,
1463 2575 1575 2647 otiaque
1599 2577 1768 2649 quamplura

90 2669 177 2738 dedit,
193 2672 221 2725 et
234 2668 381 2725 ecclesiam
397 2669 491 2724 Sancti
505 2670 623 2737 Nicolai,
639 2686 726 2743 quam
742 2677 825 2743 pater
837 2688 904 2726 suus
955 2669 1058 2722 saoctae
1071 2666 1223 2738 Scripturas
1239 2672 1419 2740 syntagmata
1432 2669 1524 2725 tenaci
1538 2671 1687 2725 memoriae
1699 2686 1765 2726 cou-

90 2766 295 2833 construxerat,
310 2779 376 2819 cum
391 2762 532 2833 adjacenti
543 2763 634 2819 inundo
646 2765 674 2819 11
685 2765 823 2836 mariagio
839 2781 904 2820 con·
954 2759 1120 2827 tradiderat,
1143 2767 1172 2815 et
1193 2761 1223 2816 in
1246 2761 1421 2833 quotidianis
1441 2762 1634 2819 locutionibus
1653 2763 1713 2820 suis
1733 2763 1765 2819 ad

91 2857 182 2914 cessit.
199 2856 283 2911 Tulco
295 2861 402 2924 antem,
415 2855 504 2911 futuri
524 2858 660 2929 temporis
680 2874 801 2922 memor,
818 2860 905 2914 Theo·
955 2854 1184 2910 exhortationem
1198 2871 1308 2926 eorum,
1324 2856 1428 2927 quibus
1441 2857 1686 2926 confabulabatur,
1702 2874 1767 2930 pro·

93 2951 220 3008 doricum
236 2949 328 3005 silium
344 2966 439 3019 suum,
455 2966 543 3021 qrrem
560 2950 750 3006 Theodericus
768 2952 856 3007 abbas
869 2952 905 3007 de
954 2947 1073 3004 ferebat.
1088 2948 1666 3021 111111111οά11111111111111111111111
1679 2967 1767 3006 annos

92 3057 172 3101 sacro
190 3045 268 3100 fonte
287 3043 514 3111 levaverat,er
535 3044 570 3099 ad
590 3045 790 3100 monachatum
804 3047 835 3100 11
850 3062 903 3100 coe-
955 3041 984 3095 iu
1014 3041 1169 3097 monachili
1196 3042 1295 3098 ordine
1320 3045 1469 3116 transegit,
1495 3048 1524 3098 et
1548 3044 1640 3100 adhuc
1667 3051 1700 3100 11
1719 3061 1768 3117 per

93 3139 179 3194 nohio
195 3137 318 3195 Uticensi
331 3137 443 3207 obtulit,
458 3139 609 3210 ipsumque
622 3154 743 3211 puerum
758 3143 788 3193 et
800 3140 902 3209 prela·
915 3108 943 3182 C
955 3135 1062 3191 honum
1077 3136 1164 3191 finem
1181 3135 1217 3190 ad
1238 3139 1352 3192 11111111
1373 3137 1477 3210 quietis
1497 3138 1679 3194 stabilitatem
1701 3154 1766 3210 per·

92 3237 151 3288 tum
170 3231 318 3288 ecclesiam
337 3230 433 3287 Sancti
454 3229 562 3288 Nicolai
582 3248 635 3304 pro
651 3233 750 3288 anima
763 3249 823 3301 sua,
836 3233 905 3289 ami·
954 3230 1073 3284 transire
1094 3229 1193 3302 possit,
1209 3230 1260 3285 snb
1281 3231 1401 3302 hogerio
1421 3230 1534 3301 abbate,
1555 3231 1637 3288 bonis
1659 3232 1767 3289 actibus

92 3341 249 3399 corumque
272 3341 388 3381 suorum
412 3326 519 3394 salute,
542 3325 571 3380 11
594 3325 748 3398 presentia
770 3326 903 3383 liodberti
954 3322 1039 3379 solito
1052 3339 1130 3380 more
1144 3322 1256 3379 insistit.

92 3420 211 3488 abbatis,
231 3420 332 3476 Sancto
350 3418 464 3475 Ebrullo
484 3418 630 3475 concessit.
655 3420 711 3475 lloc
732 3419 819 3476 etiam
841 3422 902 3476 Bal·
989 3419 1061 3473 oum
1075 3418 1204 3474 Uticense
1220 3419 1379 3474 caenobium
1397 3424 1480 3476 aucto
1495 3424 1636 3478 conventu
1655 3437 1690 3476 11
1707 3436 1766 3478 mo·

91 3514 187 3572 dricus
207 3519 235 3570 et
256 3512 398 3586 Wigerius
428 3518 457 3568 et
483 3512 642 3568 Willelmns
669 3514 705 3569 de
731 3514 902 3581 Bona-Valle,
954 3512 1110 3567 nechoram
1128 3513 1250 3584 gloriose
1264 3513 1506 3583 corroboraretur,
1520 3516 1550 3571 et
1569 3515 1638 3571 ordo
1657 3531 1768 3572 monas·

89 3610 193 3682 aliique
213 3613 344 3681 parentes
365 3623 463 3663 eorum
485 3611 631 3680 gratanter
650 3614 861 3680 concesserunt,
876 3613 904 3664 et
953 3606 1026 3661 ticos
1039 3607 1195 3662 secundum
1213 3623 1343 3663 normam
1361 3607 1464 3664 divinae
1476 3608 1547 3681 legis
1561 3608 1669 3664 ibidem
1685 3624 1767 3682 regn·

92 3705 160 3776 ipsi,
186 3703 290 3775 aliique
311 3701 394 3757 multi
416 3701 464 3774 qui
487 3700 654 3771 adfuerunt,
679 3701 800 3773 legitimi
818 3706 904 3757 testes
954 3700 1053 3755 lariter
1066 3700 1275 3769 observaretur,
1293 3702 1377 3774 longe
1390 3702 1501 3774 lateque
1517 3702 1677 3775 procedens
1692 3704 1767 3758 fama

92 3798 290 3871 suprascripta.²
319 3795 506 3852 concessionis
536 3796 570 3850 ad
597 3795 750 3851 utilitatem
777 3797 904 3853 ecclesiae
954 3793 1101 3863 volitabat,
1121 3799 1149 3850 et
1165 3796 1268 3851 multos
1290 3795 1325 3850 ad
1347 3811 1477 3851 amorem
1497 3795 1626 3867 ejusdem
1646 3796 1768 3854 ecclesia

90 3893 268 3949 exstiterunt.
286 3891 361 3945 Tunc
380 3888 526 3960 hogerius,
545 3889 680 3945 Taucredi
702 3890 735 3945 de
757 3890 903 3946 alta-vitta
954 3888 1103 3944 invitabat.
1128 3889 1250 3953 Quidam
1272 3893 1370 3944 antem
1394 3890 1526 3962 pestifero
1549 3889 1638 3946 livore
1661 3890 1766 3948 inticis·

91 3986 175 4052 illius,
188 3984 339 4039 11111111111
354 3998 477 4054 pergens
489 3981 594 4037 ibidem
611 3983 713 4050 adluit,
729 3984 777 4055 qui
793 3989 902 4055 postca,
954 3982 1067 4051 bantur,
1081 3983 1261 4056 propriaeque
1275 3983 1392 4039 malitiae
1404 3983 1535 4040 vulnifico
1552 3982 1651 4040 missili
1668 3987 1767 4058 punie-

88 4081 203 4151 jurante
218 4077 286 4144 Deo,
301 4075 425 4132 Siciliam
446 4091 550 4146 magna
570 4093 604 4130 ex
626 4079 705 4147 parte
725 4075 859 4145 obtinuit,
875 4083 903 4132 et
954 4076 1069 4162 bantur.
1096 4076 1259 4133 Rodberlus
1282 4093 1349 4132 raro
1373 4077 1459 4133 abbas
1487 4079 1614 4150 genuina
1636 4078 1767 4154 largitate

91 4173 171 4229 Atros
190 4170 352 4242 Siculosque
365 4169 403 4240 :et
419 4169 487 4223 alias
509 4175 610 4240 gentes
632 4170 661 4224 11
683 4170 826 4227 Christum
846 4188 902 4226 non
954 4169 1098 4242 preditus,
1120 4171 1309 4243 undecunque
1331 4172 1473 4228 venientes
1495 4173 1530 4229 ad
1552 4173 1768 4230 conversionem

90 4266 250 4331 credentes,
277 4280 340 4335 quie
366 4262 515 4335 praelatam
547 4263 671 4318 insulam
704 4263 901 4331 devastabant,
954 4265 1077 4321 libenter
1092 4265 1275 4337 suscipiebat,
1289 4272 1318 4322 et
1331 4282 1452 4339 quaeque
1467 4267 1601 4323 fratribus
1614 4268 1650 4323 ad
1663 4269 1768 4324 rictum

91 4359 180 4417 armis
200 4357 309 4425 invasit,
333 4356 463 4428 protrivit
483 4362 511 4412 et
534 4357 688 4430 superavit.
710 4360 784 4414 Puer
805 4364 902 4415 autern
954 4375 1004 4414 seu
1024 4359 1156 4415 vestitum
1176 4361 1334 4416 1111111111
1354 4366 1437 4417 11111
1454 4362 1572 4417 viriliter
1588 4361 1767 4434 procurabat.

90 4451 275 4509 Theodericus
294 4450 403 4505 mundo
424 4449 612 4518 substractus,
635 4452 747 4524 erque
768 4451 1089 4554 donatus,Dltedditns
1111 4452 1247 4509 nimirum
1269 4453 1404 4511 Uticensis
1427 4456 1561 4525 ecclesia,
1580 4471 1644 4527 qnae
1661 4456 1691 4511 in
1711 4458 1767 4511 ste·

91 4543 614 4602 111111111111111111111111111111
632 4545 712 4614 vixit,
733 4549 761 4600 et
779 4562 830 4617 per
848 4546 904 4601 sin·
953 4546 998 4603 rili
1017 4563 1091 4619 pago
1112 4548 1258 4620 surgebat,
1273 4549 1308 4604 ad
1320 4554 1430 4606 tantam
1445 4549 1637 4621 dapsilitatem
1657 4548 1767 4624 praelati

90 4641 170 4715 gulos
185 4640 291 4712 grados
304 4653 393 4710 usqne
406 4638 438 4693 ad
456 4638 646 4693 sacerdotium
661 4639 788 4711 legitime
802 4656 901 4696 11111-
954 4642 1044 4696 Ρ11111
1071 4658 1130 4696 uon
1149 4641 1322 4709 sulliciehat;
1344 4643 1393 4699 sed
1413 4644 1490 4716 ipsc,
1514 4648 1545 4698 ut
1568 4642 1711 4712 diximus,
1734 4659 1766 4699 ex

91 4736 161 4792 dens
175 4734 293 4790 honeste
309 4734 367 4789 er
380 4731 516 4788 militarit.
953 4735 1100 4806 generosis
1119 4736 1284 4807 parentibus
1304 4736 1457 4808 prodierat,
1479 4743 1506 4793 et
1522 4753 1590 4809 opes
1613 4754 1713 4794 eorum
1733 4735 1767 4792 ad

127 4828 233 4884 Eodem
252 4831 382 4900 tempore
402 4826 493 4898 Wido,
512 4833 702 4899 cognomento
722 4827 838 4894 liollein,
858 4845 901 4885 se·
952 4843 1036 4883 usum
1050 4830 1264 4897 monachorum,
1279 4834 1364 4900 prout
1376 4831 1496 4898 nolebat,
1512 4831 1602 4886 amica
1618 4829 1768 4886 familiari·

89 4923 176 4980 nioris
190 4921 281 4978 Geroii
301 4937 454 4993 pronepos,
474 4937 539 4975 cnm
559 4920 703 4976 Hodierna
717 4921 837 4994 conjuge
853 4939 903 4977 111
952 4926 1009 4977 tate
1025 4924 1231 4990 consentiente,
1247 4924 1416 4996 plerumque
1431 4924 1598 4997 accipiebat.

89 5017 120 5073 in
144 5034 217 5089 pago
239 5015 422 5071 Corboniensi
447 5014 650 5071 honorabiliter
673 5015 800 5087 rigebat,
824 5017 902 5072 etin
990 5016 1067 5071 idem
1089 5018 1118 5073 11
1143 5018 1235 5089 primo
1253 5033 1328 5073 anno
1350 5019 1393 5073 sui
1415 5017 1572 5090 regiminis,
1595 5018 1663 5090 quia
1689 5025 1768 5074 vetus

90 5110 190 5166 ordine
217 5108 332 5165 militari
357 5107 461 5164 divitiis
484 5108 636 5180 ampliatus
664 5125 721 5164 rem
745 5125 828 5164 suam
854 5111 903 5167 ho
953 5111 1085 5181 ecclesia,
1120 5127 1204 5184 qnam
1239 5118 1352 5169 sanctus
1386 5112 1518 5169 Ebrullus
1550 5117 1767 5182 construxerat,

90 5208 170 5261 neate
182 5203 309 5276 regebat.
325 5203 392 5259 Uuic
406 5208 486 5258 erant
499 5203 594 5275 plures
608 5202 670 5270 lilii,
685 5204 862 5260 Normannns
875 5208 903 5261 et
953 5219 1039 5275 parra
1053 5210 1080 5260 et
1100 5205 1233 5261 rusticani
1253 5206 1347 5278 operis
1366 5210 1438 5274 1111,
1454 5206 1600 5278 ingentem
1619 5205 1767 5262 basilicam

90 5299 257 5367 walterius,
289 5298 338 5370 qui
370 5297 480 5354 militiae
512 5296 655 5353 laboribus
688 5297 900 5367 deservierunt,
954 5299 1057 5371 insigni
1080 5315 1166 5371 opere
1188 5300 1391 5372 coepit,quam
1414 5299 1574 5356 inhonore
1595 5303 1699 5356 sanctae
1719 5298 1769 5357 Uei

89 5393 252 5450 Goistredus
267 5396 425 5465 quoquest
446 5391 604 5447 Willelmus
625 5395 817 5464 cognomento
832 5393 901 5448 (111-
952 5393 1098 5466 genitricis
1121 5389 1211 5450 tlarioe
1232 5399 1407 5462 construere,
1429 5393 1583 5466 multisque
1602 5399 1766 5450 sanctorum

90 5488 197 5561 gorius,
212 5487 263 5561 qui
280 5486 383 5543 litteris
401 5484 503 5541 imbuti
518 5491 638 5541 stemma
657 5485 806 5542 sacerdotii
826 5486 900 5542 nacti
953 5487 1090 5543 altaribus
1103 5487 1240 5559 ampliare
1262 5487 1394 5544 decrerit.
1412 5489 1485 5544 Nam
1499 5490 1620 5561 propter
1632 5485 1768 5561 reliquias

90 5586 166 5640 sunt.
180 5581 317 5638 Praefatae
332 5579 414 5636 wido
428 5584 498 5635 nutu
514 5580 563 5635 Uei
576 5582 604 5635 et
616 5578 752 5636 instinctu
767 5578 900 5637 liodberti
951 5583 1127 5650 sanctornm,
1138 5597 1203 5654 quar
1214 5582 1244 5637 in
1254 5582 1341 5638 reteri
1356 5582 1476 5639 ecclesia
1488 5579 1668 5654 temporibus
1677 5578 1768 5639 111111

90 5672 210 5747 abbatis,
224 5674 340 5748 cognati
352 5666 482 5729 videlicet
494 5673 547 5741 sui,
562 5673 706 5729 Uticenses
719 5673 842 5731 miiitum
857 5673 899 5730 di·
952 5674 1057 5731 Ebrulll
1071 5675 1192 5732 conditae
1206 5680 1273 5732 sunt
1287 5674 1345 5749 (scd
1358 5690 1458 5732 eorum
1475 5674 1601 5745 nomina,
1614 5674 1663 5731 rel
1676 5677 1767 5749 gesta,

84 5770 165 5839 texit,
183 5773 211 5823 ct
232 5753 402 5825 willelmum
425 5767 515 5824 litium
538 5784 630 5838 rnoru,
652 5768 700 5842 qui
723 5771 789 5825 tunc
810 5768 900 5827 terme
952 5784 1002 5827 scu
1018 5769 1076 5827 toea
1095 5768 1279 5845 depositionis
1296 5784 1349 5846 pro
1361 5768 1718 5845 antiquitateignorautnr
1730 5766 1766 5829 eb
