3750 6046
62 178 114 234 ssi
477 172 635 237 ursionis
654 166 1065 236 susannense-eam
1085 168 1129 232 ιιι.
1145 176 1257 233 -ne
1278 168 1345 232 ιιιι.
1385 232 1387 237 ,
1696 176 1748 235 aaa

63 315 141 368 mos,
157 304 225 356 lunc
238 300 386 372 incoeptus,
398 317 486 373 usque
499 301 528 357 in
541 300 714 358 hodiernum
729 301 805 357 diem
821 317 882 372 per·
892 313 922 387 Α
931 298 1096 368 viduatam
1105 299 1207 355 timore
1221 301 1250 354 et
1262 299 1339 354 luctu
1352 296 1615 370 exigittrieunium,
1627 299 1745 355 tandem

62 409 213 461 severans,
228 394 328 450 multis
342 394 491 450 animabus
505 395 591 450 exitio
613 395 655 451 ut.
672 397 727 451 Hac
747 395 823 450 enim
845 395 880 451 de
927 397 1022 469 justus
1046 393 1162 460 arbiter,
1186 392 1235 464 qui
1258 392 1294 448 de
1315 391 1385 448 coelo
1404 391 1543 463 prospicit
1563 408 1647 464 super
1669 392 1743 448 filios

63 502 150 541 causa
161 486 283 561 cupidus
296 503 345 543 rex
360 491 487 560 pastores
502 488 629 544 ecclesiis
641 488 788 560 imponere
803 487 882 544 diue-
930 487 1091 557 hominum,
1107 489 1135 542 et
1148 486 1222 541 sidet
1235 501 1333 541 omnes
1352 485 1486 557 amplecti
1500 486 1639 542 vanitates
1658 488 1737 542 veui-

62 578 157 650 rebat,
171 585 201 636 ct
220 579 343 653 populus
361 584 481 649 rectore,
506 586 535 638 et
556 597 628 660 grex
648 585 761 653 pastore
780 597 880 636 carens
929 583 1032 650 tatum,
1046 580 1148 635 acerba
1167 579 1294 650 passione
1311 578 1430 650 perculit
1452 595 1552 651 regem
1569 579 1740 651 Anglorum,

61 673 172 745 lupinis
188 673 319 730 dentibus
333 674 458 746 patebat,
473 678 502 730 et
516 673 755 730 multimodarum
773 675 877 730 toxica·
930 673 1099 731 multimoda
1120 672 1258 728 scelerum
1278 672 1348 729 iace
1368 671 1592 745 coinquinatum.
1618 674 1742 746 AEgritu·

61 766 99 822 tis
125 766 281 823 missilibus
298 769 446 842 culparum
461 768 604 824 sauciatus
629 767 773 825 interibat.
796 767 878 823 Prin·
929 771 996 828 dine
1016 770 1103 843 igitur
1124 770 1287 837 mulctatus,
1302 769 1463 826 sacerdotes
1483 769 1598 826 Domini
1618 773 1739 828 advoca·

61 877 131 932 ceps
152 860 259 933 itaque,
276 861 365 917 nimia
388 861 545 932 cupiditate
568 862 704 934 flagrans,
720 878 771 917 suo
790 861 880 917 inlcrt
928 864 979 931 vit,
992 862 1187 936 spiritualibus
1200 862 1347 918 archiatris
1366 862 1471 919 animae
1489 879 1547 918 suae
1560 863 1655 919 ulcera
1669 881 1737 922 con-

62 953 169 1009 aerario
184 955 279 1026 largas
293 971 370 1027 opes,
386 970 455 1027 quas
476 956 604 1012 Ecclesiae
622 955 672 1012 Dei
692 957 839 1027 gratanter
851 957 880 1011 et
929 957 1051 1012 sessione
1064 954 1230 1026 denudavit,
1246 955 1477 1012 emendationem
1487 957 1551 1012 sitae
1561 957 1702 1029 promisit,
1713 962 1742 1015 ιι

62 1045 169 1103 ιιιιοιι
178 1047 439 1120 dederuntantiqui
449 1048 605 1120 bnglorum
614 1064 706 1121 reges,
719 1048 880 1103 Edilbertus
929 1049 1131 1107 ecclesiasticos
1141 1052 1265 1105 rectores
1276 1049 1434 1104 secundum
1443 1050 1619 1106 voluntatem
1629 1052 1741 1109 Domini

61 1138 172 1196 scilicet
194 1157 227 1196 ac
250 1140 388 1210 Eduinus,
405 1139 465 1196 ona
487 1157 601 1213 quoque
623 1157 654 1196 ac
673 1141 815 1210 lithulfus,
830 1140 878 1195 El·
928 1143 1173 1215 archiepiscopum
1192 1142 1298 1214 eligere
1322 1142 1469 1214 praecepit.
1489 1144 1567 1198 Tunc
1585 1145 1659 1200 inste
1682 1148 1739 1201 Αιι·

61 1233 161 1289 iredus
175 1239 204 1289 et
215 1234 354 1306 Edgarus,
368 1233 474 1306 aliique
490 1233 631 1306 principes
644 1250 710 1290 cum
725 1234 783 1289 suis
804 1233 878 1306 opti·
928 1236 1034 1291 seimus
1050 1235 1229 1290 beccensium
1244 1234 1332 1290 abbas
1352 1251 1403 1305 pro
1424 1234 1592 1292 utilitatibus
1608 1237 1740 1294 Ecclesiae

60 1326 199 1382 motibus.
221 1327 262 1382 illi
284 1327 432 1396 nimirum,
447 1326 484 1381 ed
503 1327 592 1383 iidem
612 1327 723 1384 noviter
737 1327 875 1394 conversi,
927 1345 987 1385 suas
1014 1327 1043 1382 in
1066 1328 1199 1400 angliam
1221 1327 1466 1383 transfretaverat.
1489 1330 1591 1385 Audita
1610 1330 1740 1402 jussione

61 1421 154 1475 Deum
177 1420 300 1476 fideliter
322 1421 484 1488 coluerunt,
508 1423 537 1476 et
558 1421 593 1476 de
615 1420 672 1475 suis
693 1419 878 1476 abundantiis
927 1421 1004 1493 regis
1029 1421 1064 1476 de
1087 1420 1307 1492 metropolitani
1330 1421 1481 1484 electione,
1507 1427 1602 1478 sancta
1624 1425 1744 1481 Ecclesia

60 1512 215 1569 monachis
228 1518 256 1569 et
268 1513 377 1570 clericis
388 1512 540 1569 aitluenter
552 1512 646 1584 largiti
662 1517 749 1583 sunt;
765 1518 798 1568 ut
813 1528 876 1584 spe·
927 1513 1087 1583 exsultavit,
1107 1516 1285 1570 conventum
1309 1513 1452 1569 seniorum
1473 1530 1528 1569 una
1547 1519 1741 1590 congregavit,

59 1608 146 1663 ciales
159 1606 283 1663 ministri
296 1623 382 1663 ιιιιιι
402 1606 473 1679 legis
487 1607 599 1678 copioso
619 1605 695 1661 victu
710 1606 785 1678 pasti
806 1621 876 1678 gau·
928 1611 957 1664 et
975 1606 1010 1662 de
1024 1605 1143 1679 negotio
1157 1622 1210 1678 pro
1225 1622 1282 1678 qun
1296 1608 1501 1677 convenerant,
1515 1611 1633 1665 hortare
1645 1612 1740 1683 coepit.

60 1699 175 1768 darent,
192 1700 302 1772 licique
315 1701 423 1755 cultum
437 1699 542 1772 absque
556 1699 614 1755 ulla
627 1698 804 1754 recusatione
825 1714 878 1755 no·
889 1676 917 1749 Β
928 1700 1068 1767 Tandem,
1085 1698 1267 1756 considerata
1279 1699 1425 1756 sanctitate
1435 1705 1463 1755 ιι
1477 1700 1616 1772 sapientia
1625 1720 1742 1761 venera·

58 1796 105 1849 cte
123 1793 229 1867 dieque
247 1793 381 1849 alacriter
398 1799 580 1865 peragerent,
596 1795 626 1848 et
640 1793 669 1848 in
684 1792 755 1849 locis
769 1791 877 1848 consti·
927 1793 991 1849 bilis
1010 1793 1145 1860 anselmi,
1160 1791 1346 1848 concorditer
1365 1808 1465 1848 omnes
1483 1793 1576 1866 ipsum
1592 1795 1742 1868 elegerunt

57 1887 264 1943 tutiscelebres
275 1887 409 1943 excubias
419 1886 476 1942 ileo
487 1885 683 1942 indesinenter
693 1885 875 1943 exhiberent.
926 1886 1088 1943 innomine
1103 1885 1225 1955 Domini,
1241 1884 1421 1959 multumque
1440 1887 1623 1959 renitentem,
1639 1906 1739 1947 secun·

57 1980 129 2036 illuc
145 1980 291 2053 peregrini
305 1983 335 2035 ct
352 1979 475 2035 viatores
490 1979 582 2035 securi
597 1979 759 2048 veniebant,
774 1983 803 2036 et
820 1979 876 2034 ibi·
926 1980 995 2036 dum
1008 1995 1119 2036 morem
1134 1978 1364 2048 ecclesiasticum,
1380 1988 1604 2053 preposuerunt
1617 1985 1739 2042 ΰιιιιιιιι-

60 2074 130 2129 (ιιιιι
146 2077 212 2147 post
226 2072 354 2129 laborem
369 2073 453 2128 citam
468 2073 697 2144 repausationem
711 2072 876 2140 sumebant,
926 2073 1034 2130 riorum
1044 2071 1205 2144 metropoli.
1218 2072 1428 2129 inthronizatus
1438 2074 1536 2147 itaque
1548 2077 1636 2132 solers
1646 2084 1742 2150 pastor

58 2171 148 2238 atque
162 2169 230 2239 post
241 2166 370 2224 inediam
385 2166 503 2222 uberem
520 2166 685 2222 alimoniam
704 2182 740 2221 ex
761 2165 876 2222 institu-
925 2166 1091 2238 irequenter
1103 2165 1255 2237 ingemuit,
1269 2164 1428 2237 prudenter
1447 2169 1631 2240 perpendens
1652 2188 1741 2244 quam

58 2261 138 2317 tione
160 2259 313 2332 principali
335 2259 528 2331 reperiebant.
551 2259 641 2332 lgilur
668 2276 701 2315 ex
729 2259 876 2331 insperato
926 2276 1013 2332 grase
1027 2259 1256 2330 elpericulosum
1273 2259 1385 2330 pondus
1400 2261 1435 2316 ad
1459 2262 1634 2334 portandum
1647 2281 1741 2322 susce·

58 2353 209 2421 consolati,
227 2354 282 2409 ileo
301 2352 405 2424 gratias
421 2353 555 2425 agebant,
569 2358 598 2408 et
615 2369 667 2424 pro
686 2351 873 2409 benefactori·
925 2353 1009 2424 perit.
1027 2353 1087 2407 Non
1108 2351 1312 2407 intumescebat
1332 2368 1384 2423 pro
1404 2353 1448 2408 sui
1465 2354 1676 2422 sublimatione,
1690 2358 1740 2414 sed

58 2446 124 2515 bus,
138 2446 190 2518 qui
204 2446 372 2518 longe-ante
386 2449 496 2502 tantum
510 2445 562 2502 sibi
575 2445 744 2519 suffragium
763 2461 874 2518 praepa·
925 2445 1083 2518 trepidabat
1104 2461 1155 2516 pro
1176 2445 1333 2500 multorum
1355 2445 1524 2518 perditione,
1547 2463 1617 2520 quos
1637 2466 1654 2506 a
1673 2451 1738 2523 lege

58 2543 208 2608 reserant,
220 2540 383 2596 Creatorem
397 2539 527 2596 omnium
542 2539 589 2612 pie
603 2539 770 2596 exorabant.
925 2539 975 2594 liei
989 2538 1104 2594 videbat
1116 2538 1248 2593 aberrare
1261 2554 1311 2592 sua
1323 2539 1375 2594 sub
1390 2539 1611 2611 gubernatione.
1625 2545 1657 2600 ln
1667 2545 1737 2601 dite-

93 2638 256 2707 Anthuam
274 2633 431 2689 Normanni
449 2633 583 2704 angliam
597 2633 798 2702 obtinuissent,
814 2649 876 2689 mos
925 2632 983 2687 cesi
1008 2648 1058 2687 sua
1084 2630 1172 2687 multa
1196 2630 1366 2703 corrigenda
1394 2635 1547 2704 perspexit.
1573 2637 1738 2695 Peccantem

57 2734 121 2786 erat
134 2732 178 2798 ιιι,
192 2728 261 2784 (ιιιιιι
276 2730 401 2784 rectores
416 2726 601 2783 ecclesiarum
621 2727 744 2797 obirent,
761 2726 872 2799 episco·
924 2741 1034 2798 regens,
1056 2728 1206 2798 torvosque
1226 2740 1361 2796 proceres
1385 2743 1459 2799 saepe
1484 2728 1634 2801 corripuit.
1658 2732 1738 2789 Unde

56 2839 111 2895 pus
133 2820 342 2889 coenobiorum,
361 2837 427 2892 quae
450 2820 479 2875 ιιι
503 2837 554 2875 sua
575 2821 687 2877 diaecesi
712 2827 804 2888 erant,
830 2836 875 2876 res
924 2820 1047 2892 plurima
1068 2820 1104 2875 ab
1124 2820 1165 2876 eis
1185 2822 1302 2877 adversa
1324 2818 1399 2888 tulit,
1420 2826 1448 2875 et
1471 2838 1523 2893 pro
1539 2823 1599 2879 zelo
1618 2824 1738 2895 justitias

57 2916 180 2972 sollicite
194 2914 377 2982 describeret,
391 2917 418 2969 et
440 2914 619 2970 subditione
643 2931 703 2982 sua,
717 2914 807 2970 donec
823 2914 873 2970 ab·
924 2913 969 2969 bis
988 2914 1135 2970 exsulavit.
1161 2915 1247 2971 Dictis
1269 2917 1298 2969 et
1318 2915 1454 2987 exemplis
1478 2916 1648 2974 salutaribus
1671 2937 1736 2992 per·

56 3010 138 3065 hales
157 3009 288 3081 legitime
312 3007 523 3077 ordinarentur,
545 3008 711 3064 custodiret.
735 3008 876 3064 Similiter
885 3024 1018 3129 Cverses
1041 3024 1134 3063 mores
1158 3009 1339 3064 subditorum
1364 3010 1520 3066 emendare
1544 3013 1661 3082 studuit,
1687 3015 1737 3072 sed

56 3102 287 3175 archiepiscopus
308 3100 443 3173 episcopii
461 3119 533 3169 res,
558 3102 686 3158 antistite
714 3102 872 3172 defuneto,
925 3101 1060 3156 obdurata
1080 3102 1270 3173 quorumdam
1290 3101 1449 3174 iniquitate,
1463 3102 1492 3158 in
1509 3104 1606 3160 multis
1622 3122 1679 3163 non
1699 3108 1737 3164 si·

56 3196 201 3264 servabat,
215 3199 245 3251 et
263 3195 435 3267 paoperibus
447 3196 492 3250 vel
507 3195 655 3252 structuris
675 3195 872 3265 basilicarum,
923 3197 972 3249 cut
992 3193 1125 3249 voluisset
1148 3193 1279 3265 proiecit.
1299 3197 1422 3251 Peruersi
1435 3196 1552 3269 quippe,
1568 3199 1640 3257 sicut
1659 3200 1737 3259 Salo·

55 3292 97 3348 ιιι
109 3289 178 3346 aliis
187 3288 273 3347 bonis
286 3287 429 3360 operibns,
443 3289 635 3346 cumconsilio
648 3289 872 3345 domesticorum
924 3304 994 3344 mon
1009 3288 1059 3355 ait,
1081 3288 1193 3359 diffinite
1212 3291 1395 3358 corripuntnr,
1408 3293 1434 3346 et
1451 3291 1597 3348 stulterum
1613 3297 1735 3366 infinitus

56 3384 189 3457 ejusdam
209 3381 346 3451 molesia,
361 3381 546 3438 distrahebat.
561 3383 640 3438 lluno
660 3382 786 3452 prolecto
808 3398 872 3438 me·
922 3382 1255 3453 estnnmcrnslliccte.,1,
1274 3382 1328 3452 lt).

56 3493 118 3534 rem
127 3474 298 3534 Guillelmus
308 3474 394 3531 Rufus
407 3475 443 3531 ab
452 3475 534 3532 initio
545 3475 625 3548 regni
633 3476 678 3531 sui
688 3476 873 3548 persuasione
923 3497 964 3554 ιχ,
986 3498 1142 3555 puppem
1160 3513 1210 3553 ,Μ
1227 3499 1373 3554 Rogermm
1388 3501 1505 3567 mmm
1521 3516 1600 3558 mm
1615 3506 1646 3559 in
1663 3507 1735 3565 ΝΜ.

57 3569 222 3627 flambardi
242 3568 374 3637 abolevit,
395 3571 424 3624 ιι
442 3568 695 3641 metropolitanam
713 3569 873 3626 cantuariae
958 3581 1071 3634 mannia
1084 3577 1197 3649 alwredi
1210 3579 1368 3634 meditatur,
1384 3608 1418 3623 ..
1430 3582 1464 3634 ῃ,
1474 3584 1623 3652 prmum
1635 3587 1735 3643 pober,

54 3665 153 3723 ιιιιιιιι
166 3664 230 3719 sina
243 3661 376 3735 pontillce
385 3662 476 3718 tribus
486 3662 569 3718 annis
584 3678 644 3718 esse
657 3662 734 3731 lecit,
749 3662 870 3735 ejusque
959 3663 1015 3714 tuni
1029 3661 1235 3716 cenomanenses
1248 3661 1406 3727 inserpunt.
1419 3689 1453 3701 -
1476 3661 1557 3716 Falco
1571 3677 1655 3720 comcs
1676 3668 1737 3722 An·

55 3756 188 3815 redditus
211 3755 270 3812 suis
290 3755 433 3811 thesauris
460 3756 569 3811 intulit.
595 3756 736 3827 injustum
762 3755 870 3829 quippe
958 3738 1127 3808 attalem·
1573 3813 1575 3816 ,

55 3851 179 3920 ridetur,
195 3847 333 3922 omnique
352 3849 455 3905 radoni
477 3850 653 3905 contrarium
673 3852 704 3904 ιιι
718 3849 796 3922 quod
814 3850 872 3904 lieo
959 3851 991 3906 in
1004 3848 1105 3905 diebus
1117 3847 1174 3905 illis
1189 3849 1279 3923 [luas]
1297 3851 1416 3906 lucerua
1427 3867 1505 3908 verae
1518 3853 1675 3910 sanctitatis
1689 3855 1737 3912 ob·

56 3944 156 4002 datum
173 3949 218 4000 est
231 3942 361 4000 fidelium
379 3942 550 3998 liberalitate
571 3943 744 4014 principum,
759 3942 804 3998 sel
825 3958 871 3998 so·
922 3943 1033 3999 scurias
1048 3943 1170 4000 micabat
1187 3960 1261 4016 pene
1274 3944 1384 4001 cunctis
1398 3944 1428 4000 ιιι
1447 3946 1605 4016 ordinibus,
1621 3951 1737 4006 mundi·

57 4038 141 4095 tertia
161 4037 392 4110 dispensatorum
411 4035 606 4091 ecclesiastieae
628 4035 670 4092 rei
692 4034 874 4092 laudabiliter
923 4053 979 4109 que
998 4036 1140 4110 principes
1157 4053 1221 4093 cum
1238 4037 1371 4109 subjectis
1385 4039 1549 4112 agminibus
1560 4040 1740 4101 inherebant
1814 4100 1821 4114 ,

56 4139 97 4190 ιιι
112 4136 244 4199 auctum,
258 4130 353 4186 denuo
367 4128 418 4185 sub
439 4126 535 4185 laicali
553 4144 642 4185 manu
659 4128 830 4198 retrahatur,
844 4131 874 4185 et
923 4129 1082 4186 tenebrosis
1109 4130 1254 4202 operibus.
1281 4131 1449 4188 Guillelmus
1472 4134 1586 4203 Rufus,
1613 4135 1738 4194 bibionis

55 4224 85 4282 in
106 4224 236 4282 nehrios
254 4223 348 4279 sacuh
375 4238 443 4279 usus
467 4222 649 4278 distrahatur.
677 4221 874 4278 indubitanter
923 4239 985 4292 rer,
995 4223 1111 4294 juvenis
1123 4229 1185 4280 erat
1198 4228 1347 4297 protervus
1359 4230 1389 4281 et
1406 4227 1535 4298 lascivus,
1550 4244 1636 4301 quem
1653 4231 1739 4288 nimis

55 4316 232 4375 ιιιιιιιιιιιιιιι
245 4316 387 4388 estquod,
402 4316 473 4372 sicut
483 4315 534 4384 illi,
550 4316 600 4387 qui
615 4315 672 4370 Deo
685 4315 721 4370 de
737 4314 796 4370 suis
811 4315 874 4387 opi·
923 4316 1068 4372 inhianter
1081 4317 1328 4389 prosequebantur
1337 4319 1453 4392 agmina
1466 4323 1635 4392 populorum
1647 4323 1740 4397 impu·

55 4409 107 4467 bns
131 4410 181 4484 pie
201 4409 354 4474 dederunt,
372 4409 432 4480 jam
458 4408 676 4465 retributionem
699 4408 1138 4499 meritorudeieismeribus.
1155 4411 1324 4481 Imperiosus
1341 4417 1370 4468 et
1388 4412 1483 4468 audax
1502 4418 1587 4487 atque
1603 4416 1739 4473 militaris

55 4503 181 4561 donante
193 4505 250 4560 beo
266 4505 446 4575 receperunt,
462 4503 501 4557 sic
514 4501 643 4573 sacrilegi
662 4517 812 4558 sacrorum
826 4502 869 4557 in·
924 4508 996 4570 erat,
1012 4507 1040 4558 ιι
1053 4502 1237 4559 multitudiue
1257 4504 1380 4560 militum
1395 4522 1532 4578 pompose
1551 4507 1736 4580 tripudiabat.

55 4614 181 4666 rasores,
205 4597 298 4652 ultore
321 4597 386 4664 Deo,
410 4596 576 4668 punientur,
603 4595 774 4667 opibusque,
802 4612 874 4667 quas
923 4595 1029 4652 blilitire
1043 4596 1134 4651 titulis
1149 4597 1351 4669 applaudebat,
1368 4598 1482 4672 illisque
1503 4602 1736 4672 propterfastum

55 4692 163 4764 injuste
175 4689 335 4764 possident,
349 4706 414 4745 cnm
425 4689 490 4762 jugi
506 4689 647 4744 dedecore
660 4687 870 4762 spoliabuntur.
923 4690 1089 4745 secularem
1105 4689 1260 4745 admodum
1273 4691 1393 4748 favebat.
1411 4693 1551 4765 Pageuses
1564 4699 1663 4751 contra
1677 4697 1732 4752 mi·

54 4783 267 4858 omnipotentis
288 4781 366 4839 euim
386 4783 431 4839 lex
449 4788 557 4839 eterna
578 4786 621 4838 est
641 4785 670 4837 ιι
689 4798 767 4840 vera.
781 4781 871 4853 Unde,
923 4783 986 4839 lites
1006 4783 1159 4840 defendere
1179 4784 1354 4856 negligebat,
1368 4801 1491 4858 quorum
1512 4790 1736 4861 possessionesa

54 4879 127 4935 sicut
138 4877 261 4950 justitiae
274 4875 430 4932 cultoribus
449 4876 572 4947 gratiosa
592 4876 743 4948 pollicetur
766 4876 872 4948 stipen-
922 4878 980 4932 suis
998 4877 1139 4934 tironibus
1156 4882 1186 4933 ιι
1203 4879 1355 4950 armigeris
1374 4880 1491 4952 impune
1514 4882 1652 4940 devastari
1671 4900 1735 4957 per·

55 4972 109 5046 dia,
126 4973 169 5028 sic
185 4972 444 5044 transgressoribus
458 4987 510 5043 pro
528 4972 664 5043 nequitiis
678 4971 739 5026 dira
751 4972 872 5027 commi·
922 4971 1062 5028 mittebat.
1080 4971 1196 5027 Tenacis
1211 4973 1368 5041 memoriae,
1382 4977 1410 5029 ιι
1430 4975 1556 5033 ardentis
1576 4977 1612 5033 ad
1628 4979 1737 5036 bonum

54 5072 139 5124 natur
152 5065 303 5138 supplicia.
318 5065 349 5121 ln
364 5064 442 5119 omui
462 5064 567 5136 pagina
581 5064 683 5120 divinae
696 5064 873 5121 auctoritatis
922 5080 971 5120 seu
985 5064 1091 5120 malum
1104 5067 1258 5121 volirntatis
1276 5072 1347 5122 erat.
1361 5067 1505 5124 Terribilis
1524 5070 1634 5127 iuribus
1652 5076 1682 5128 et
1695 5073 1735 5130 la·

55 5158 253 5219 misericordia
264 5162 293 5214 at
306 5157 409 5213 veritas
421 5158 626 5230 praedicantur,
643 5163 672 5214 ιι
686 5159 749 5213 luce
769 5158 872 5214 clarius
921 5158 1060 5214 trunculis
1080 5159 1258 5231 imminebat,
1274 5177 1432 5234 pacemque
1452 5180 1586 5220 serenam
1610 5184 1663 5240 per
1674 5167 1737 5223 sub·

54 5256 132 5313 omni
153 5253 270 5311 erudito
289 5250 519 5307 manifestantur.
539 5251 641 5307 Mirum
655 5267 724 5323 ergo
740 5252 871 5324 estquod
918 5251 1029 5324 jectam
1052 5253 1200 5325 regionem
1218 5255 1322 5309 servari
1344 5256 1474 5312 valenter
1488 5260 1617 5330 cogebat.
1632 5260 1738 5319 Omnes

54 5348 218 5407 humanam
237 5362 286 5402 cor
301 5346 331 5401 in
346 5345 424 5402 nefas
442 5349 500 5400 tam
514 5344 596 5401 facile
612 5343 741 5414 labascit,
757 5347 785 5400 et
808 5346 872 5417 plus
921 5345 1028 5402 incolas
1042 5345 1122 5419 regni
1136 5347 1177 5402 sui
1193 5350 1244 5403 aut
1262 5347 1351 5404 illexit
1364 5349 1507 5424 largitate,
1523 5356 1573 5410 aut
1591 5371 1735 5428 compres-

54 5442 208 5514 prasentia
220 5443 251 5498 et
265 5440 383 5509 caduca,
401 5454 487 5513 quam
500 5438 597 5495 lutura
608 5441 637 5495 et
649 5443 787 5510 perpetua
802 5454 869 5494 con·
921 5439 958 5495 sit
972 5441 1077 5497 virtute
1090 5446 1120 5496 et
1134 5445 1257 5512 terrore,
1274 5448 1305 5499 ut
1327 5443 1425 5501 nullus
1443 5451 1544 5503 contra
1559 5464 1625 5504 euin
1647 5449 1737 5506 aude·

55 5534 184 5610 cupiscit,
199 5534 271 5591 dum
285 5533 384 5590 omnia
398 5533 495 5588 divino
509 5538 607 5605 patere
619 5532 744 5601 obtutui,
758 5536 786 5589 ιι
798 5532 872 5589 nibil
922 5538 966 5589 ret
978 5533 1073 5607 aliquo
1088 5535 1173 5591 modo
1189 5535 1304 5592 mutire.

56 5629 178 5686 adirino
192 5627 324 5684 examine
335 5626 523 5682 indiscussum
537 5626 658 5681 evadere
673 5625 795 5681 noverit.
957 5627 1147 5683 Couilrmatus
1161 5630 1257 5702 itaque
1271 5630 1301 5686 in
1322 5646 1422 5703 regno,
1438 5634 1546 5690 turmas
1567 5637 1737 5708 optimatum

88 5724 246 5798 Postquam
267 5719 530 5776 Dorobernensium
553 5718 728 5791 metropolis,
749 5717 870 5790 presule
922 5719 1030 5789 ascivit,
1044 5723 1074 5776 et
1090 5721 1258 5779 Guentoniae
1272 5726 1468 5798 congregatis,
1482 5743 1548 5800 quae
1568 5729 1745 5785 intrinsecus
1846 5730 1850 5735 '
