3750 6046
105 194 154 253 tlt
786 192 945 251 DRDElthl
966 192 1094 249 stratis
1731 196 1780 253 na

108 315 290 390 sepultusque
303 322 346 374 est
359 318 388 374 iu
401 318 516 374 basilica
531 321 560 376 B.
577 318 698 391 Dionysii
712 319 845 391 martyris
862 320 913 374 Pa·
927 314 1073 406 Adinam.
1098 314 1234 370 Desinens
1259 320 1356 369 autam
1384 315 1515 388 persequi
1539 315 1602 372 illos
1627 317 1781 374 Lotharius

106 412 199 466 risius.
223 412 273 467 Cui
296 417 492 468 successerunt
510 413 561 468 Filii
580 413 651 483 ejus,
676 414 756 484 liugn
776 413 915 482 videlicet,
967 424 1027 476 rex,
1042 424 1170 463 reversus
1184 414 1225 463 est
1239 408 1268 463 in
1285 408 1432 464 Franciam
1445 426 1512 465 cuna
1527 426 1636 482 magna
1648 409 1779 468 victoria.

106 505 171 560 Dtto
185 509 214 559 at
229 506 386 574 ilainricns,
402 508 462 562 nati
477 524 509 561 ex
524 507 582 561 iilia
594 506 712 574 Dttonis,
730 507 803 576 regis
816 507 916 562 Saxio-
966 503 1030 557 Dttn
1053 518 1119 557 vcro
1140 503 1305 573 imperator,
1325 518 1391 556 cum
1413 502 1457 557 his
1471 503 1519 575 qui
1537 510 1697 575 evaserant,
1716 521 1780 562 cum

105 614 219 654 norum.
236 601 315 671 tingo
335 601 391 655 dux
408 602 579 655 Francorum
600 599 716 654 edoctus
736 607 787 666 ast,
802 602 831 655 et
852 601 916 655 Dtto
967 610 1072 666 magna
1093 595 1259 651 contusione
1283 611 1411 650 reversus
1437 602 1478 651 cst
1504 597 1538 652 ad
1566 597 1693 669 propria.
1717 599 1781 654 Post

106 692 161 747 dur
179 693 426 764 Burgundionum.
444 692 579 747 Defuncto
592 694 692 748 Ottoue
705 693 775 747 duce
790 694 916 764 Durgun-
966 688 1037 758 baec,
1054 704 1111 743 nou
1123 688 1256 761 apposuit
1269 689 1342 744 ultra
1358 688 1422 744 ouo
1435 689 1594 762 imperator
1608 691 1718 761 venire,
1732 699 1781 750 aut

106 785 240 852 dionum,
256 786 387 840 successit
400 785 544 839 ilainricus
554 786 640 840 irater
655 787 725 856 ejus.
966 785 1037 856 ipse,
1054 788 1103 840 aut
1117 786 1256 841 exercitus
1270 786 1342 857 ejus,
1359 785 1387 840 in
1400 786 1560 843 Franciam.
1572 790 1603 845 ln
1616 789 1679 862 ipso
1692 807 1779 860 anno,

143 879 201 934 Sub
215 880 277 950 ipso
295 883 422 950 tempore
439 879 529 933 oritur
548 879 690 934 contentio
705 879 780 934 iuter
795 881 914 952 dnscgi-
966 878 1128 950 pacilicatus
1154 884 1195 933 est
1221 880 1368 934 Lotharius
1394 897 1442 934 rex
1469 882 1664 938 comotione
1700 899 1778 955 rege,

106 989 167 1027 sum
184 973 348 1044 episcopum
362 974 525 1039 Tracarnm,
542 976 571 1026 et
584 972 757 1028 Rodbertum
771 973 912 1028 comitem.
966 973 1059 1028 nemis
1072 972 1194 1041 civitate,
1209 975 1305 1027 contra
1319 973 1496 1028 voluntatem
1511 975 1637 1046 lingonis
1650 982 1680 1032 et
1693 977 1776 1033 flain-

106 1064 217 1134 Ejactus
232 1080 298 1118 aero
312 1080 344 1118 ex
356 1064 466 1119 civitate
480 1065 633 1136 ansegisus
646 1066 794 1137 episcopus
808 1083 826 1121 a
840 1067 912 1121 ltod-
966 1064 1016 1120 rici
1037 1064 1131 1119 fratris
1157 1066 1227 1137 ejus,
1254 1072 1409 1139 contraque
1437 1067 1613 1122 voluntatem
1640 1070 1791 1129 exercitus.

103 1157 183 1212 berto
207 1158 318 1225 comite,
343 1159 469 1228 penurit
493 1158 521 1214 in
547 1159 697 1214 Saroniam
721 1161 756 1214 ad
777 1159 913 1215 Ottonern
965 1157 1018 1212 soi.
1038 1156 1119 1212 Dedit
1139 1158 1288 1214 Lotharius
1312 1176 1361 1214 rex
1382 1160 1477 1215 Ottoni
1501 1161 1565 1233 regi
1585 1161 1618 1217 in
1640 1161 1779 1219 beneticio

104 1249 319 1321 imperatorem,
333 1252 534 1323 adducensque
546 1252 678 1320 Saxones,
689 1270 787 1307 mense
801 1253 914 1308 Octobri
966 1251 1133 1306 liutharium
1151 1267 1283 1322 regnum.
1300 1252 1369 1317 Quae
1386 1268 1470 1308 causa
1490 1254 1584 1326 magis
1603 1255 1778 1313 contristarit

105 1343 217 1398 obsedit
231 1344 373 1399 civitatem
392 1347 491 1401 Trecas
511 1346 596 1418 longo
613 1350 750 1417 tempore.
766 1346 915 1402 Venientes
965 1344 1052 1399 corda
1064 1344 1226 1418 principum
1243 1346 1427 1401 Francorum.

104 1440 201 1491 autem
230 1439 259 1492 in
286 1439 410 1509 praedam
434 1439 563 1508 senonis,
577 1445 760 1495 occurrerunt
782 1439 837 1494 illis
864 1442 913 1497 ilr-
1000 1443 1080 1492 Anno
1105 1440 1156 1492 976
1181 1438 1251 1493 obiit
1273 1438 1422 1494 Lotharius
1444 1455 1491 1494 rer
1510 1439 1572 1511 jam
1596 1457 1693 1512 senex,
1717 1443 1779 1515 ple·

103 1531 288 1586 chernbaldns
302 1532 533 1603 archiepiscopus
545 1540 573 1587 et
588 1534 747 1589 [tainardus
760 1550 855 1588 comes
868 1551 915 1589 aa·
964 1546 1073 1602 nusqne
1097 1531 1219 1599 dierum,
1238 1531 1423 1604 sepultusque
1444 1538 1487 1587 est
1507 1533 1536 1587 in
1560 1532 1676 1590 basilica
1699 1536 1778 1592 Beati

102 1624 189 1690 tulus,
204 1641 268 1679 cum
283 1640 389 1695 magno
405 1627 572 1681 exercituin
588 1626 709 1699 incoqui
729 1631 844 1682 vocatur
857 1628 912 1682 llil·
964 1623 1085 1694 Remigii
1107 1625 1215 1679 Remis.
1237 1625 1288 1679 Cui
1306 1625 1439 1680 successit
1461 1625 1617 1682 ludovicus
1630 1627 1706 1683 filius
1718 1630 1779 1701 ejus

102 1716 177 1786 lare;
197 1718 412 1789 interfectisque
431 1719 596 1787 saxonibus,
613 1736 678 1774 cnm
693 1719 764 1776 dirce
784 1737 835 1775 suo
850 1722 911 1776 ilel-
924 1696 1084 1788 Bjuvenis.

100 1827 175 1881 ponc
209 1812 344 1879 nomine,
377 1813 553 1868 senonenses
586 1813 755 1868 exstiterunt
783 1814 912 1870 victores.
998 1810 1663 1887 AunoDiiobiitLudovicusrexjuvenia,qui
1681 1831 1796 1888 regna.

100 1904 215 1960 Dixerat
241 1906 316 1960 euim
342 1907 428 1977 Helpo
463 1907 644 1961 incensurum
672 1924 702 1961 se
729 1907 857 1962 ecclesias
884 1912 914 1963 et
963 1904 1603 1977 vitinFranciaannisvr.sepultnsestvero
1619 1907 1778 1965 inbasilica

101 1998 190 2066 villas,
211 2016 275 2070 quar
297 2003 363 2054 sunt
385 2016 470 2071 super
492 2002 604 2055 Venena
624 2000 751 2068 Durium,
765 2017 856 2073 usquo
877 2002 911 2056 ad
963 1997 1042 2052 Beati
1066 1997 1189 2053 Cornelii
1214 1997 1398 2070 Compendio.
1423 1999 1474 2056 Cui
1502 2000 1637 2057 successit
1661 2002 1778 2059 Carolus

101 2092 254 2161 civitatem,
280 2092 457 2165 infigereque
483 2094 610 2150 lanceam
640 2111 719 2150 suam
742 2095 771 2150 in
800 2101 909 2166 portam
962 2090 1363 2162 fraterejus,filiusiotharii
1379 2091 1780 2164 regisliodemannorebel·

100 2184 196 2240 Sancti
218 2185 329 2241 Leonis.
345 2186 509 2242 Interiectus
531 2190 629 2242 autem
650 2204 714 2243 cum
736 2189 841 2260 populo
860 2204 911 2243 suo
961 2183 1029 2239 lavit
1047 2188 1145 2239 contra
1158 2184 1289 2241 Carolum
1300 2185 1382 2256 nugo
1391 2184 1448 2240 dux
1462 2186 1647 2256 Francorum,
1657 2204 1692 2244 eo
1702 2192 1777 2262 quod

98 2295 114 2332 a
137 2279 358 2347 senonensibus,
385 2285 548 2351 reportatus
571 2281 664 2336 estin
688 2282 810 2353 patriam
830 2298 910 2337 suam
960 2278 1113 2349 accepisset
1134 2277 1252 2333 Carolus
1273 2278 1361 2333 liliam
1386 2278 1514 2335 Herberti
1537 2281 1652 2337 comitis
1676 2285 1778 2339 Treca·

97 2371 262 2426 Ardcnnam
285 2389 302 2426 a
324 2373 412 2427 servis
433 2375 500 2428 suis.
524 2374 568 2430 sic
590 2375 664 2430 enim
676 2375 799 2446 jusserat
820 2379 912 2430 mater
960 2387 1036 2427 rum.
1058 2371 1180 2427 Collecto
1198 2371 1287 2443 igitur
1306 2373 1388 2444 lingo
1408 2374 1534 2430 exercitu
1548 2375 1665 2447 copioso
1686 2377 1776 2448 valde,

97 2463 188 2535 ipsius
201 2465 345 2537 ilelponis,
359 2467 477 2521 nomina
498 2470 610 2523 Warua.
628 2468 798 2523 Planxcrunt
814 2473 909 2524 autem
961 2465 1071 2520 obsedit
1092 2465 1273 2532 Laudunum,
1296 2465 1342 2520 ubi
1358 2467 1557 2523 commanebat
1574 2469 1694 2526 Carolus
1712 2488 1778 2528 aum

97 2575 163 2613 cum
185 2559 299 2631 planctu
314 2575 422 2631 magno
435 2561 593 2616 Rainardus
613 2578 708 2617 comes
729 2566 757 2617 et
775 2563 908 2619 Archem—
960 2574 1047 2613 uxore
1061 2575 1123 2614 sua.
1141 2559 1247 2614 Exiens
1267 2575 1333 2614 vero
1346 2559 1462 2615 Carolus
1477 2562 1511 2616 de
1526 2562 1652 2632 civitate,
1668 2564 1778 2636 fugavit

96 2651 453 2725 baldasarchiepiscopus;
466 2655 696 2726 consanguineus
708 2655 786 2710 enim
796 2654 909 2711 illorum
960 2653 1107 2724 Hugonem
1121 2669 1187 2707 cnm
1201 2652 1328 2707 exercitu
1343 2669 1415 2723 suo;
1437 2654 1553 2710 incensa
1575 2656 1713 2728 hospitia,
1728 2659 1777 2713 ubi

98 2751 166 2800 erat.
196 2747 299 2802 Videas
320 2747 418 2818 itaque
444 2748 537 2802 Druna
563 2749 637 2815 dux,
664 2749 754 2803 socius
778 2749 908 2820 cJusdem
960 2745 1113 2800 manebant
1135 2746 1239 2800 hostes.
1266 2747 1391 2801 Cernens
1407 2747 1502 2820 itaque
1522 2751 1604 2820 liugn
1624 2750 1682 2805 dux
1700 2751 1778 2824 quod

98 2839 246 2909 ilelpouis,
273 2840 323 2911 qni
350 2840 500 2896 obsederat
523 2843 624 2896 Trecas
648 2840 804 2908 civitatem,
831 2841 910 2913 quod
959 2837 1077 2894 minime
1101 2845 1195 2911 posset
1217 2839 1348 2895 Carnium
1368 2844 1489 2908 vincere,
1506 2842 1654 2898 consilium
1677 2844 1777 2902 habuit

97 2936 227 2987 mortuus
240 2939 313 2987 essct
328 2934 421 2989 socius
435 2951 503 2989 suus
517 2935 605 3006 llelpo
619 2951 683 2989 cum
697 2935 765 3002 suis,
780 2951 910 2990 resersus
960 2947 1025 2986 cum
1049 2932 1179 2987 Ascelino
1196 2932 1332 2988 traditore
1352 2934 1456 3002 vetulo,
1475 2934 1525 3006 qni
1544 2940 1606 2990 erat
1623 2938 1775 3010 episcopus

96 3029 138 3081 est
153 3025 183 3081 in
196 3027 317 3098 patriam
332 3043 425 3084 suam.
957 3025 1042 3079 falsus
1065 3024 1205 3092 Lauduui,
1223 3031 1251 3080 et
1272 3026 1450 3083 consiliarius
1471 3028 1574 3084 Caroli.
1593 3031 1694 3102 ltaque
1721 3036 1776 3087 tra·

133 3120 239 3175 Deinde
254 3124 320 3192 post
334 3137 391 3176 non
407 3121 512 3178 multos
528 3122 597 3188 dies,
611 3122 759 3177 Lotharius
772 3138 829 3190 rer,
843 3139 909 3178 eon·
958 3118 1029 3173 dens
1043 3119 1186 3175 ascelinus
1207 3120 1356 3191 episcopus
1374 3119 1543 3177 Laudurmm
1560 3129 1658 3192 noctu,
1678 3126 1774 3196 quies-

96 3230 219 3286 gregans
242 3215 399 3270 exercitum
420 3215 568 3286 copiosum
593 3216 685 3284 valde,
708 3216 852 3271 revocavit
878 3215 908 3270 in
958 3212 1085 3267 centibus
1106 3213 1226 3282 cunctis,
1244 3212 1354 3284 Hugoui
1374 3212 1438 3268 duci
1462 3214 1647 3286 Francorum,
1665 3217 1774 3273 vinctus

96 3307 202 3363 ditione
216 3324 268 3363 sua
281 3308 445 3363 Lotharium
464 3324 596 3380 regnum,
613 3309 785 3381 veniensque
804 3310 840 3364 ad
861 3327 908 3381 pa·
957 3309 998 3359 est
1016 3306 1132 3360 Carolus
1151 3321 1216 3359 cum
1239 3321 1329 3360 uxore
1349 3322 1410 3372 sua,
1425 3311 1453 3362 et
1470 3307 1571 3364 ductus
1596 3310 1624 3364 in
1645 3311 1775 3368 custodia

95 3402 195 3456 latium
209 3402 284 3472 quod
298 3405 412 3457 vocatur
424 3402 605 3473 aquisgrani,
619 3402 668 3457 ubi
688 3403 825 3458 manebat
842 3403 908 3458 Dtto
957 3397 1115 3453 Aurelianis
1139 3397 1260 3452 civitate.
1286 3397 1418 3453 Nondum
1448 3404 1545 3455 autem
1568 3401 1630 3473 ipse
1656 3405 1774 3461 Carolus

94 3493 324 3566 imperatorcnm
334 3512 434 3563 uxore,
447 3496 517 3551 bora
528 3495 906 3568 prandendi,ingressusque
957 3494 1017 3545 erat
1030 3496 1131 3546 unctus
1143 3492 1173 3545 in
1189 3506 1300 3562 regem,
1317 3491 1467 3547 resistente
1487 3495 1606 3565 liugane
1624 3495 1708 3553 duce.
1719 3498 1774 3553 lda-

94 3587 124 3643 in
139 3588 286 3659 palatium,
302 3589 419 3644 nemine
434 3589 659 3657 contradicente,
680 3589 866 3645 comederunt
878 3595 908 3645 et
956 3600 1028 3639 nens
1042 3599 1108 3639 vero
1131 3583 1205 3639 idem
1231 3584 1347 3640 Carolus
1368 3585 1398 3639 in
1414 3586 1543 3641 custodia
1558 3588 1720 3646 Aurelianis
1742 3591 1772 3646 in

93 3681 232 3737 biberunt
245 3681 384 3754 quidquid
399 3683 440 3737 illi
450 3683 487 3737 ad
497 3699 564 3738 suos
576 3699 644 3737 usus
653 3687 834 3754 paraverant.
843 3682 906 3739 ouo
956 3678 1069 3744 turrim,
1084 3677 1185 3749 genuit
1196 3677 1236 3732 illi
1257 3694 1328 3732 uxor
1341 3694 1391 3734 sua
1410 3679 1483 3753 tilios
1502 3678 1584 3748 duos,
1599 3682 1771 3740 ludovicum

93 3790 159 3831 vero
174 3775 340 3847 imperator,
354 3792 420 3831 cum
440 3793 531 3831 uxore
551 3792 600 3830 sua
614 3782 642 3831 et
656 3777 761 3847 populo
782 3776 905 3848 lugiens,
956 3776 985 3826 et
997 3771 1139 3827 carolum·

94 3869 210 3940 reliquit
232 3869 381 3940 palatium.
398 3870 564 3941 Depraedato
584 3869 679 3941 itaque
692 3870 841 3924 Lotharius
856 3886 905 3925 rex
956 3885 986 3938 tt.
1008 3887 1101 3953 nequa
1120 3885 1253 3954 flumas,
1271 3884 1395 3948 poneris,
1419 3888 1531 3942 [smmi
1549 3893 1576 3942 eq
1592 3888 1718 3961 panim
1739 3893 1769 3944 a„

93 3960 198 4033 palatio
213 3964 242 4016 at
254 3967 315 4017 tota
330 3962 484 4032 provincia,
501 3978 629 4017 reversus
650 3966 692 4017 est
708 3961 737 4017 iu
759 3963 904 4018 Franciam
1296 3966 1423 4021 Fbonncr.

93 4071 158 4109 cum
173 4070 253 4127 pace,
266 4055 381 4110 nemine
394 4060 594 4127 persequente.
992 4055 1096 4111 Eodem
1113 4072 1189 4112 anno
1206 4063 1309 4112 unctus
1328 4065 1371 4114 est
1384 4059 1414 4114 in
1428 4076 1528 4131 regem
1542 4062 1639 4117 Remis
1655 4062 1770 4119 civitate

128 4148 194 4203 Post
206 4148 276 4215 bec,
292 4149 357 4203 Dtto
372 4149 527 4220 imperator
547 4165 726 4222 congregans
748 4150 903 4205 exercitum
955 4150 1035 4221 liugn
1056 4149 1123 4205 dux.
1145 4152 1178 4206 Et
1196 4151 1227 4205 in
1247 4151 1308 4223 ipso
1328 4168 1404 4207 anno
1420 4153 1592 4222 Radbertus,
1608 4155 1684 4212 illins
1697 4159 1769 4230 ejus

91 4257 194 4310 sunm,
220 4241 296 4298 venit
321 4242 457 4310 Par-isius,
484 4243 534 4298 ubi
562 4242 727 4299 interiectus
748 4247 792 4298 est
816 4261 904 4316 nepos
954 4259 1002 4298 rex
1037 4242 1183 4299 ordinatus
1218 4248 1270 4299 est.
1304 4245 1353 4300 Hic
1387 4245 1478 4301 delicit
1518 4263 1641 4321 regnum
1677 4250 1770 4306 Caroli

92 4335 181 4407 ipsius
200 4334 322 4404 Dttonis,
338 4352 405 4390 cum
423 4335 484 4391 aliis
507 4336 646 4409 pluribus,
662 4338 697 4394 ad
711 4344 824 4410 portam
837 4337 902 4394 civi·
953 4336 1056 4409 lingui.

92 4429 168 4498 tatis,
194 4430 312 4485 incenso
336 4429 472 4485 suburbio
496 4430 579 4487 illius.
603 4432 762 4487 lactaverat
781 4434 944 4508 namqneD
989 4432 1019 4486 ln
1041 4431 1095 4487 illis
1117 4431 1227 4500 diebus,
1251 4436 1311 4488 erat
1331 4433 1515 4490 Remensinm
1538 4434 1649 4492 civitate
1674 4438 1768 4494 archi-

91 4541 121 4578 se
135 4524 307 4593 extollendo,
322 4525 418 4579 dicens
433 4525 511 4596 quod
536 4525 662 4580 lanceam
678 4543 756 4581 suam
772 4526 904 4598 infigeret
954 4525 1102 4597 episcopus
1112 4526 1154 4580 vir
1167 4524 1260 4581 bonus
1274 4532 1303 4581 et
1315 4525 1474 4595 modestus,
1487 4527 1578 4584 irater
1590 4530 1718 4586 Lotharii
1727 4549 1773 4588 re-

90 4617 120 4673 in
148 4617 268 4673 civitatis
292 4623 415 4690 portam.
441 4620 603 4675 Convocans
635 4620 725 4691 igitur
756 4619 903 4675 Lotharius
953 4618 1767 4692 giscxcoucubina,nominettrnultus.llugoautemrex

90 4728 139 4766 rex
155 4713 306 4783 Hugonem
322 4712 423 4768 ducem
438 4713 620 4781 Francorum,
633 4720 662 4768 et
679 4714 840 4770 ilainricum
853 4714 903 4769 du·
952 4711 1246 4779 invidebatei,rolans
1257 4713 1450 4769 exterminare
1462 4715 1634 4787 progeniem
1642 4718 1770 4774 Lotharii

90 4820 152 4859 cern
169 4805 418 4875 Burgundionum,
433 4805 600 4877 irruensque
615 4806 644 4861 in
658 4806 903 4877 eos,fugientibus
951 4806 1037 4877 regis.
1052 4805 1293 4878 Cougragansqne
1312 4807 1341 4862 in
1365 4808 1435 4863 urbe
1455 4809 1589 4864 Remensi
1611 4812 1768 4882 synodum,

90 4897 145 4952 illis
171 4902 336 4969 persecutus
357 4902 399 4953 est
421 4914 512 4970 nsque
536 4898 694 4954 suessionis
715 4899 837 4954 civitate.
858 4900 901 4956 Illi
951 4898 1028 4954 idem
1043 4899 1124 4970 llugo
1139 4915 1188 4954 rex
1205 4899 1333 4956 invitarit
1353 4901 1600 4974 archiepiscopum
1619 4904 1769 4960 senonicae

91 4994 187 5045 autem
203 4990 323 5061 ingressi
338 4990 467 5046 fluminis
482 4991 603 5059 alveum,
620 4992 696 5063 quod
709 4991 813 5047 dicitur
825 4995 899 5048 ltro-
953 4992 1039 5062 urbis,
1055 4993 1171 5049 nomine
1192 4992 1343 5061 sewinum,
1359 5011 1425 5050 cum
1447 4995 1635 5067 suffraganeis
1650 4998 1720 5054 suis.
1735 5001 1768 5055 In

89 5099 136 5150 na,
164 5084 324 5139 nescientes
346 5084 460 5152 vadum,
485 5085 601 5158 plurimi
621 5085 660 5140 ibi
687 5086 843 5158 perierunt.
868 5087 902 5142 Et
951 5102 1008 5158 quo
1032 5087 1152 5142 concilio
1172 5087 1238 5142 lecit
1258 5087 1416 5157 degradare
1438 5089 1579 5145 domuum
1600 5092 1768 5163 arnulfum,

89 5177 180 5231 multo
199 5176 296 5248 plures
318 5179 493 5251 consumpsit
512 5195 597 5250 aqua,
621 5195 707 5251 quam
730 5179 901 5251 gladiusve
950 5161 1195 5253 arcbiepiscopum
1217 5181 1382 5251 Remorum,
1399 5182 1463 5238 dolo
1480 5183 1594 5254 nepotis
1607 5184 1662 5253 sui,
1680 5202 1768 5258 quana

89 5274 188 5324 resset.
202 5271 236 5325 Et
250 5269 322 5324 tanti
340 5269 378 5324 ibi
392 5271 541 5343 perierunt
560 5280 589 5327 ut
604 5273 689 5328 etiarn
704 5288 777 5343 aqua
792 5273 900 5328 redun-
950 5273 1065 5329 tenebat
1085 5273 1114 5328 in
1135 5290 1259 5344 carcere,
1275 5273 1372 5330 dicens
1386 5292 1443 5332 non
1464 5275 1569 5332 debere
1583 5293 1645 5334 asse
1658 5280 1771 5352 episco-

87 5362 169 5417 daret
191 5362 375 5418 cadaveribus
389 5367 580 5421 mortuorum.
596 5368 677 5437 tque
696 5365 773 5421 euim
794 5365 898 5438 imple·
949 5383 1029 5439 pum,
1045 5374 1143 5422 natum
1157 5369 1374 5424 exconcubina.
1389 5371 1421 5426 lu
1434 5371 1495 5424 loco
1509 5386 1576 5426 vern
1589 5371 1653 5442 ejus
1666 5389 1769 5430 conse·

88 5460 168 5510 verat
194 5455 273 5528 ripas
297 5472 371 5510 suas.
393 5457 545 5513 Lotharius
566 5474 633 5513 vero
656 5474 716 5527 rex,
737 5465 901 5515 constanter
949 5458 1024 5515 erari
1041 5460 1109 5515 lecit
1126 5459 1265 5516 domnum
1285 5461 1454 5517 Gerbertnm
1475 5463 1651 5521 monachum
1671 5465 1768 5538 philo·

87 5562 263 5620 persequens
281 5548 346 5606 iDos
365 5549 455 5606 tribus
476 5549 576 5606 diebus
597 5555 627 5607 et
648 5551 737 5607 tribus
758 5552 898 5622 noctibus,
948 5554 1084 5626 sophum.
1099 5553 1153 5620 oui
1168 5553 1320 5612 Gerbertns
1340 5555 1480 5629 magister
1498 5556 1553 5614 tait
1569 5557 1711 5616 liodberti
1724 5576 1769 5616 re·

88 5657 179 5714 nsque
193 5642 229 5698 ad
245 5643 375 5712 durium,
390 5643 541 5716 quodDuit
551 5643 633 5716 juxta
652 5645 827 5716 ardennam,
841 5646 899 5704 sira
947 5647 1003 5720 gis,
1015 5647 1066 5704 Dlii
1088 5647 1171 5705 istius
1181 5647 1327 5722 lingonis,
1340 5654 1371 5707 et
1391 5649 1492 5706 domni
1503 5649 1663 5709 unuani
1674 5652 1771 5711 arclat-

83 5738 245 5808 Argonam,
256 5736 398 5795 interiecit
413 5754 446 5796 er
459 5737 588 5796 hostibus
601 5738 759 5797 maxirnam
773 5739 900 5799 multitu·
948 5741 1084 5816 episcopi,
1104 5741 1273 5803 successoris
1290 5742 1457 5803 amnonis
1473 5742 1591 5805 soant.
1605 5746 1770 5823 malm
