3750 6046
149 222 214 277 slat
824 218 962 278 rlDlllle
982 220 1016 278 tv
1035 220 1130 281 PAPAE
1248 221 1253 239 ¹
1771 226 1838 284 ilii

149 349 334 413 sanctorum;
357 344 386 399 in
408 343 673 400 consecrationibus
690 344 888 415 ecclesiamm,
903 347 965 419 epi·
977 347 1128 434 Adamas,
1152 354 1296 422 quatenns
1322 348 1570 421 Pampiloncusem
1594 347 1780 422 episcopum,
1808 351 1841 406 de

150 456 301 511 scaporum
316 446 344 494 et
366 439 556 505 clericorum;
574 439 604 494 in
628 456 722 494 annuo
742 441 966 497 consecrationis
1017 443 1099 514 cujus
1120 442 1176 497 vita
1203 442 1292 497 indita
1315 443 1427 498 sinistra
1454 442 1563 514 [multa]
1587 443 1700 499 nostris
1725 444 1840 499 auribus

147 537 205 589 tue
222 533 277 599 die,
294 533 378 588 natali
392 534 478 588 etiam
496 533 523 588 S.
540 533 639 588 isidori
650 540 679 589 et
692 535 822 589 Leandri.
1015 535 1324 608 referuntur‚congruo
1338 537 1435 592 locoet
1450 543 1578 609 tempore
1589 544 1657 593 ante
1674 541 1757 593 tuam
1772 555 1841 610 pras·

184 628 338 681 Primatem
359 630 387 681 te
403 628 528 682 universi
543 628 744 697 Hispaniarum
766 629 902 698 praesules
923 645 965 683 re·
1015 630 1136 684 sentiam
1152 629 1266 685 studeas
1280 646 1458 697 convocare;
1479 632 1521 686 rel
1544 638 1575 687 tn
1596 632 1660 703 ipse
1685 632 1726 687 ad
1744 633 1838 687 cirita·

150 722 284 793 spicient,
303 724 332 776 et
343 720 379 775 ad
394 725 432 788 te,
444 721 466 776 si
479 721 547 792 quid
563 720 638 775 inter
653 737 702 776 eos
720 722 879 793 questione
902 722 965 793 dig·
1016 725 1072 777 tem
1094 723 1166 794 ejus,
1183 724 1226 781 vet
1248 724 1282 779 ad
1305 725 1365 779 loca
1387 725 1490 793 vicina,
1504 724 1677 780 festinanter
1694 725 1836 781 accedas:

148 831 218 869 num
231 821 361 870 exortum
375 814 475 882 luerit,
486 814 611 871 referent
622 831 629 881 ;
642 815 820 869 salvatamen
832 817 966 870 Romanae
1016 822 1043 870 et
1059 819 1117 870 tam
1132 817 1393 889 pampilonensibus
1406 818 1558 885 canonicis,
1574 835 1665 890 quam
1676 835 1766 891 supra
1771 862 1835 875 ......

147 908 278 963 Ecclesiae
289 909 466 964 auctoritate.
481 909 646 963 toletanam
661 924 729 979 ergo
744 909 965 980 ccclesiamjure
1015 909 1105 964 latore
1121 911 1317 980 prosecutum,
1334 915 1363 965 et
1376 911 1437 983 ipso
1452 913 1585 984 episcopo
1601 912 1632 967 in
1647 918 1700 967 tua
1715 929 1836 984 praescn·

147 1006 288 1074 perpetuo
308 1002 361 1056 tibi
381 1002 504 1075 tuisque,
521 1003 544 1056 si
557 1001 653 1057 divina
678 1002 767 1073 gratia
791 1003 964 1074 proestiterit,
1015 1002 1052 1056 tia
1067 1003 1235 1073 constitutis,
1251 1005 1369 1060 crimina
1383 1022 1468 1077 super
1490 1005 1593 1077 quibus
1609 1006 1666 1076 ipsi
1693 1009 1834 1071 canonici,

147 1095 367 1163 successoribus,
381 1096 518 1151 canonico
535 1100 634 1150 tonare
649 1096 735 1167 hujus
748 1096 888 1167 privilegii
900 1112 966 1151 con·
1015 1104 1044 1151 et
1057 1097 1312 1152 homicidium......
1327 1097 1383 1170 (35)
1396 1115 1453 1169 qno
1468 1099 1545 1154 idem
1561 1116 1648 1170 supra
1672 1101 1834 1156 secundnm

147 1188 305 1257 firmamus,
322 1207 378 1245 una
394 1207 458 1245 cum
475 1191 608 1245 omnibus
619 1190 746 1244 ecclesiis
758 1195 786 1244 et
799 1188 965 1244 dioecesibus
1016 1193 1146 1245 tenorem
1160 1191 1323 1246 litterarum
1340 1192 1556 1263 predecessoris
1565 1193 1660 1247 nostri
1672 1192 1769 1248 felicis
1781 1212 1836 1249 mc·

148 1301 221 1356 quas
241 1285 356 1356 proprio
367 1284 433 1355 jure
456 1283 584 1339 noscitur
605 1284 764 1354 antiquitus
785 1283 963 1354 possedisse:
1016 1286 1114 1339 moriae
1127 1300 1208 1356 papae
1224 1285 1355 1356 Eugenii,
1368 1303 1438 1357 quas
1448 1286 1542 1340 eidem
1557 1287 1701 1358 episcopo
1715 1287 1833 1342 destina·

147 1378 347 1451 praecipientes
361 1378 396 1432 de
411 1377 454 1445 iis,
469 1394 535 1449 qum
552 1378 766 1433 Saracenorum
781 1377 816 1431 ad
839 1392 965 1447 presens
1015 1377 1064 1443 vit,
1080 1394 1144 1432 eum
1160 1377 1357 1449 impetierunt.
1368 1379 1558 1450 Depositiones
1572 1396 1697 1452 quoquc
1708 1381 1833 1450 testium,

148 1472 296 1543 subjacent
322 1471 434 1541 ditioni,
461 1475 494 1526 ut
517 1487 583 1527 cum
605 1488 654 1525 eas
675 1471 797 1526 Domino
825 1471 965 1543 placuerit
1014 1474 1127 1525 remoto
1142 1471 1342 1543 appellationis
1355 1472 1509 1540 obstaculo,
1527 1473 1687 1543 diligenter
1700 1474 1802 1529 audias
1811 1479 1837 1529 et

147 1566 283 1637 potestati
302 1566 400 1638 populi
423 1566 574 1621 restituere
595 1565 757 1634 Christiani,
778 1564 814 1619 ad
840 1563 963 1620 debitam
1015 1580 1171 1635 cognoscas
1189 1583 1195 1619 :
1211 1565 1328 1637 cognita
1341 1582 1421 1632 vero,
1435 1566 1537 1621 litteris
1549 1567 1609 1621 tuis
1621 1567 1710 1621 nobis
1723 1568 1837 1622 studeas

148 1660 275 1715 ecclesias
303 1663 404 1714 vestrae
433 1658 627 1715 obedientiam
654 1658 823 1713 referantur.
849 1658 964 1713 lllarum
1014 1654 1147 1723 iudicare,
1161 1659 1190 1709 et
1204 1654 1330 1726 ipsorum
1341 1655 1534 1728 depositiones
1544 1656 1665 1711 testium
1682 1658 1737 1712 sub
1747 1659 1836 1730 sigillo

148 1755 235 1810 etiam
250 1754 395 1808 civitatum
415 1754 560 1821 dioecoses,
575 1770 651 1824 que,
668 1753 814 1809 Saracenis
831 1730 1062 1807 invaden-Btno
1084 1748 1167 1803 nobis
1191 1749 1403 1813 transmittere;
1426 1753 1458 1803 ut
1480 1749 1604 1820 qualiter
1625 1757 1736 1823 postea
1756 1768 1836 1823 super

147 1848 234 1914 tibus,
252 1846 483 1919 metropolitanos
498 1847 632 1919 proprios
649 1846 846 1917 perdiderunt,
861 1849 963 1901 vestrae
1014 1842 1075 1912 ipso
1091 1841 1142 1896 tibi
1155 1842 1191 1896 sit
1204 1842 1429 1912 procedendum,
1443 1859 1497 1913 per
1509 1860 1563 1898 nos
1577 1844 1699 1916 plenius
1714 1845 1834 1901 instrua-

149 1941 249 1996 ditioni
264 1958 297 1996 eo
309 1945 406 1996 tenore
420 1941 615 2012 subjecimus;
632 1946 662 1995 ut
672 1940 765 2012 quoad
773 1940 834 1995 sine
842 1939 964 2011 propriis
1013 1936 1061 1991 ris.
1077 1935 1156 2000 Quod
1172 1936 1195 1989 si
1208 1935 1244 1990 ad
1259 1935 1437 1991 vocationem
1456 1941 1534 1991 tuum
1548 1938 1664 2005 venire,
1683 1943 1715 1994 et
1728 1940 1835 2011 jndicio

149 2035 313 2091 exstiterint
327 2034 568 2106 metropolitanis,
583 2034 645 2103 tibi,
659 2040 688 2089 ut
703 2034 827 2106 proprio,
841 2033 966 2089 debeant
1013 2034 1089 2084 stare
1109 2029 1324 2101 contempserit,
1341 2046 1409 2084 eum
1423 2033 1482 2085 lam
1496 2030 1742 2102 aspiritualium‚
1758 2050 1838 2105 quam

149 2128 304 2200 subjacere.
321 2129 351 2185 Si
371 2145 438 2184 vero
459 2128 629 2200 metropolis
650 2127 786 2200 quaelibet
807 2128 835 2182 in
857 2130 963 2182 statum
1013 2123 1217 2195 temporalium
1233 2123 1482 2179 administratione
1496 2126 1668 2196 suspendas.

148 2221 237 2277 luerit
263 2221 416 2293 pristinum
442 2221 583 2288 restituta,
613 2236 664 2275 suo
690 2237 810 2292 quaequo
837 2220 965 2275 dioeccsis
1049 2217 1455 2285 Datumlieneventi,xnllal.
1470 2219 1571 2273 llartii.

148 2315 370 2386 metropolitano
384 2317 560 2370 restituatur.
575 2317 670 2387 Neque
682 2318 777 2369 tamen
792 2314 856 2369 ideo
869 2313 964 2370 minus

150 2412 200 2465 tua
214 2409 299 2464 debet
319 2409 435 2466 studere
456 2409 629 2477 hammites,
648 2415 790 2480 quatenus
811 2407 965 2480 unicuique

149 2502 314 2574 metropoli,
326 2519 384 2557 suae
394 2502 564 2557 restituatur
577 2503 670 2573 gloria
682 2502 837 2574 dignitatis.

1345 2361 1497 2418 tnxxvtn.

1013 2471 1116 2536 Niqslto
1134 2472 1253 2536 episcopa
1274 2471 1374 2521 Eliensi
1390 2471 1437 2522 sab
1458 2484 1536 2535 pana
1555 2477 1746 2537 suspensionis
1767 2490 1836 2527 inan

1044 2545 1126 2599 dat«
1142 2547 1280 2607 qnatenus
1307 2544 1378 2593 inira
1400 2548 1456 2594 tres
1481 2557 1593 2596 menses
1615 2560 1634 2596 a
1657 2551 1836 2613 susceptione

185 2597 248 2652 llaec
261 2600 289 2651 et
304 2603 406 2651 caeteru
421 2597 516 2652 omnia
530 2613 595 2668 quae
610 2596 644 2651 ad
658 2599 807 2668 antiquam
821 2596 964 2651 'toletanae

150 2690 405 2762 sedisdiguitatem
416 2695 501 2762 atque
512 2690 693 2746 nobilitatem
705 2689 819 2760 probari
830 2693 966 2761 poterunt

149 2785 339 2856 pertinuisse;
365 2786 534 2840 auctoritate
552 2789 581 2839 et
602 2788 679 2838 certa
703 2783 778 2838 sedis
800 2783 964 2854 apostolicae

151 2878 342 2945 concessione,
363 2894 416 2933 nos
444 2879 494 2932 libi
521 2878 635 2949 tuisque
662 2876 872 2932 successoribus
897 2893 963 2947 por·

149 2977 238 3043 petuo
251 2970 423 3041 possidenda
438 2971 619 3026 concedimus
636 2975 721 3042 atquc
742 2970 902 3025 lirnramus.
916 2970 963 3037 Te,

150 3064 320 3119 venerabilis
345 3064 443 3135 frater,
471 3065 618 3119 allectione
643 3064 745 3119 intima
769 3064 954 3119 exhortamur

151 3165 292 3231 quatenns
306 3158 425 3230 dignum
442 3162 470 3213 te
486 3159 556 3214 tanti
571 3159 680 3214 bonore
693 3157 832 3229 pontificii
851 3173 966 3228 semper

152 3252 296 3308 exhibeas.
321 3252 486 3309 Christianis
505 3268 537 3307 ac
561 3252 708 3308 Saracenis
730 3251 790 3306 sine
810 3251 966 3306 offensione

150 3361 264 3417 semper
277 3362 338 3400 esse
353 3362 519 3419 procurans,
535 3351 563 3401 et
586 3345 622 3400 ad
640 3344 725 3400 fidem
747 3344 872 3400 iulideles
896 3361 963 3400 con·

151 3445 273 3510 vertere,
290 3439 410 3494 Domino
425 3439 577 3511 largiente,
592 3438 688 3494 verbis
701 3439 816 3494 studeas
831 3443 859 3493 et
872 3454 965 3493 erem·

151 3533 207 3605 plis
222 3550 229 3588 :
244 3533 284 3588 sic
295 3533 419 3589 exterius
434 3533 510 3604 pallii
533 3533 685 3605 dignitate,
699 3532 838 3604 primatus
857 3547 965 3603 praero-

154 3629 255 3700 gativa,
269 3628 434 3700 precellens
454 3628 484 3682 in
504 3627 595 3683 oculis
608 3626 737 3682 omnium
757 3625 919 3695 hominum,
935 3628 967 3680 ut

152 3721 274 3777 interius
288 3721 424 3777 virtutum
436 3720 600 3777 excellentia
610 3717 721 3792 polleas
730 3735 824 3775 coram
832 3734 966 3791 supernae

152 3815 241 3871 oculis
255 3814 423 3886 majestatis.

188 3910 218 3965 Si
231 3925 287 3982 qua
297 3908 387 3980 igitur
404 3909 580 3980 inposterum
593 3907 781 3963 ecclesiastica
792 3908 966 3963 secularisve

153 4020 274 4075 persona
287 4003 360 4057 hanc
375 4005 480 4057 nostre
493 4001 703 4057 constitutionis
715 4002 850 4074 paginam
864 4002 965 4072 sciens,

154 4100 208 4153 etc.

190 4190 291 4245 Datum
307 4189 459 4246 Beneventi
474 4206 639 4261 permeans
653 4189 782 4257 llolandi,
797 4195 901 4245 sanctae
914 4191 968 4246 llo·

1046 2615 1209 2674 litterarum,
1241 2616 1433 2678 possessiones
1461 2616 1606 2677 ecclesioe,
1638 2631 1713 2682 quas
1745 2627 1835 2671 contra

1044 2686 1255 2750 promissionem
1277 2686 1304 2735 in
1330 2700 1380 2736 sua
1402 2688 1614 2739 consecratione
1641 2690 1750 2741 lectam
1770 2693 1834 2742 alie-

1045 2770 1127 2808 nasse
1150 2762 1177 2807 et
1199 2757 1359 2807 distraxisse
1385 2760 1573 2821 cognoscitur.
1593 2762 1621 2808 in
1643 2774 1713 2812 eum
1736 2768 1833 2813 statum

1045 2829 1073 2877 in
1088 2841 1144 2892 quo
1162 2828 1280 2889 luerunt,
1293 2841 1358 2878 cum
1372 2828 1406 2877 ad
1421 2828 1540 2878 Eliensis
1557 2829 1692 2882 ecclesias
1714 2835 1833 2898 regimen

1046 2900 1098 2948 luit
1110 2903 1278 2961 assumptus,
1299 2912 1355 2949 non
1371 2898 1480 2949 differat
1497 2900 1641 2952 ullatenus
1666 2916 1832 2956 revocare.»

1047 2969 1120 3030 Quod
1151 2974 1174 3018 et
1198 2969 1329 3034 siqnificat
1350 2968 1405 3020 atio
1427 2970 1507 3019 Brevi
1533 2971 1653 3033 ejusdem
1681 2973 1753 3023 date
1775 2976 1832 3037 ipsis

1045 3039 1188 3099 monacbis,
1204 3041 1251 3104 qni
1269 3039 1377 3103 scierant
1397 3046 1487 3091 contra
1505 3055 1563 3090 crim
1583 3044 1683 3106 questi.
1705 3045 1773 3095 Cnsn
1787 3061 1831 3097 au·

956 3101 1003 3177 'C
1046 3117 1094 3161 tem
1123 3111 1239 3175 Niqeltna
1277 3117 1425 3162 excusasset
1453 3114 1523 3177 reqis
1558 3113 1732 3175 absentiam,
1763 3121 1831 3180 cuius

1045 3182 1211 3247 presentiam
1239 3183 1263 3232 ei
1299 3183 1460 3233 restitutioni
1494 3184 1625 3246 sarcienda
1659 3191 1829 3239 necessariam

1045 3268 1098 3304 esse
1125 3253 1303 3315 causabatar;
1325 3253 1388 3304 atiis
1412 3254 1516 3313 litteris,
1540 3255 1691 3309 theobaldo
1716 3259 1830 3311 Cantan-

1045 3327 1130 3375 riensi
1145 3325 1340 3388 archiepiscopo
1353 3325 1424 3376 datis
1444 3326 1518 3391 apud
1537 3328 1690 3380 tatnunas
1710 3343 1764 3381 xvi
1777 3330 1829 3382 liat

1046 3396 1156 3460 Aprilis,
1178 3395 1310 3460 siqnificat
1340 3409 1423 3460 papa,
1452 3397 1523 3461 qaod
1552 3398 1637 3448 cidem
1672 3414 1691 3449 a
1716 3401 1830 3465 prasino

1045 3467 1110 3531 sesto
1140 3467 1166 3517 S.
1194 3469 1278 3517 Lucia
1301 3467 1389 3529 (credo
1410 3467 1444 3517 ad
1472 3470 1633 3531 proximum
1656 3472 1765 3521 testum
1788 3471 1831 3535 leqi

1046 3538 1146 3599 debers)
1178 3537 1300 3588 inducias
1328 3537 1362 3587 ud
1390 3536 1438 3588 boe
1468 3538 1620 3600 iaciendum
1644 3541 1728 3593 aaut
1749 3542 1831 3592 indui·

1046 3610 1159 3675 acardus.
1199 3609 1305 3658 interim
1343 3621 1405 3659 acro
1438 3611 1618 3673 susperssionis
1654 3614 1831 3672 sentesstiam

1048 3693 1165 3744 uquam,
1182 3678 1279 3744 inquit,
1297 3680 1325 3728 in
1345 3694 1403 3730 eum
1424 3681 1664 3744 promatqaoimus,
1690 3700 1707 3732 s
1726 3684 1829 3735 rotma-

1047 3764 1115 3802 mus.

1047 3822 1121 3875 licta
1133 3821 1179 3873 SS.
1197 3820 1327 3883 bolland,
1340 3822 1441 3886 Jun.,t.
1455 3823 1503 3887 1v,
1520 3838 1548 3889 p.
1562 3824 1632 3888 ast.)

1365 3950 1495 4006 Llllllllll.

1016 4060 1057 4113 Ad
1074 4065 1188 4112 rectores
1211 4062 1332 4112 Romana
1350 4059 1537 4124 fraternitatis.
1561 4087 1592 4098 -
1617 4065 1764 4118 arnaldus
1782 4067 1829 4117 la-

1048 4132 1194 4190 rcsiarcba,
1218 4133 1330 4197 ls'uqenii
1355 4133 1392 4182 ill
1411 4137 1534 4197 tempore,
1556 4142 1658 4196 praeter
1679 4138 1743 4189 alia
1765 4152 1830 4189 erse·

1047 4204 1149 4255 aranda
1175 4217 1235 4269 qu·
1262 4205 1389 4255 aduersas
1415 4206 1559 4254 llomasrarn
1586 4206 1744 4260 Ecclesiam
1770 4224 1830 4275 prs·

154 4301 247 4340 mana
261 4285 386 4339 ecclesiae
399 4284 568 4356 presbytcri,
582 4284 736 4339 cardinalis
751 4286 779 4337 et
792 4284 966 4348 cancellarii,
1048 4281 1212 4340 sunit'wsslr
1244 4274 1351 4327 ⁶¹⁶ll⁶⁰⁸
1378 4274 1560 4327 Wdlmst‘fflss
1589 4277 1717 4331 Wbdt'loe
1747 4282 1781 4331 ὠ
1807 4283 1831 4331 is

154 4378 268 4434 xrvllal.
291 4379 370 4433 llari.
388 4378 487 4433 indict.
502 4394 539 4446 rr,
551 4380 663 4432 lacurn.
680 4378 870 4433 Dominionn.
888 4380 966 4447 itti,
1047 4346 1832 4486 21ᾔὲιῖᾅάιέὸὲῑζὲιξηυέῗωξέῒᾝῗὲηᾜέωἶᾞῃ

153 4472 336 4545 pontificatus
352 4488 417 4526 vero
433 4472 535 4526 domni
550 4471 668 4526 adriani
681 4487 762 4543 papae
778 4472 809 4527 lV
822 4487 898 4527 anno
911 4488 940 4527 n.
978 4473 1007 4546 D
1049 4490 1186 4541 ,dn-„m
1195 4503 1278 4554 μηρὼ
1292 4495 1320 4540 u,
1328 4489 1461 4554 emnam·
1477 4491 1644 4554 mmmm
1665 4493 1831 4550 ommim

493 4589 634 4643 mxvq,
1049 4562 1197 4615 rectoribus
1211 4562 1357 4614 citatarum.
1794 4570 1797 4575 ·

152 4687 254 4742 Jounni
266 4685 464 4754 archiepiscopo
479 4684 606 4739 Toletano
624 4684 739 4739 mandat
759 4689 788 4740 ut
805 4687 835 4740 in
855 4687 969 4741 crimina
1256 4660 1431 4733 (Bffllesslb
1444 4660 1523 4715 Malt-
1543 4662 1598 4732 sa.)

310 4765 426 4833 episcopi
451 4763 666 4833 Pampitoacnsis
691 4766 824 4834 inquirat.
1225 4763 1332 4837 thirsi,
1350 4765 1463 4829 cencii„
1478 4765 1542 4836 lllll,
1559 4767 1639 4839 804.]

394 4856 569 4928 (Beneventi,
585 4857 666 4910 ΜΓ·
683 4861 735 4927 ts.)
1053 4876 1191 4930 loannes
1210 4879 1340 4946 quartus,
1354 4873 1511 4929 rectoribus
1536 4874 1680 4932 nomana
1706 4878 1830 4937 fraterni-

364 4951 470 5022 [ΜΛΝ-ει,
498 4951 578 5013 iata..
604 4951 657 5006 col.
684 4951 758 5025 sitq
1018 4970 1095 5024 tatis,

191 5061 231 5114 Ad
252 5059 306 5114 boc
325 5059 519 5130 apostolorum
534 5058 670 5129 Principis
687 5058 716 5113 in
739 5060 885 5129 cathedra,
902 5061 969 5117 licet
1055 5064 1096 5119 ltd
1118 5063 1293 5118 audientiam
1317 5068 1446 5119 nostram
1469 5064 1614 5135 pervenit,
1636 5068 1721 5138 quod
1748 5066 1832 5125 clerici

155 5170 211 5208 non
226 5153 447 5225 suffragantibus
461 5151 580 5218 meritis,
591 5155 706 5207 auctore
720 5155 851 5223 Domino,
865 5155 968 5212 reside·
1020 5156 1114 5213 Sancti
1139 5158 1214 5213 Petri
1238 5158 1275 5212 ad
1297 5158 1414 5213 Vincula
1436 5157 1465 5213 in
1485 5158 1613 5230 quadam
1639 5163 1757 5234 capella
1779 5179 1830 5226 sna,

155 5262 229 5314 mus,
245 5251 275 5302 ut
290 5247 325 5301 de
339 5247 516 5318 singularum
530 5249 603 5300 statu
614 5246 802 5303 Ecclesiarum
811 5248 969 5305 debeamus
1019 5252 1135 5307 ecclesia
1150 5252 1279 5307 videlicet
1292 5252 1403 5308 Sanctae
1416 5252 1509 5308 Marias
1528 5252 1558 5308 in
1570 5254 1762 5327 Caudietorc,
1775 5257 1832 5331 quia

154 5357 215 5396 esse
231 5341 355 5408 solliciti,
373 5344 402 5395 et
417 5357 517 5395 earum
528 5343 665 5413 pastores,
679 5342 821 5413 quotiesc
841 5342 885 5398 ria
897 5345 971 5399 veri·
1020 5344 1147 5416 ejusdem
1171 5345 1294 5401 ecclesiae
1308 5346 1429 5418 populus
1444 5362 1562 5402 manum
1585 5346 1769 5407 obedientias
1779 5352 1831 5423 jam

154 5435 220 5491 tatis
235 5435 404 5505 exorbitant,
417 5434 454 5490 od
474 5438 577 5490 statum
601 5434 780 5491 rectitudinis
799 5454 853 5493 nos
871 5454 970 5494 conre-
1019 5438 1101 5495 dictae
1115 5438 1240 5495 ecclesius
1254 5439 1434 5513 presbytero,
1450 5439 1491 5495 illi
1510 5439 1646 5498 videlicet
1668 5442 1768 5501 Sancti
1787 5446 1831 5499 Pc-

39 5548 64 5573 ψ
155 5528 219 5583 niet
241 5544 382 5585 revocare.
400 5530 454 5585 llac
477 5531 574 5602 itaque
595 5529 826 5587 consideratione
846 5532 968 5603 inducti,
1020 5532 1067 5601 tri,
1084 5532 1214 5589 exhiberi
1236 5533 1416 5602 contradicit,
1428 5534 1525 5590 dirim
1544 5534 1765 5608 prohibuerunt
1779 5536 1833 5594 aru·
1871 5568 1873 5575 ·

155 5622 328 5679 lratemitutl
349 5629 405 5679 turc
420 5638 472 5695 per
491 5623 676 5696 apostolicam
697 5624 869 5684 sententiam
887 5642 968 5683 man·
1019 5626 1063 5683 cia
1075 5626 1220 5683 celebrari.
1235 5626 1308 5693 Oula
1326 5626 1414 5701 igitur
1434 5628 1576 5686 sustinere
1599 5644 1663 5687 nan
1686 5646 1833 5705 possamus
1870 5626 1873 5661 ¹

168 5790 225 5861 (ii)
240 5792 421 5859 Depraratus
434 5794 537 5849 textus.
