3750 6046
74 190 89 291 ‘¹
138 203 188 257 87l
822 192 985 251 bannales
1004 191 1131 251 lllehlS
1764 198 1809 255 sn

139 326 215 389 runt,
232 326 264 377 ut
275 321 313 375 ita
334 318 462 391 legiones
482 335 545 374 suas
561 318 690 390 pluribus
709 318 801 374 modis
813 318 949 374 leniendo
959 317 1172 404 Aexplorahat.
1188 316 1371 375 Venientibus
1389 332 1457 375 rere
1477 314 1597 375 Francis
1617 316 1716 375 subite
1733 320 1811 392 prosi·

139 415 385 487 multiplicarent3
402 414 500 486 sasque
515 412 654 484 nefasque
667 413 721 467 illis
743 416 903 468 annuentes
922 414 952 470 in
1004 411 1074 481 livit,
1082 428 1280 483 generumque
1288 412 1811 485 regis,Guillelmum,comprehendit,

140 508 314 566 adversarios
327 506 496 563 animarent.
511 506 670 562 ludovicus
684 506 779 578 itaque
793 523 842 562 rex
862 508 952 563 ltrito-
1003 521 1056 576 pro
1071 506 1152 577 cujus
1172 506 1369 578 redemptione
1390 522 1422 563 ec
1440 507 1555 578 argenti
1577 522 1695 563 marces
1713 506 1810 565 babuit

138 604 210 659 lium
235 602 354 657 adduxit
373 617 539 656 numerosas
559 600 632 655 acies
652 599 686 655 de
708 602 832 655 Parrona
853 606 883 656 et
904 602 951 657 Ni·
1002 598 1259 654 Contubernaliom
1281 604 1377 655 autern
1402 600 1464 671 ejus
1487 599 1630 672 quosdam
1653 599 1740 672 cepit,
1756 600 1811 657 reli·

141 698 228 770 gella,
242 696 278 751 de
297 695 434 750 Noviomo
458 697 487 749 ct
501 694 605 762 Insula,
622 693 657 748 dc
675 695 800 749 Tornaeo
822 698 852 748 ct
871 696 952 750 Atre·
1004 709 1076 763 quos
1091 709 1156 747 vero
1170 708 1234 747 cum
1249 691 1390 749 dedecore
1402 693 1520 765 fugarit.

139 791 217 861 hate,
242 790 277 845 de
301 790 430 845 Gornace
454 790 482 843 et
504 788 698 857 Claromonte,
716 793 745 842 et
766 788 800 843 de
821 789 954 844 ominbus
1042 788 1192 843 Contracta
1212 786 1308 858 itaque
1324 787 1517 842 cervicositate
1529 786 1636 843 sobolis
1655 802 1726 857 sue,
1738 786 1814 843 Gallio

141 884 294 959 provinciis
308 883 403 938 Gallia·
416 887 445 937 et
459 881 610 948 Flandriae‚
626 886 657 936 ut
679 881 781 936 amissa
802 883 952 938 liustachio
1004 878 1074 934 satis
1089 878 1242 950 ingemuit,
1259 878 1407 935 recensitis
1422 879 1571 935 eventibus
1583 878 1744 946 damnosis,
1757 880 1814 935 suis·

143 978 315 1048 restitueret,
330 976 466 1048 aliosque,
486 974 535 1047 qui
556 992 607 1047 pro
622 975 769 1031 Guillclmo
789 977 884 1031 exsule
903 992 952 1048 pa·
1004 988 1058 1044 que
1077 972 1179 1028 futuris
1195 972 1427 1044 generationibus
1445 972 1668 1045 exprobrandis,
1683 988 1754 1045 qnos
1772 990 1814 1030 nu·

141 1072 211 1128 riter
238 1070 415 1139 exsulabant,
439 1069 469 1124 in
497 1068 629 1140 pristinos
653 1070 776 1124 honores
800 1074 953 1127 revocaret.
1004 1082 1055 1138 per
1081 1066 1109 1121 in
1132 1066 1264 1121 h'eustria
1286 1065 1447 1137 pertulerit.
1473 1065 1610 1122 llenricus
1639 1071 1740 1123 aotam
1760 1084 1813 1131 rex.

142 1165 311 1237 ltadulphus
336 1170 434 1219 autom
453 1162 529 1218 Brito
545 1179 608 1218 curn
629 1163 730 1218 turmis
747 1163 806 1217 suis
821 1163 955 1219 audacter
1004 1160 1070 1232 quia
1083 1160 1161 1232 pacis
1181 1164 1292 1215 amator
1310 1165 1382 1227 eret,
1395 1158 1514 1215 feliciter
1526 1158 1657 1216 effloruit
1667 1178 1678 1229 ς
1700 1178 1753 1235 pro
1764 1178 1812 1233 quo

143 1259 198 1315 illis
220 1258 330 1314 obviarn
354 1257 497 1330 processit,
521 1260 550 1311 et
578 1257 689 1311 sortiter
712 1257 866 1327 pugnando
891 1259 955 1314 illos
1004 1253 1211 1325 supplicantem
1229 1252 1380 1308 Ecclesiam
1395 1254 1468 1308 Deus
1489 1253 1651 1309 clementer
1667 1254 1813 1323 exaudivit,

143 1353 263 1424 excepit,
278 1357 306 1408 et
325 1352 432 1420 lancea,
445 1351 597 1422 gladioque
614 1350 690 1406 diros
704 1351 775 1405 ictus
788 1351 880 1407 dando
894 1353 953 1407 lue·
1005 1352 1033 1404 et
1056 1347 1169 1403 crebras
1193 1347 1218 1401 ei
1243 1347 1279 1401 de
1302 1346 1424 1401 inimicis
1446 1347 1579 1403 victorias
1611 1348 1663 1419 pic
1689 1347 1814 1404 contulit.

142 1450 224 1501 tuosa
256 1445 309 1500 illis
344 1446 450 1499 daniae
474 1443 579 1499 intulit.
606 1444 710 1499 Omnes
735 1460 849 1516 quoque
873 1445 955 1500 castri
1006 1440 1139 1496 lleilirira
1171 1439 1357 1512 prosperitas,
1384 1439 1424 1495 illi
1454 1440 1559 1496 blande
1594 1440 1709 1508 favens,
1736 1457 1815 1497 saeros

142 1537 847 1613 pertasaperiripracepit;sedpatentibusjanuis
860 1538 955 1594 nullus
1005 1534 1182 1606 perlectiales
1207 1534 1363 1590 admodum
1385 1534 1496 1603 terruit,
1523 1542 1553 1589 et
1575 1534 1713 1591 acerbam
1737 1534 1816 1607 poeni·

144 1633 326 1689 inimicorum
343 1630 456 1703 ingredi
469 1630 661 1702 presumpsit,
675 1631 811 1702 quoniam
830 1632 955 1687 miraris
1004 1629 1135 1683 tudinem
1153 1627 1334 1683 infortunatae
1355 1627 1486 1683 factionis
1508 1628 1677 1701 reipublicae
1697 1628 1817 1683 hostibus

143 1726 319 1783 obstantium
341 1724 493 1780 cltieaciter
515 1742 564 1780 eos
585 1725 699 1797 repulit.
721 1725 763 1780 dd
782 1728 840 1780 tres
861 1715 1136 1798 portasBincussit.

143 1826 222 1875 atrox
248 1818 395 1874 conllictus
424 1818 574 1891 agebatur,
600 1826 629 1874 et
652 1835 797 1891 prignaces
821 1819 956 1891 agonistae
1041 1815 1191 1871 Richerius
1209 1814 1244 1870 da
1265 1814 1365 1887 dquila
1383 1832 1418 1870 ιιι
1431 1814 1569 1871 Kalendas
1584 1815 1719 1871 Octobris
1731 1816 1816 1887 [tila]

141 1914 308 1985 frequenter
321 1913 454 1984 utrinque
468 1911 685 1983 dejiciebantur.
1006 1910 1146 1977 Odonem,
1158 1912 1307 1981 totamque
1321 1909 1445 1981 praedam
1459 1909 1494 1964 de
1505 1908 1596 1965 Ciseio
1608 1910 1718 1981 rapuit,
1734 1910 1820 1965 cadis

179 2008 237 2061 llcx
258 2007 426 2078 anglorum,
441 2010 473 2060 ut
493 2005 653 2061 redivivum
670 2006 697 2061 in
712 2007 872 2063 h'eustriam
892 2009 957 2064 red-
1006 2020 1061 2076 qua
1075 2003 1233 2059 ludovicos
1252 2020 1302 2058 rex
1320 2019 1386 2058 cum
1406 2002 1503 2058 multis
1523 2002 1656 2058 millibus
1676 2002 1820 2059 Britoliurn

144 2101 216 2157 itum
234 2102 407 2155 Francorum
421 2099 547 2171 agnovit,
563 2098 747 2168 Richardum,
758 2100 847 2155 filium
862 2118 955 2170 suum,
1006 2097 1094 2165 adiit;
1112 2097 1159 2152 sed
1173 2096 1245 2151 nihil
1264 2096 1319 2151 nisi
1339 2096 1460 2151 dedecus
1482 2100 1511 2150 et
1531 2096 1652 2151 vulnera
1664 2096 1819 2153 vindicarit.

144 2212 208 2250 eum
223 2211 254 2250 ea:
270 2192 406 2249 militibus
428 2192 549 2248 ltadullo
565 2192 600 2247 dc
622 2193 733 2249 Guader
745 2194 889 2266 suppetias
903 2196 955 2250 mi-
1006 2192 1143 2247 Praelatus
1163 2191 1275 2262 juvenis
1289 2190 1317 2244 in
1342 2190 1521 2262 expeditione
1541 2191 1589 2245 illa
1610 2208 1674 2246 rexn
1695 2191 1762 2247 lecit
1780 2208 1823 2264 pe·

143 2289 190 2355 sit,
222 2287 324 2360 quihus
350 2286 501 2344 lladultum
533 2287 638 2341 llulrnn
671 2293 698 2341 et
730 2288 887 2343 Rualodum
921 2289 957 2344 de
1008 2285 1090 2340 renni
1113 2285 1231 2356 dignam
1248 2284 1396 2340 memoria.
1414 2285 1484 2339 brim
1509 2300 1651 2357 pagenses
1671 2285 1708 2341 dc
1726 2286 1821 2341 vaceio

144 2381 273 2437 abrincis
288 2380 410 2435 audaces
432 2384 461 2434 et
481 2380 634 2435 industrios
653 2386 788 2436 stratores
803 2382 956 2436 constituit.
1008 2386 1036 2433 et
1055 2377 1324 2448 circumjacent-ihus
1343 2377 1410 2432 vicis
1430 2382 1559 2449 raptores
1579 2384 1784 2449 sequerentur,
1797 2380 1823 2433 et

145 2475 288 2530 acerrime
311 2473 452 2547 siquidem
475 2473 702 2529 concordantibus
723 2475 826 2545 regalis
851 2475 958 2529 tanrilla
1007 2477 1134 2526 anaema
1158 2488 1209 2525 sua
1229 2470 1356 2542 quolibet
1373 2471 1458 2526 modo
1481 2472 1592 2543 eripere
1615 2486 1667 2527 seu
1683 2472 1822 2528 redimere

143 2568 325 2639 supervenit3
342 2584 397 2638 qua
417 2567 486 2634 visa,
499 2567 642 2622 Gallorum
664 2567 752 2622 virtus
763 2568 824 2639 jam
842 2568 958 2639 fatigata
1012 2565 1231 2632 meditarentur,
1242 2564 1362 2619 animosi
1370 2565 1484 2629 militas,
1495 2567 1573 2619 retro
1583 2565 1727 2633 conversi,
1739 2581 1823 2637 super

143 2662 262 2717 delicere
288 2661 381 2732 coepit.
410 2660 531 2731 lusignis
558 2661 724 2732 lladulphus
753 2662 787 2717 dc
814 2666 897 2731 porta
923 2662 958 2716 ad
1008 2675 1055 2714 eos
1071 2660 1224 2725 irruerunt,
1239 2659 1349 2730 citoque
1363 2663 1441 2730 terga
1463 2658 1562 2713 dantes
1582 2658 1730 2730 persecuti
1749 2663 1822 2715 sunt.

144 2760 254 2827 portam
271 2754 458 2819 discurrebat,
475 2759 503 2807 et
524 2769 604 2807 arma
619 2771 703 2825 saepe,
718 2771 753 2809 ue
774 2771 957 2826 cognoscere·
1008 2754 1136 2823 Cumque
1152 2752 1277 2807 illiricos
1291 2769 1348 2807 non
1368 2751 1518 2819 haherent,
1536 2751 1641 2823 quibus
1654 2755 1758 2807 contra
1774 2752 1824 2808 ler-

144 2854 201 2916 tur,
230 2847 366 2902 nudabat.
395 2846 490 2901 Plures
517 2848 667 2917 preclaros
699 2848 817 2902 athletas
848 2864 881 2903 ea
914 2849 959 2903 die
1010 2851 1097 2900 ratam
1115 2845 1205 2900 aciem
1219 2860 1279 2900 sese
1296 2844 1493 2914 defenderent,
1505 2861 1557 2900 nec
1569 2845 1739 2917 proximum
1754 2850 1823 2901 esset

144 2941 256 3013 dejecit,
271 2946 309 3007 et,
325 2939 507 3011 precipiatis
521 2940 674 3011 equitibus,
690 2957 779 3013 equos
796 2958 895 2996 eorum
909 2959 957 2996 so·
1008 2938 1173 3011 praesidium
1201 2938 1239 2994 ad
1264 2939 1341 3010 quod
1365 2938 1520 3010 confugere
1546 2939 1721 3010 potuissent,
1746 2954 1824 2995 seem

145 3034 197 3089 ciis
221 3033 417 3103 indigentibus
442 3032 559 3104 largiter
583 3034 704 3101 donavit,
725 3035 820 3105 sicque
843 3035 958 3090 militari
1008 3033 1085 3087 viem
1103 3048 1216 3088 crucem
1232 3032 1358 3104 ligneam
1378 3035 1636 3103 aspexemnt,ante
1655 3048 1747 3104 quam
1767 3050 1824 3089 om·

144 3126 286 3200 probitate
298 3126 373 3181 iuter
386 3128 545 3198 precipuos
554 3127 666 3198 pugiles
676 3145 728 3199 per
737 3129 836 3183 saecula
847 3084 996 3184 laudariC
1009 3143 1061 3181 nes
1074 3127 1187 3199 pariter
1200 3126 1288 3181 humo
1301 3130 1383 3181 tenus
1393 3126 1525 3197 prostrati
1539 3131 1614 3182 sunt.
1630 3126 1715 3191 Quod
1728 3126 1823 3183 ridens

144 3220 314 3293 promeruit.
1009 3220 1170 3289 llicharius,
1187 3220 1291 3275 timore
1306 3220 1355 3275 Dei
1367 3222 1554 3291 compunctus
1567 3224 1620 3290 cst,
1634 3225 1665 3276 et
1678 3238 1733 3293 pro
1751 3219 1824 3277 dulci

181 3314 706 3386 PulclieretprobissirnusFlandrila
724 3316 880 3371 lladullum
903 3318 958 3371 ltu·
1008 3330 1104 3369 amore
1130 3313 1279 3369 salvatoris
1303 3329 1415 3369 crucem
1444 3314 1505 3385 ejus
1528 3314 1575 3386 pie
1604 3314 1748 3370 reveritus
1771 3318 1822 3370 est.

144 3410 205 3466 lum
220 3412 248 3464 et
263 3410 367 3463 Lucam
384 3408 418 3463 de
440 3409 535 3477 ttarro,
550 3408 677 3481 aliosque
697 3402 828 3466 strennos
846 3411 958 3482 equites
1007 3408 1091 3463 tussit
1114 3423 1184 3480 ergo
1209 3406 1265 3462 suis
1281 3411 1312 3461 ul
1326 3423 1426 3462 omnes
1447 3410 1642 3463 consternatos
1663 3407 1823 3464 incolumes

144 3502 304 3577 prostravit,
329 3506 367 3572 et,
392 3501 520 3556 abductis
549 3518 649 3556 eorum
673 3503 762 3575 equis,
789 3494 959 3576 arroganter
1008 3502 1147 3571 sinerent,
1165 3506 1193 3555 et
1214 3502 1280 3572 ipsi,
1300 3518 1336 3556 ue
1358 3501 1595 3572 impedimentum
1608 3500 1727 3575 aliquod
1747 3504 1825 3573 pate·

145 3597 296 3663 intumuit,
325 3612 377 3650 nec
402 3595 527 3650 vicinum
555 3596 608 3650 sibi
635 3597 714 3651 triste
741 3597 832 3652 latum
860 3598 958 3653 callide
1009 3599 1118 3664 rentur,
1143 3595 1289 3665 inceptum
1314 3595 1368 3649 iter
1390 3598 1571 3667 peragerent.
1588 3594 1634 3651 Sic
1656 3594 1763 3651 nobilis
1783 3596 1824 3651 sir

145 3691 288 3764 precavit.
317 3690 452 3744 linietuni
478 3690 632 3759 ltritonem,
653 3693 685 3745 ut
709 3693 874 3763 quempiam
897 3693 957 3763 ple-
1008 3706 1060 3761 pro
1080 3688 1220 3745 creatoris
1235 3694 1312 3743 metu
1335 3688 1392 3744 lere
1417 3691 1530 3744 centum
1551 3688 1664 3743 villanis
1684 3690 1821 3762 pepercit,

144 3785 251 3852 heium,
267 3784 350 3839 solito
367 3799 445 3838 more
461 3784 594 3851 occurrit,
605 3789 633 3838 et
646 3800 711 3839 mox
722 3785 757 3838 ab
768 3802 802 3840 eo
816 3786 960 3840 lethaliter
1008 3801 1023 3837 a
1046 3782 1149 3854 quihus
1172 3782 1195 3836 si
1221 3781 1364 3854 prendere
1384 3798 1433 3837 eos
1455 3788 1560 3839 temere
1582 3784 1822 3855 praesumpsisset,

146 3894 293 3950 percussus
313 3877 423 3944 eccidit,
445 3883 473 3931 et
489 3893 586 3932 coram
608 3878 703 3932 rarrrltis
723 3884 830 3949 eaptus,
847 3885 908 3950 post
923 3896 958 3934 xv
1009 3877 1117 3949 grande
1143 3876 1266 3947 pretium
1295 3875 1409 3947 exigere
1436 3876 1582 3947 potuisset.
1610 3876 1719 3933 Eadem
1741 3878 1824 3950 septi·

147 3970 251 4025 diesin
267 3986 379 4025 carcere
397 3969 504 4025 Britolii
519 3971 680 4042 exspiravit.
1010 3987 1107 4037 suana,
1133 3986 1183 4041 per
1205 3970 1371 4038 llotronem,
1384 3970 1555 4026 avunculum
1572 3986 1666 4039 suum,
1688 3971 1752 4043 regi
1776 3988 1821 4026 rc-

182 4063 241 4117 llex
256 4062 411 4133 Arrglorum
431 4062 523 4117 lilium
544 4080 627 4118 suum
642 4063 812 4120 Richardum
831 4065 959 4138 aliosque
1010 4064 1176 4119 conciliatus
1189 4066 1241 4132 est,
1256 4066 1284 4118 et
1302 4066 1388 4118 totam
1403 4063 1433 4118 in
1449 4062 1552 4136 anglia
1572 4080 1621 4119 scu
1646 4064 1823 4121 Normannla

146 4170 338 4229 praecursores
351 4172 418 4210 sues
431 4158 543 4210 secutus
558 4165 600 4211 est
617 4173 683 4212 curn
706 4158 817 4229 ingenti
836 4163 957 4229 caterva,
1010 4166 1115 4217 terram
1135 4161 1280 4233 patrissui
1295 4161 1414 4233 adeptus
1429 4164 1481 4217 cst.

147 4250 241 4306 denuo
255 4254 437 4322 pugnaturus
449 4255 549 4304 contra
565 4251 735 4306 Francorum
751 4253 851 4321 millia,
870 4255 892 4308 si
915 4270 957 4309 re·
1043 4255 1150 4311 lteiude
1168 4270 1213 4309 rex
1228 4255 1391 4310 Uticensem
1404 4270 1510 4327 pagum
1524 4271 1590 4313 cum
1600 4256 1731 4311 exercitu
1741 4256 1822 4323 adiit,

145 4344 265 4415 perisset
290 4360 339 4398 eos
363 4344 391 4397 in
417 4348 490 4397 terra
515 4361 575 4398 sua.
591 4346 694 4399 Verum
717 4345 781 4416 ipsi,
804 4349 853 4419 qui
873 4349 959 4420 longa
1009 4354 1038 4406 et
1052 4349 1184 4404 inimicos
1197 4350 1332 4421 suos,qui
1345 4350 1448 4404 Glozet
1460 4348 1556 4403 Liram
1569 4348 1719 4418 tenebant,
1731 4350 1823 4406 risita-

147 4437 294 4493 ohsidione
309 4437 364 4493 rati
383 4442 449 4492 sunt
469 4438 607 4509 oppidum
627 4438 765 4507 obtinere,
780 4442 878 4497 eadem
902 4443 1059 4530 die,1)vit.
1073 4444 1151 4498 Tunc
1165 4442 1302 4498 nimirum
1326 4443 1472 4514 liegerius,
1486 4441 1632 4498 Guillclmi
1650 4442 1702 4498 tilii
1717 4444 1822 4501 barno·

145 4532 716 4605 frustrata,quesiturgidivenerant,spe,
726 4552 791 4589 cum
804 4536 959 4607 ignominia
1010 4539 1053 4593 nia
1068 4537 1153 4603 lilius,
1169 4537 1338 4608 praetorium
1350 4536 1416 4591 Gloz
1430 4536 1568 4606 servabat,
1584 4539 1613 4591 et
1625 4537 1768 4594 Ernaldus
1788 4538 1824 4594 de

145 4629 175 4683 ct
193 4627 282 4698 plagis
303 4626 332 4680 iu
356 4624 476 4681 Galliam
496 4627 637 4697 compulsi
658 4628 775 4683 rediere.
793 4630 959 4687 Sacerdotes
1011 4634 1095 4687 [lesco
1121 4632 1191 4686 hirae
1218 4631 1366 4703 municeps
1391 4635 1469 4699 erat,
1503 4630 1564 4702 qui,
1592 4647 1658 4686 cum
1687 4632 1825 4689 vidissent

146 4737 262 4795 quoque
281 4719 360 4791 justo
376 4719 483 4791 judicio
506 4721 580 4775 [teus
603 4721 739 4793 inglorios
763 4724 885 4793 reduxit,
907 4729 960 4782 tre-
1009 4728 1085 4799 (quod
1107 4726 1187 4797 regie
1206 4727 1295 4780 virtus
1316 4725 1413 4781 omnia
1427 4724 1615 4793 conculcaret,
1627 4730 1656 4781 et
1670 4725 1727 4781 sihi
1739 4743 1823 4783 omne

144 4831 235 4884 more,
261 4813 380 4881 damnis,
405 4812 483 4867 luctu
506 4818 534 4868 et
558 4813 723 4869 confusione
749 4816 884 4887 pertudit,
909 4820 959 4890 qui
1009 4821 1044 4876 ab
1055 4819 1205 4876 Eustachio
1219 4824 1248 4874 et
1258 4819 1399 4874 amalrico
1409 4818 1566 4874 subsidium
1582 4818 1744 4890 deiecisset,
1757 4836 1824 4876 cum

147 4924 226 4963 sacra
254 4907 334 4975 loca,
359 4923 423 4978 quae
450 4907 618 4962 sacerdotali
646 4924 768 4963 censura
795 4910 959 4968 debuissent
1010 4914 1142 4983 Radulso,
1158 4914 1207 4985 qui
1220 4912 1329 4968 vicians
1350 4912 1404 4967 sihi
1425 4918 1496 4980 erat,
1516 4912 1602 4968 locuti
1625 4920 1702 4984 sunt,
1723 4920 1752 4971 ct
1774 4933 1825 4989 per

148 5001 331 5073 praeuenire,
354 5001 463 5072 spurcis
486 5001 634 5074 avidisque
656 5002 846 5058 nebulonibus
869 5005 960 5078 impu·
1010 5025 1076 5063 eum
1090 5007 1223 5062 idoneam
1238 5006 1291 5062 sihi
1306 5021 1406 5079 pacem
1418 5022 1482 5061 cum
1499 5022 1569 5078 rege
1582 5007 1724 5079 fecerunt,
1741 5010 1825 5083 eique

148 5093 247 5150 denter
260 5094 483 5150 contaminanda
497 5095 649 5151 tradidere.
1010 5101 1058 5156 diu
1073 5104 1184 5156 serrata
1198 5100 1318 5156 tideliter
1331 5104 1424 5155 castra
1442 5100 1639 5156 reddiderunt.
1655 5102 1714 5158 llcx
1727 5108 1824 5159 autem

183 5188 259 5242 lunc
282 5188 448 5244 Guillclrnus
471 5189 506 5243 dc
532 5190 724 5261 Calrimontc,
752 5207 843 5263 gener
869 5194 958 5265 regis,
1010 5196 1128 5251 lladullo
1152 5195 1187 5250 de
1210 5194 1321 5249 Guader
1345 5194 1448 5249 eadem
1469 5195 1603 5264 restituit,
1626 5201 1656 5251 et
1679 5196 1825 5269 pacificata

148 5280 251 5353 aliique
271 5282 387 5353 superbi
405 5282 523 5351 tirones,
539 5283 603 5338 irati
617 5285 692 5355 quod
709 5285 816 5341 ttritolii
832 5287 902 5342 nihil
921 5290 960 5343 lu·
1006 5289 1066 5361 jam
1087 5289 1202 5360 regione
1223 5288 1360 5358 Uticensi,
1376 5289 1591 5361 llothomagum
1610 5306 1750 5362 reversus,
1763 5292 1824 5348 Deo

148 5374 220 5429 crati
238 5374 421 5442 fuissentne
442 5378 462 5431 T
465 5378 600 5447 egulensc
623 5383 746 5434 castrum
765 5381 827 5436 lere
846 5382 960 5438 ducenti
1011 5383 1115 5455 gratias
1129 5383 1233 5439 retulit.

147 5468 334 5538 diverterunt,
349 5472 382 5524 ut
396 5469 449 5524 sibi
464 5470 574 5542 aliquid
594 5474 781 5531 emolumenti
798 5492 848 5531 seu
868 5476 960 5532 laudis
1045 5478 1165 5543 Interea,
1179 5476 1255 5531 idem
1274 5476 1367 5544 heros,
1387 5477 1453 5549 quia
1472 5476 1627 5533 ltadullum
1651 5478 1686 5534 de
1704 5478 1825 5537 Cauchis

147 5561 332 5619 vindicarent.
356 5564 441 5618 Porro
467 5564 652 5633 Gislehertus,
674 5568 839 5639 Tegulensis
862 5571 961 5626 castel·
1010 5574 1171 5642 suspectum
1185 5569 1318 5639 habebat,
1331 5586 1384 5626 nec
1397 5570 1434 5625 ad
1456 5586 1524 5627 rura
1543 5588 1593 5628 soa
1605 5588 1671 5645 quae
1684 5574 1759 5631 oltra
1775 5573 1826 5631 Se·

135 5656 232 5725 Ianus,
248 5656 280 5711 ia
292 5655 394 5712 abdito
404 5656 471 5713 loco
485 5673 551 5715 cum
567 5659 738 5719 satellitibus
751 5661 809 5719 suis
821 5663 962 5737 latitabat,
1012 5679 1138 5735 quanam
1148 5666 1228 5729 sunt,
1240 5662 1298 5717 nisi
1306 5680 1360 5733 per
1372 5669 1479 5719 terram
1489 5664 1552 5735 aius
1562 5664 1606 5722 ire
1617 5670 1743 5739 poterat,
1759 5682 1825 5725 con-

116 5751 150 5809 et
160 5750 303 5823 humiles,
318 5768 360 5809 ne
372 5770 444 5812 rora
457 5772 511 5813 sua
526 5755 690 5817 latrunculi
704 5759 969 5838 depopularentur,
1022 5758 1088 5817 silio
1108 5757 1191 5831 regis
1208 5758 1337 5813 tentam
1349 5754 1452 5810 banca
1463 5754 1557 5821 ratri,
1567 5758 1834 5827 mmmmm
