3750 6046
83 190 134 248 745
511 192 668 257 HISTORIA
688 198 955 258 manumissum.
971 228 1006 239 -
1020 201 1104 255 taus
1123 200 1167 254 lll.
1184 229 1217 241 -
1233 201 1296 256 LlB.
1317 202 1348 257 x.
1709 190 1761 263 iil

81 318 156 384 rant,
172 316 221 387 qui
236 316 271 371 de
283 317 383 389 huglin
401 323 430 373 ot
446 320 509 376 aliis
524 322 621 378 insulis
635 324 734 379 Oceani
752 326 787 379 ad
803 326 896 395 sepul·
908 339 938 413 Α
949 326 992 378 nis
1005 324 1075 377 alitia
1089 340 1170 392 regno
1185 326 1344 395 reliquistis,
1357 326 1503 397 eisdemque
1509 328 1578 397 jani.
1588 332 1658 384 uota's
1668 333 1764 385 restris

79 424 162 464 crum
187 410 299 466 Domini
326 420 562 485 properaverunt,
586 434 619 471 ea
644 423 813 490 tempestate
839 435 897 490 qua
946 418 1073 474 nobiliter
1096 420 1218 488 captetis,
1241 423 1355 475 recisere
1379 421 1471 484 ocellis,
1494 425 1610 477 moniciae
1633 440 1692 479 oraru
1715 440 1761 480 cos

80 503 205 573 gentiles
222 505 401 562 Antiochiam
421 508 598 578 obsidebant,
620 517 648 566 et
665 513 695 568 io
717 513 785 567 urbo
805 513 896 569 Chris-
947 518 1042 582 urgeat
1055 512 1142 566 destris
1155 528 1230 567 amor
1243 513 1387 581 caeprianus
1402 520 1427 568 et
1441 514 1544 569 dilectae
1556 517 1664 579 sobolis,
1679 518 1760 586 offec-

79 594 175 652 tiauos
207 600 400 655 coarctabant.
434 602 585 659 Laodiceni
619 610 713 662 anum
748 608 896 663 insulanos
947 610 1039 674 iusque
1062 613 1210 675 pareutum
1233 608 1354 661 stimulet
1379 622 1410 661 aa
1437 610 1593 669 ionicorum,
1620 626 1686 679 quos
1709 627 1761 681 pro

78 689 263 746 Christicolas
285 698 430 763 gratanter
448 707 644 768 suscoperunt,
666 717 824 773 ccerrruuqne
845 702 896 756 toi·
947 698 1053 753 Christo
1072 700 1236 755 ‹laseratistrs
1252 703 1329 757 linem
1349 701 1386 754 acl
1405 701 1476 756 herrm
1493 703 1658 759 araluntotem
1677 720 1759 774 prero-

79 783 151 839 tioni
172 802 234 841 sese
256 789 354 842 contra
375 789 478 844 Tmcos
502 794 719 849 corrnnisernot.
739 797 896 852 interillos
944 793 1059 859 adesdum
1077 794 1225 862 lreoiqnito·
1243 799 1363 849 'wilram
1381 797 1510 865 percipile
1523 798 1674 860 consilium,
1688 798 1762 866 quod

77 878 208 949 Edgarns
232 880 385 953 hdeliugns
413 884 572 956 praecipuus
600 891 676 957 erat,
702 906 788 960 quem
812 890 893 961 Angli
943 887 1002 939 sine
1020 887 1100 941 ‹leelrio
1120 887 1202 947 rolris,
1222 887 1391 957 dispensante
1412 890 1474 950 ltro,
1492 890 1698 960 comprobabitis
1719 907 1761 946 su·

76 971 226 1043 quondam
246 979 445 1045 postmortem
466 980 579 1034 llaraldi
599 998 696 1053 regem
716 983 770 1036 sibi
789 984 895 1039 frustra
945 980 1019 1035 lubre
1038 986 1062 1033 el
1083 981 1256 1035 seminudum.
1280 982 1361 1036 Urbes
1379 987 1405 1037 u
1424 983 1534 1053 oppilla,
1552 1000 1613 1052 que
1631 987 1660 1037 in
1678 985 1761 1054 Surio

77 1066 279 1139 praefecerant.
302 1071 361 1141 lpse
381 1072 508 1143 protecto
527 1074 626 1130 nehem
647 1076 784 1133 succidam
803 1095 894 1135 snsce-
944 1074 985 1127 nel
1001 1075 1132 1128 ltoraam'o
1144 1074 1293 1144 possidetis,
1308 1075 1436 1130 dimittite
1450 1076 1526 1130 nohis
1538 1077 1576 1130 acl
1592 1092 1658 1147 opus
1672 1079 1757 1148 lorpe-

76 1161 130 1231 pit,
146 1164 176 1215 et
192 1162 326 1218 liodberti
346 1163 424 1219 ducis
440 1166 570 1222 fidelinrti
587 1170 714 1238 servarit,
731 1171 813 1242 eique
830 1176 894 1244 past
944 1168 1051 1221 rator-ts.
1073 1170 1128 1223 clos
1153 1174 1244 1223 eructem
1267 1169 1340 1223 uerbis
1362 1171 1490 1239 optimum
1516 1170 1626 1225 classem
1648 1187 1758 1241 prapa-

76 1258 220 1325 tropaeum
234 1256 268 1311 de
282 1259 400 1328 paganis
421 1258 571 1332 delegarit.
585 1263 632 1317 llic
650 1281 769 1335 corpore
787 1266 893 1336 specio·
943 1261 1076 1327 cedrinus,-
1089 1276 1134 1316 eos
1150 1267 1174 1315 et
1191 1278 1279 1317 orruus
1297 1264 1452 1332 quinamque
1466 1279 1510 1317 eas
1524 1268 1600 1332 sequi
1612 1265 1756 1327 rolaeriut,

75 1362 135 1413 sus,
150 1347 249 1419 lingua
268 1349 399 1422 disertus,
420 1352 544 1407 liberalis
560 1359 589 1409 et
609 1372 774 1426 generosus,
794 1363 892 1429 utpote
942 1358 999 1409 stac
1019 1356 1101 1410 nam
1123 1356 1383 1425 (tanctnmmcrpotnn
1400 1358 1438 1409 eut
1455 1360 1608 1427 rtrcqecstum
1628 1359 1757 1415 ‹sarranic-

75 1440 200 1496 Ednardi
222 1444 298 1515 regis
318 1447 465 1500 llonornm
487 1448 571 1519 lilius,
588 1449 637 1504 sed
658 1451 777 1506 dextera
798 1454 892 1523 segnis
943 1450 1129 1515 reimmittere
1146 1466 1342 1520 nsqucpnncm
1359 1454 1493 1505 cirinum
1511 1458 1535 1507 et
1551 1468 1664 1522 «quemque
1684 1455 1759 1509 nobis
1843 1460 1846 1465 '

76 1540 148 1601 erat,
164 1535 322 1608 ducemque
338 1539 389 1592 sibi
404 1556 531 1595 coaerum
545 1548 572 1596 et
588 1544 666 1614 qnasi
686 1546 889 1601 collactaneum
942 1548 1092 1598 necessario
1114 1546 1217 1610 luerint
1240 1544 1346 1613 (affinior
1369 1546 1612 1615 srcppconathnas
1634 1550 1756 1616 tenpora-

76 1627 198 1683 lratrem
214 1629 360 1702 diligebat.
942 1640 1007 1693 toris
1028 1640 1099 1693 enim
1121 1639 1287 1693 saluritatem
1307 1642 1336 1692 in
1358 1640 1407 1692 luto
1429 1655 1458 1693 re
1481 1642 1684 1711 semustaque
1706 1642 1759 1696 tati

112 1722 271 1778 Rodbertns
291 1725 385 1798 itaque
406 1727 460 1782 dux
481 1728 640 1784 Laodiciam
663 1731 749 1802 Syriae
770 1733 891 1804 adeptus
901 1708 929 1780 Β
941 1734 1048 1786 seruitio
1061 1732 1167 1801 placere
1180 1733 1324 1801 gliscimus.
1340 1735 1454 1787 Francos
1467 1734 1563 1788 trahere
1577 1749 1664 1788 secum
1677 1734 1758 1789 valde

74 1821 129 1885 est,
146 1817 243 1889 ibique
263 1836 328 1874 cum
350 1821 520 1877 hormannis
540 1830 569 1879 et
586 1827 684 1897 Anglis
703 1833 787 1899 atque
804 1828 891 1884 Bcito-
940 1827 1112 1895 concupiscit,
1131 1841 1273 1894 correctique
1294 1829 1476 1881 constantiam
1496 1832 1521 1881 et
1540 1829 1659 1882 oioaoem
1678 1830 1757 1883 arrui-

73 1911 161 1966 nibus
181 1912 342 1984 aliquandiu
364 1921 557 1972 commoratus
578 1926 629 1974 est.
645 1920 782 1976 Custodes
802 1921 889 1977 etiam
939 1934 998 1973 sirm
1012 1920 1166 1974 ardiniratur
1181 1936 1212 1974 oc
1230 1920 1331 1987 diligit.
1347 1922 1445 1977 Nostro
1463 1922 1586 1976 corisultu
1601 1936 1651 1991 per
1667 1924 1757 1992 ipsum

74 2022 142 2059 suos
155 2006 185 2059 in
202 2006 410 2063 munitionibus
428 2011 582 2079 constitnit,
597 2015 710 2082 qnando
730 2015 891 2085 peregrina·
939 2013 1103 2082 fiducialiter
1124 2016 1170 2076 ite,
1193 2019 1218 2068 et
1241 2016 1416 2083 emperiemini
1440 2015 1581 2070 coresilium
1602 2016 1679 2070 istem
1703 2030 1756 2071 esse

74 2098 182 2155 tionem
204 2116 286 2155 stram
308 2101 343 2157 ad
363 2104 550 2159 munitionem
573 2107 684 2162 [taurini
703 2109 767 2163 lesu
789 2109 889 2163 Christi
939 2106 1012 2160 nobis
1028 2108 1104 2160 utile

72 2195 195 2265 peregit.
977 2200 1072 2253 Franci
1099 2200 1204 2270 pariter
1228 2201 1369 2255 consiliati
1393 2204 1468 2267 snut,
1492 2203 1520 2255 et
1546 2203 1645 2268 multa,
1669 2204 1755 2273 prout

110 2290 222 2344 Interea
240 2290 428 2359 Rarcndiuos,
444 2292 623 2364 imperatoris
635 2296 725 2349 Aloxii
745 2301 888 2366 protaspa-
940 2293 1133 2366 urrusqoisqne
1152 2298 1361 2349 commentatos
1378 2301 1430 2362 est,
1447 2294 1546 2349 callide
1562 2294 1755 2351 considerare-

72 2382 172 2449 tarins,
194 2382 298 2455 aliique
318 2388 450 2440 stratores
474 2388 583 2459 narigio
606 2395 754 2456 reuernut,
774 2396 802 2445 et
823 2408 888 2446 eum
939 2393 1014 2442 runt.
1039 2387 1180 2458 Principes
1199 2387 1277 2441 enim
1297 2404 1362 2441 cum
1383 2388 1516 2443 comitatu
1538 2404 1587 2442 sno
1609 2388 1754 2460 segregati

72 2491 181 2547 magno
202 2478 329 2533 exercitu
351 2479 495 2535 civilatem
518 2481 699 2537 obsederunt.
720 2483 823 2538 Urbani
841 2501 889 2539 aa·
939 2484 1014 2547 snut,
1031 2485 1060 2535 ct
1079 2480 1117 2534 sic
1137 2480 1311 2535 adinvicem
1330 2481 1414 2535 locuti
1434 2487 1500 2535 suut
1516 2499 1523 2536 :
1539 2482 1605 2536 Ecce
1617 2483 1646 2536 in
1660 2488 1752 2538 catra-

72 2572 145 2636 tem,
167 2571 358 2642 compatriotis
380 2574 437 2628 sois
458 2574 595 2637 forentes,
617 2575 774 2646 Cisalpinos
796 2578 886 2648 ejece·
939 2590 1017 2628 neam
1036 2578 1168 2644 regionem
1188 2576 1306 2641 elonqoti
1324 2590 1427 2635 seimus.
1448 2580 1529 2644 utque
1548 2576 1586 2628 ad
1603 2580 1695 2631 nostra
1714 2592 1754 2633 re·

71 2667 151 2731 runt,
166 2666 195 2719 et
207 2666 373 2736 Augustales
385 2668 511 2737 praelecti
525 2685 542 2723 a
554 2670 655 2724 Graecis
668 2678 698 2724 et
712 2671 789 2742 Syris
802 2672 888 2726 intro·
937 2668 1015 2736 orcae·
1034 2684 1197 2738 summopere
1218 2669 1411 2723 desideramus.
1433 2671 1486 2723 Ast
1506 2671 1613 2736 gemino
1635 2669 1754 2739 difficul-

71 2757 152 2812 missi
175 2762 251 2813 sunt.
277 2759 357 2823 Quod
378 2760 497 2816 audiens
520 2764 713 2832 Bnannmdus,
737 2766 886 2820 confestim
938 2767 993 2817 tole
1012 2767 1231 2832 conrequstumor.
1248 2765 1297 2818 llic
1319 2764 1416 2817 cterrim
1435 2763 1584 2831 honorilice,
1605 2769 1636 2816 ut
1658 2764 1755 2818 nobili·

69 2851 139 2906 illoc
158 2868 224 2906 cnm
245 2853 369 2908 exercitu
388 2856 555 2923 convolarit,
571 2863 600 2912 ct
619 2858 725 2913 diutius
745 2859 886 2914 obsessam
938 2860 1019 2911 testem
1038 2861 1158 2911 nostrum
1175 2856 1258 2919 accere,
1271 2858 1403 2911 remorari
1420 2858 1570 2925 nequimus,
1588 2872 1634 2911 nee
1648 2860 1678 2910 in
1693 2858 1755 2914 Col-

70 2945 173 3000 nrbem
189 2946 295 3000 crebris
311 2948 462 3003 assultibus
476 2951 664 3022 impugnavit.
679 2954 808 3023 Cumque
823 2955 888 3009 Lan-
938 2950 988 3004 lios
1017 2966 1134 3005 rememc
1157 2954 1213 3005 sine
1238 2952 1318 3018 praei
1345 2930 1499 3005 alherimine
1526 2950 1655 3005 caninas.
1681 2953 1751 3006 Buec-

70 3038 167 3095 diceni
180 3046 207 3095 et
222 3041 343 3096 Thraces
356 3042 479 3099 reditum
491 3045 793 3116 lerosolynritauornm
808 3065 883 3102 com·
936 3044 1069 3105 morellus,
1096 3045 1267 3099 Antiochiam
1297 3050 1323 3098 et
1353 3044 1569 3113 circumjacentes
1596 3046 1753 3114 prouincias

69 3132 229 3204 perissent,
256 3140 419 3190 metuentes
445 3154 479 3191 rie
508 3138 746 3209 insuperabilem,
772 3142 795 3196 si
822 3158 886 3197 cou-
933 3138 1082 3209 possidens,
1104 3142 1202 3208 peissun
1226 3139 1395 3200 donrirnrtur,
1417 3153 1464 3192 uec
1486 3139 1517 3190 in
1539 3137 1580 3191 his
1600 3138 1753 3207 ropionibus

68 3232 265 3296 necterentur,
286 3230 441 3284 erorcitum
463 3231 597 3302 lacerent,
619 3233 719 3304 legatis
739 3239 766 3288 ct
788 3251 886 3290 mune-
934 3248 1028 3302 petrem
1044 3233 1097 3286 sibi
1120 3232 1262 3303 quemlihet
1281 3234 1344 3301 poti
1362 3232 1505 3301 dignatur.
1525 3233 1672 3301 h'eroiqium
1690 3246 1753 3287 eero

68 3321 149 3375 ribus
173 3322 274 3378 callide
296 3325 449 3394 prraernissis
474 3343 521 3379 eos
548 3326 708 3397 illexerunt,
733 3329 829 3400 cisque
856 3334 887 3384 ut
935 3326 972 3380 acl
986 3326 1219 3392 transfretandum
1232 3326 1308 3380 nobis
1320 3324 1401 3387 deest,
1418 3329 1442 3380 et
1461 3328 1511 3380 iter
1526 3326 1602 3380 erotis
1615 3330 1751 3388 terrestre,
1840 3334 1845 3341 '

68 3416 163 3471 securi
184 3416 218 3471 ad
241 3417 340 3472 urbem
360 3435 439 3473 snam
463 3419 666 3475 defensandam
686 3426 883 3494 properarent,
936 3421 991 3473 nisi
1010 3435 1059 3489 per
1081 3425 1180 3473 terram
1202 3420 1330 3487 Augusti,
1354 3420 1461 3474 eccillum
1481 3425 1530 3473 est.
1553 3421 1646 3481 Porro,
1668 3419 1749 3487 illud,

67 3509 292 3565 mandaverunt.
324 3512 415 3583 lgitur
440 3513 495 3581 illi,
522 3515 583 3569 haec
608 3515 770 3584 audientes,
796 3516 886 3587 gavisi
935 3515 989 3567 nisi
1008 3514 1214 3567 benevolentiam
1234 3512 1292 3579 ejus
1312 3513 1492 3574 hahuerimus,
1504 3514 1682 3583 periculosum
1698 3520 1748 3573 cst.

68 3607 147 3671 sunl,
166 3607 194 3659 et
218 3606 373 3674 venientes,
393 3607 421 3661 in
442 3608 510 3663 urbe
529 3626 546 3662 a
566 3609 672 3664 civibus
694 3610 807 3680 pacifice
828 3627 886 3665 sns—
934 3607 1046 3676 ideoque
1075 3608 1146 3661 inter
1176 3606 1304 3659 terrboros
1334 3607 1435 3660 incolas
1459 3622 1511 3675 per
1541 3606 1637 3660 dubios
1668 3606 1749 3660 stilles

67 3699 145 3770 cepti
163 3703 237 3754 suat.
255 3699 360 3754 Deinde
377 3701 461 3755 rebus
476 3718 540 3772 quae
558 3702 719 3758 acciderant
733 3704 882 3773 ventilatis,
934 3701 1118 3755 meticulosum
1144 3706 1192 3754 est.
1218 3699 1378 3753 itlultirnoda
1403 3704 1515 3766 egestate
1540 3702 1698 3769 promimur,
1724 3705 1751 3755 et

68 3795 99 3847 et
109 3792 245 3847 omnibus
255 3794 407 3866 utrobique
420 3796 566 3866 mitigatis,
579 3796 735 3852 llodhertus
748 3798 805 3853 dur
819 3814 883 3853 cum
933 3795 1081 3849 multarum
1106 3794 1355 3848 iocorumoclitatum
1380 3798 1452 3847 iaetu
1479 3795 1616 3862 scorpiorum
1644 3794 1750 3860 lugenti

66 3886 262 3942 consodalibus
293 3889 351 3943 suis
380 3889 545 3944 Bnanruudo
580 3891 723 3946 mandarit
754 3897 787 3948 ut
817 3909 882 3947 cnm
934 3889 1023 3943 labore
1039 3889 1157 3958 sertiqati
1175 3902 1279 3949 sumus,
1300 3903 1330 3943 aa
1349 3887 1386 3940 ad
1405 3893 1536 3953 nostram,
1556 3892 1587 3940 ut
1599 3886 1661 3955 jann
1681 3889 1750 3942 sertis

64 3996 136 4055 pace
157 3981 319 4050 recederet3
336 3981 472 4053 alioquin,
488 3984 521 4037 ad
540 3983 644 4039 bellum
666 4002 725 4040 sese
746 3986 883 4040 maturius
934 3983 1034 4037 clintum
1059 3986 1107 4049 est,
1131 3983 1253 4051 patriom
1277 3981 1366 4035 redire
1390 3986 1578 4050 pampinorum
1602 3980 1676 4049 quod
1700 3996 1750 4050 per

64 4080 254 4146 praepararet.
280 4075 462 4129 Bnamundus
484 4080 590 4137 auteur.
612 4079 655 4132 his
679 4078 793 4146 auditis,
817 4096 883 4134 suos
932 4093 1006 4131 mare
1026 4093 1070 4131 serr
1092 4093 1142 4147 per
1166 4082 1276 4137 terram,
1300 4078 1354 4129 nisi
1372 4092 1420 4144 per
1443 4091 1542 4129 mances
1565 4077 1747 4144 inperatoris,

64 4169 241 4237 convocarit,
263 4174 292 4222 et
314 4169 383 4240 qnid
405 4169 434 4224 in
458 4171 542 4224 tontis
568 4172 774 4226 incursionibus
797 4190 883 4244 agen·
929 4176 1086 4240 perpetrare
1109 4188 1161 4225 eron
1186 4170 1316 4224 salernus.
1344 4168 1415 4234 Quid
1439 4185 1501 4239 erqo
1524 4171 1676 4237 socierum?
1698 4170 1749 4224 llic

64 4263 136 4319 diam
158 4265 232 4317 esset
251 4262 438 4335 investigarit.
458 4265 562 4320 Omnes
584 4270 786 4335 persuaserunt
805 4272 834 4321 nt
852 4267 881 4321 in
932 4265 1038 4319 diutius
1056 4264 1212 4319 ressonandi
1230 4269 1321 4318 rotam
1342 4279 1394 4317 uon
1410 4269 1459 4329 est,
1476 4266 1648 4332 omniumque
1663 4278 1749 4333 penu

62 4373 136 4429 paco
161 4358 315 4425 recederet,
338 4358 452 4428 suisque
477 4362 636 4426 contentus,
658 4359 755 4414 aliena
779 4360 881 4432 injuste
931 4362 975 4412 rio
996 4374 1084 4412 rerrrm
1108 4360 1186 4427 aeqris
1204 4363 1230 4412 et
1247 4359 1325 4424 (assis
1343 4357 1479 4412 casalibus
1501 4360 1529 4411 in
1546 4363 1675 4427 promptu
1696 4361 1745 4412 est.

63 4468 125 4506 nou
146 4450 307 4521 irrraderet3
329 4468 363 4505 ue
379 4454 478 4506 contra
496 4453 596 4507 tratres
612 4459 640 4508 et
657 4458 787 4508 strenuos
807 4448 1067 4519 com-DPromissa
1084 4453 1169 4519 iqitnr
1188 4454 1347 4517 armornm,
1369 4451 1430 4506 lieet
1448 4450 1600 4520 erosipettes
1621 4453 1688 4515 sint,
1708 4465 1748 4505 re·

64 4561 150 4617 pares
163 4543 321 4612 dimicaret,
337 4552 364 4599 et
381 4544 418 4599 sic
435 4546 522 4600 Derim
539 4544 574 4599 ad
590 4545 766 4601 iracundiam
782 4553 882 4602 contra
931 4548 1073 4617 cipiomus,
1086 4552 1110 4601 et
1124 4547 1158 4600 oh
1170 4548 1207 4601 eis
1218 4548 1326 4615 pacifice
1339 4546 1442 4611 oblecto,
1454 4547 1579 4614 quoniam
1595 4544 1749 4599 Christiani

63 4656 97 4693 se
112 4644 295 4711 provocaret3
313 4656 348 4694 ne
368 4639 529 4694 scandalum
544 4640 707 4695 Christianis
727 4645 756 4696 et
772 4641 882 4696 caclrin-
931 4645 1004 4708 suot,
1015 4642 1070 4695 laeti
1083 4641 1270 4710 suscipiamus,
1282 4640 1354 4708 quod
1366 4639 1441 4694 notro
1456 4644 1485 4692 nt
1497 4640 1628 4705 (crement,
1640 4638 1747 4692 abitinis

63 4749 137 4789 num
164 4733 283 4803 paganis
309 4737 466 4802 generaret,
496 4749 547 4787 nec
572 4734 707 4788 etl'nsioue
731 4734 880 4791 Christiani
927 4735 1053 4806 precibus
1066 4735 1201 4789 obsecrare
1214 4734 1377 4789 elaboremus.

62 4826 175 4882 cruoris
190 4828 311 4897 gloriam
328 4844 385 4881 soar
404 4827 578 4881 strenuitatis
596 4828 756 4883 macularet.
771 4829 879 4883 blades-
966 4829 1090 4884 Tandem
1112 4827 1183 4882 Calli
1204 4828 1271 4893 heo,
1291 4827 1321 4880 iu
1338 4826 1418 4896 cujus
1441 4842 1526 4880 mann
1547 4832 1613 4879 suut
1633 4825 1743 4895 omnia,

61 4921 283 4991 insigitnrdnx
302 4921 521 4992 prolanditatem
543 4921 660 4976 rationis
679 4922 880 4993 perspicaciter
930 4939 991 4977 sese
1017 4921 1297 4987 commendaverunt,
1323 4922 1352 4974 et
1377 4920 1527 4990 indigenis,
1552 4919 1580 4972 iu
1610 4919 1744 4974 omnibus

61 5015 196 5086 inspexit,
213 5022 242 5069 ct
262 5015 398 5070 utillimos
416 5016 574 5086 sophorum
594 5015 718 5070 monitus
733 5020 825 5071 astute
839 5016 880 5070 ia·
931 5033 995 5088 qum
1011 5015 1233 5088 spoponderant,
1248 5013 1413 5085 benigniter
1425 5017 1597 5067 arianorum.
1616 5012 1657 5066 llli
1673 5028 1744 5084 ergo

61 5107 196 5180 telligeus
222 5109 371 5180 acquievit,
395 5114 433 5177 et,
457 5109 587 5180 quamvis
613 5115 739 5179 maestus,
763 5126 878 5165 suornm
930 5109 1083 5164 admodum
1101 5108 1185 5163 letan
1204 5113 1280 5175 sunt,
1296 5112 1324 5161 et
1338 5123 1402 5179 qnoe
1416 5105 1605 5177 promiserant
1619 5105 1745 5161 fideliter

58 5209 160 5259 tarneu
174 5219 226 5274 pro
243 5203 400 5258 reverentia
413 5203 566 5264 sociorum,
581 5220 647 5258 cnm
663 5204 720 5259 suis
733 5204 877 5260 abscessit.
929 5203 1153 5274 compleverunt.
1169 5204 1324 5272 imperator
1342 5204 1438 5255 autem
1455 5199 1602 5255 venientes
1622 5202 1744 5257 Francos

97 5296 226 5353 Tutiores
241 5297 337 5369 itaque
357 5298 467 5368 Pelasgi
487 5303 516 5353 el
535 5298 597 5370 Syri
617 5298 653 5353 do
672 5297 879 5353 commoditati·
929 5295 1086 5353 honorilice
1117 5296 1248 5365 suscepit,
1275 5300 1314 5359 et,
1342 5293 1449 5349 auditis
1476 5293 1651 5365 pactionibus
1674 5311 1744 5365 qnos

58 5392 115 5448 bns
129 5392 187 5447 snis
200 5395 402 5460 tractaverunt,
420 5397 524 5463 etpost
543 5391 650 5464 aliquot
669 5392 729 5447 dies
749 5409 878 5448 seorsum
929 5392 1022 5447 delini
1038 5390 1207 5462 pepigerant
1226 5392 1254 5443 et
1271 5387 1340 5443 Colli
1358 5395 1565 5457 concesserant,
1583 5388 1743 5457 exsultarit,

59 5489 204 5542 nostrates
232 5491 395 5540 conmeatus
420 5486 459 5541 sic
486 5487 562 5542 allati
586 5490 653 5542 sunt
680 5504 686 5541 ι
712 5489 813 5556 laclqti
836 5503 877 5542 se·
929 5490 956 5540 et
987 5484 1127 5555 imperiali
1157 5482 1323 5538 auctoritate
1355 5481 1543 5537 confirmavit.
1570 5482 1744 5537 Permanere

58 5585 160 5644 niores,
178 5597 290 5651 quorum
304 5582 383 5651 tidem
399 5598 431 5636 ac
449 5585 635 5637 strenuitatem
647 5582 707 5651 jaro
728 5586 798 5637 totus
816 5597 876 5649 cop·
929 5595 992 5634 cnm
1018 5578 1066 5634 illo
1088 5577 1246 5633 volentibus
1270 5591 1390 5647 magnos
1413 5576 1537 5631 bonores
1562 5575 1677 5640 obtulit,
1701 5592 1744 5631 re·

60 5678 138 5731 norit
151 5676 233 5739 orbis,
250 5677 344 5730 arradite
358 5677 439 5731 rerba
452 5692 512 5745 quae
526 5677 592 5731 bono
607 5679 697 5732 orrimo
717 5692 787 5731 anne
806 5676 876 5730 alioc-
929 5672 1084 5728 dauntibus
1101 5689 1168 5728 vero
1187 5671 1216 5727 in
1235 5671 1372 5727 Occiduas
1387 5674 1480 5741 partes
1499 5670 1578 5741 larga
1598 5669 1679 5724 xenia
1695 5669 1743 5723 do·

58 5786 120 5827 mers
143 5770 228 5825 nohis
249 5770 346 5824 Palam
365 5772 462 5825 sumus
482 5771 555 5841 quod
577 5786 660 5826 causo
680 5771 877 5842 perepmnatio-
930 5768 1014 5823 travit.
1037 5766 1213 5823 Raimnndns
1231 5780 1311 5839 orgo,
1324 5764 1478 5821 tolosanas
1493 5779 1606 5827 comm,
1620 5762 1758 5831 anundus

223 5867 359 5933 Parnon.
381 5865 589 5933 effluvio.
1569 5862 1620 5921 qlh
