3750 6046
391 154 543 210 HISTORIA
562 155 827 212 accusatasuea.
843 184 878 197 —
898 158 983 213 PARS
1002 158 1045 214 tlt.
1062 186 1096 200 —·
1115 160 1178 216 Lttt.
1199 160 1243 217 xl.
1609 162 1660 216 818

84 294 153 334 suas
167 279 289 350 ingratis
302 297 354 353 per
373 274 596 354 imprudentiam
617 283 796 355 permiserat.
809 284 937 368 Arteria.
950 288 1018 342 Hinc
1031 288 1117 342 turbae
1133 303 1287 358 pauperum
1303 289 1390 359 pulsa
1401 293 1466 344 suut
1485 290 1514 343 in
1534 288 1659 344 cnsilium

72 390 83 427 s
104 377 214 441 autem,
233 392 303 447 quos
323 377 352 431 iu
376 376 448 432 balta
469 385 591 449 ceperat,
614 378 643 433 in
666 379 797 449 angliam
849 395 932 448 repna
943 396 994 450 per
1007 386 1119 449 estera3
1139 387 1164 437 et
1175 383 1256 437 rebus
1270 399 1300 438 arc
1316 384 1440 454 praediis,
1458 398 1518 454 quar
1530 385 1572 454 pii
1586 384 1660 439 baro

72 469 146 536 ravit,
166 474 194 525 et
209 471 328 541 perenni
348 473 494 543 ergastulo
514 473 694 528 Guillelmum
714 474 797 529 litori-
849 489 894 529 nes
912 479 993 530 anteo
1013 476 1155 539 materam,
1179 478 1297 548 spoliata
1318 484 1384 533 sunt
1402 480 1592 534 monarchorum
1610 493 1661 533 caa-

73 581 134 620 sem
163 581 195 619 ac
223 565 398 619 Radbertum
428 566 462 621 de
487 566 644 634 Steterilla,
672 567 799 641 aliosque
849 568 940 624 nobie.
962 570 1041 628 Nulli
1058 572 1190 641 parcebat
1205 573 1360 643 iniquorum
1378 573 1515 627 ualentia.
1534 574 1664 629 limeret

72 658 138 714 altos
153 659 361 714 condemnavit.
376 660 537 715 lnllaribilis
552 677 680 732 argaeos
693 664 795 734 perdu-
849 662 937 718 luctus
961 664 1106 735 implebant
1128 668 1227 720 omnin.
1250 666 1375 733 moridie
1395 666 1582 736 multipliciter
1603 682 1661 722 cre·

80 756 108 809 et
122 753 254 825 quamvis
268 755 424 809 multorum
444 754 574 825 precibus
594 772 626 809 ac
642 757 796 828 promissis,
848 763 935 812 scente
950 759 1083 814 malorum
1095 762 1230 830 nequitia,
1243 776 1312 830 pene
1326 763 1413 815 omnis
1423 760 1564 831 deperibat
1575 761 1664 816 diuini

74 847 207 921 ribusque
226 848 352 920 pulsatus
372 848 480 917 luisset,
506 866 653 922 nunquam
676 851 798 908 emolliri
848 852 934 907 cultas
952 856 1112 908 currentia.
1135 855 1239 924 Lonqas
1263 855 1360 909 meede
1382 855 1507 923 arnbaqes
1525 855 1663 924 protelare

848 948 1012 1016 superfluum
1034 954 1082 1002 est.
1106 950 1170 1004 Eece
1194 949 1315 1004 aidanus
1335 949 1462 1004 basilicas
1484 950 1512 1003 in
1536 949 1661 1019 pluribus

72 1045 169 1100 ibertus
182 1046 351 1101 Betesmerrsr‘s
365 1048 535 1102 Normannus
550 1050 798 1103 eontrallenrr'cum
847 1041 1020 1096 Normnnuiae
1040 1042 1105 1096 locis
1130 1047 1320 1105 concrematas,
1344 1042 1464 1097 dioeceses
1483 1042 1660 1112 parochianis

156 1141 243 1194 reqem
259 1142 353 1182 rursus
365 1129 484 1182 caecitare
500 1132 621 1183 conatur.
847 1138 1001 1201 macretas,
1027 1140 1052 1189 et
1076 1136 1164 1198 urbes,
1188 1136 1323 1206 villasque
1344 1135 1460 1191 malitiis
1482 1141 1509 1191 et
1532 1137 1660 1191 arumnis

72 1222 179 1278 ibertus
198 1229 294 1278 autern
310 1225 508 1291 Belosmensis,
529 1225 664 1280 frustrata
679 1241 728 1297 spe
749 1226 798 1281 ali·
849 1228 949 1297 ubique
960 1229 1089 1298 repletus.
1105 1229 1225 1284 Nobilem
1238 1231 1329 1299 itaque
1344 1231 1516 1298 prouinciam
1529 1234 1570 1296 tu,
1586 1244 1659 1284 mra-

72 1333 128 1372 ram
142 1321 299 1388 putaverat,
315 1318 399 1373 nimis
413 1318 564 1390 ingemuit,
586 1323 615 1375 et
636 1324 734 1375 eontra
757 1337 797 1375 re·
843 1322 979 1392 plicesque
994 1325 1035 1376 tui
1044 1324 1250 1393 coinquinastis,
1263 1329 1288 1377 et
1297 1324 1369 1378 iram
1381 1325 1431 1377 liei
1442 1328 1537 1378 contra
1548 1329 1661 1379 uosmet·

72 1411 320 1466 lenricnmadhue
339 1412 442 1467 ballare
463 1414 567 1481 nitens,
588 1415 695 1470 ileliam
712 1414 797 1470 comi·
846 1419 918 1487 ipsos
940 1418 1080 1472 irritastis.
1105 1419 1183 1472 lusto
1207 1417 1308 1485 judaie
1335 1419 1385 1471 liei
1408 1421 1499 1472 actam
1524 1423 1563 1473 est
1586 1418 1661 1488 quod

72 1506 186 1576 apeliit.
205 1508 324 1570 ltonrirre,
345 1508 446 1578 iuquit,
466 1523 559 1569 carnes,
574 1525 699 1564 sraccurre
719 1510 796 1572 milri,
847 1512 965 1566 amatori
976 1514 1054 1581 pacis
1066 1517 1091 1565 ct
1108 1511 1224 1580 justitiae
1237 1513 1353 1566 uictoria
1371 1512 1472 1566 celitus
1486 1511 1588 1566 collata
1607 1517 1657 1573 est,

75 1603 163 1669 ,qaia
182 1606 243 1654 tans
259 1600 334 1654 borno
347 1617 416 1663 srrrn,
433 1609 458 1656 et
475 1605 611 1671 inqentern
631 1606 660 1657 in
682 1610 706 1657 te
723 1604 795 1673 fidu·
847 1609 928 1675 ratque
941 1608 1078 1660 contraria
1091 1620 1156 1675 pars
1166 1607 1275 1675 penitas
1287 1605 1384 1660 obruta
1397 1609 1444 1660 est.
1461 1604 1562 1659 Contra
1579 1605 1658 1659 illurn

72 1694 156 1748 tabeo.
172 1696 238 1748 Ecce
251 1711 323 1748 nuru
336 1711 384 1763 ope
398 1700 444 1749 tua
455 1696 572 1762 indiqeo,
584 1700 648 1766 quia
658 1697 796 1751 inmeando
809 1671 834 1741 Β
846 1700 1002 1754 nullatenus
1022 1715 1163 1769 assurqere
1185 1701 1271 1761 nitur,
1295 1713 1328 1752 ne
1348 1701 1441 1765 Deum,
1456 1700 1504 1768 qui
1523 1702 1659 1767 protector

93 1803 182 1841 rrrrnn
204 1790 331 1857 praralet
351 1792 481 1855 corrsrrsio.
507 1794 569 1846 Ecce
589 1791 687 1858 junior
706 1792 796 1858 feriter
846 1792 900 1862 ejus
923 1797 969 1856 est,
984 1793 1127 1863 offendens,
1147 1795 1177 1847 in
1198 1809 1239 1847 me
1259 1807 1405 1862 prouocare
1427 1792 1531 1846 uidear.
1549 1792 1657 1852 Verum.

72 1882 152 1947 iorem
165 1886 285 1937 surremit
298 1902 305 1945 ;
324 1899 414 1937 seruus
430 1887 458 1937 in
479 1885 545 1939 betto
564 1885 702 1939 ‹tornitrum
716 1900 795 1940 secatur
845 1890 870 1941 si
881 1888 1063 1958 nraliqnitatis
1079 1892 1190 1942 conatus
1205 1893 1231 1942 et
1243 1886 1387 1942 rnalcuolos
1403 1890 1476 1941 astus
1488 1886 1655 1956 deposueris,

72 1979 129 2041 ruit,
144 1983 168 2030 et
184 1979 278 2031 cinctis
292 1978 400 2045 traiectu
417 1980 518 2032 raoitrrnr
531 1994 635 2048 quoquc
652 1980 696 2033 itti
710 1980 793 2034 trare·
846 1988 871 2035 et
884 1982 916 2036 dc
930 1984 1050 2036 amicitia
1060 1984 1179 2052 potentis
1190 1983 1349 2052 sceptriqeri
1360 1981 1508 2052 repetenda
1524 1983 1656 2035 tractore-

72 2086 94 2124 rn
111 2072 233 2133 abstulit,
248 2074 338 2140 sicque
355 2073 483 2141 perp'rnus
499 2074 602 2127 domiai
619 2076 664 2128 sui
675 2076 742 2143 juro
761 2077 795 2128 si·
845 2078 893 2139 ris,
909 2079 937 2129 in
961 2077 1008 2130 boc
1029 2090 1069 2130 ure
1095 2078 1136 2129 tut
1158 2079 1313 2146 proruptum
1328 2076 1479 2145 aaljutorem
1501 2090 1565 2143 erqa
1578 2074 1659 2129 illum

82 2165 206 2233 sutq'ecit.
232 2168 325 2228 Porro,
350 2168 475 2220 nrrturrrlr'
500 2168 608 2221 domino
635 2184 691 2223 rneo
715 2170 795 2238 fialam
844 2170 1057 2240 buberepoten's.

74 2261 93 2321 l,
110 2265 136 2313 et
160 2261 229 2313 sicut
247 2263 325 2328 putri
344 2261 460 2329 fideliter
478 2264 625 2330 pernicie
644 2265 717 2317 outrai
737 2266 794 2319 cita
879 2266 1005 2334 Cumque
1029 2262 1188 2317 Radbertus
1210 2262 1319 2317 ttclianr
1346 2261 1531 2317 inflexibilem
1553 2261 1589 2316 ad
1613 2261 1656 2316 in·

72 2353 110 2418 ius
132 2355 262 2423 obsequar
275 2355 366 2408 soboli.
384 2355 514 2421 paranate
535 2358 635 2418 cicero,
655 2370 794 2426 uunquam
844 2374 984 2429 congruas
1009 2357 1144 2412 laclioues
1170 2356 1332 2423 invenisset,
1361 2360 1388 2411 et
1414 2355 1567 2411 eonsilium
1596 2355 1657 2426 ejus

72 2447 112 2502 rbo
128 2453 158 2500 ut
173 2450 201 2501 in
216 2464 281 2518 puae
304 2448 457 2502 alorninetur
475 2451 657 2513 Norrnaunise,
674 2454 722 2520 qui
743 2452 791 2506 do·
845 2451 981 2519 utilitatis,
998 2451 1178 2523 legitimique
1194 2467 1293 2505 sensus
1304 2452 1421 2522 planum
1433 2450 1655 2522 comprobasset,

72 2558 83 2595 a
105 2545 269 2603 nectuntque
291 2559 380 2606 saturn,
400 2546 494 2597 necuit
516 2546 546 2597 irr
567 2560 680 2599 carcere.
698 2546 794 2600 Adbuc
843 2546 937 2616 sagaci
954 2545 1114 2601 consiliario
1134 2545 1300 2617 versipellis,
1316 2545 1396 2616 quasi
1415 2562 1449 2600 cx
1471 2549 1530 2600 loto
1550 2543 1655 2598 immu-

75 2639 243 2706 flrrnissimus
255 2640 418 2692 munitiones
437 2639 529 2700 liabeo,
548 2639 619 2693 unde
637 2639 791 2694 rnulcstissi·
844 2644 927 2710 latus,
949 2641 1055 2712 gratias
1076 2639 1144 2712 egit,
1159 2639 1398 2711 concordiamque
1421 2654 1474 2711 per
1491 2637 1657 2694 eumdema

73 2733 245 2798 rrleslatiarrcs
270 2734 390 2786 incusari
414 2735 535 2802 profecto
559 2734 661 2799 inferre
688 2739 790 2803 potero.
843 2750 911 2805 rege
928 2733 1085 2806 requisivit.
1111 2735 1143 2788 Et
1157 2733 1224 2805 qnia
1247 2733 1322 2787 inter
1346 2748 1443 2803 regern
1468 2735 1497 2786 et
1518 2732 1657 2787 comitem

72 2827 119 2879 Jurn
140 2826 276 2879 danturat
300 2832 375 2879 trauan
398 2827 519 2896 imploro,
534 2832 564 2880 ut
582 2843 632 2896 per
649 2833 673 2881 tc
694 2829 792 2897 possim
843 2827 969 2883 maxima
995 2827 1171 2882 familiaritas
1195 2832 1266 2896 erat,
1292 2826 1414 2881 obtinuit
1433 2827 1656 2895 Argentomum,

79 2919 229 2986 suffrrrqari
240 2919 358 2982 domino,
373 2922 564 2990 ipsurnquecel
577 2921 707 2976 lraredem
718 2921 792 2976 itlius
842 2930 869 2980 et
881 2942 1002 2998 qunque
1025 2927 1059 2980 de
1082 2925 1210 2980 dominio
1230 2924 1378 2997 principali
1398 2928 1653 2996 praeoccupaverat,

72 3015 91 3066 ri
104 3015 242 3067 restituere
257 3017 447 3069 Norrnnnnico.
802 3015 975 3118 creddidit.
998 3014 1111 3069 Falesia*
1136 3031 1202 3069 vero
1224 3013 1462 3081 vicecomitatum,
1485 3012 1654 3084 etreliqua,

75 3106 115 3161 ita
130 3107 220 3177 dietis,
238 3109 330 3163 Helias
354 3110 519 3180 respondit:
542 3111 666 3165 Prudens
681 3112 792 3180 quisquc
843 3126 907 3181 quas
931 3109 1018 3181 patris
1042 3109 1102 3179 ejus
1124 3109 1247 3178 frrerant,
1268 3106 1438 3180 impetrarit.
1459 3107 1597 3162 llenrieus
1617 3107 1655 3162 si-

72 3205 108 3256 tio
124 3204 199 3257 debet
217 3205 359 3273 procidere
371 3220 403 3258 ne
420 3206 534 3273 incipiat
548 3205 621 3274 quod
634 3220 686 3258 nora
696 3207 789 3275 possit,
843 3204 961 3274 quidem
986 3220 1033 3259 rex
1056 3219 1157 3259 omues
1178 3201 1309 3257 inimicos
1328 3218 1404 3270 suos,
1418 3201 1572 3273 opitulante
1588 3202 1655 3270 Deo,

72 3298 197 3351 adebeut
213 3300 329 3367 replere.
345 3302 447 3353 llursus
461 3299 537 3353 debet
560 3303 682 3366 srrtoqere
700 3316 733 3353 ae
745 3315 790 3353 re·
842 3296 1011 3367 humiliarit,
1026 3314 1058 3352 ac
1079 3297 1241 3353 adulterina
1262 3296 1383 3365 castella,
1402 3312 1466 3368 quae
1486 3295 1654 3365 Radbertus,

72 3392 166 3460 'iqrrum
181 3408 341 3461 quenquam
353 3394 417 3461 plns
435 3408 516 3463 quarn
537 3393 609 3447 decet
625 3395 735 3461 eriqere,
750 3393 792 3447 uel
842 3392 883 3446 rel
897 3391 1023 3446 seditiosi
1036 3391 1232 3458 condiderant,
1254 3389 1414 3461 prostravit.
1436 3390 1562 3445 Fratrem
1586 3405 1654 3443 roro

72 3501 83 3538 a
103 3487 222 3552 fascibus
242 3489 382 3556 prnttrrrr,
400 3490 448 3556 qui
466 3504 492 3541 se
516 3490 603 3556 ipsum
627 3490 728 3542 neseiat
747 3503 788 3541 re-
841 3502 936 3555 suum,
950 3502 986 3540 ne
1007 3485 1130 3556 inquieti
1154 3485 1206 3538 sub
1228 3483 1327 3538 auxilii
1349 3483 1410 3554 ejus
1431 3482 1570 3538 velamine
1586 3482 1653 3537 sirn-

72 3582 150 3642 Narn,
173 3582 241 3634 sicut
267 3581 437 3650 prouerbium
462 3584 557 3636 asserit
581 3582 712 3649 arrlqare:
739 3581 792 3647 Qrai
841 3581 929 3653 plices
953 3583 982 3634 et
1006 3579 1117 3651 quietos
1142 3577 1388 3649 inquietarent,in
1411 3576 1544 3647 angliam
1569 3575 1654 3644 misit,

72 3690 91 3727 n
104 3675 240 3728 contendit
259 3678 286 3729 io
299 3676 409 3729 sublimi
423 3681 582 3737 sustentare,
598 3680 693 3729 contra
709 3679 790 3731 Deam
841 3679 870 3729 et
894 3690 965 3729 rxvn
979 3674 1061 3728 annis
1073 3672 1102 3727 in
1121 3688 1231 3727 carcerc
1255 3670 1384 3739 servarit,
1401 3672 1429 3725 et
1450 3669 1583 3725 omnibus
1602 3668 1652 3725 de·

72 3770 112 3822 nit
137 3770 255 3838 litiqare.
281 3771 396 3824 ilenrico
419 3773 474 3838 rapi
496 3771 694 3836 coritardcrntus
718 3785 788 3833 snrn,
841 3768 913 3823 liciis
928 3768 1108 3823 abundanter
1121 3767 1207 3839 pavit.

72 3863 131 3917 imm
158 3866 185 3917 in
209 3880 236 3918 co
264 3865 375 3918 diuortii
400 3878 507 3918 crrrrsnm
531 3866 648 3935 reperire
668 3880 788 3934 possam.
876 3865 938 3934 lpse
964 3862 1075 3917 interea
1102 3860 1236 3916 ducatum
1262 3860 1447 3916 Normannim
1473 3876 1538 3915 cum
1563 3874 1653 3932 regno

72 3972 95 4010 rn
106 3960 258 4028 principem
276 3961 434 4028 insipienter
451 3959 583 4028 ofbndcre
599 3959 670 4021 reolo,
688 3974 735 4013 nec
753 3963 787 4020 te,
840 3957 949 4029 Anglioe
970 3956 1085 4012 fortiter
1107 3954 1284 4027 gubernavit,
1305 3960 1333 4010 et
1354 3970 1442 4027 usque
1457 3954 1493 4009 ad
1515 3954 1579 4009 vitra
1599 3970 1656 4009 suoe

72 4054 121 4106 iarn
135 4054 318 4121 querulitatis
339 4055 389 4106 tati
404 4056 509 4122 rreqotio
530 4054 684 4108 arraseultare
698 4053 786 4107 debeo.
840 4053 926 4106 tinem
954 4067 1069 4122 semper
1090 4049 1154 4122 paci
1175 4049 1293 4116 studuit,
1316 4054 1410 4120 atque,
1433 4048 1497 4120 jugi
1521 4047 1657 4103 felicitato

72 4162 140 4201 *ensal
159 4154 183 4201 et
203 4150 335 4217 potentin,
351 4149 505 4217 ‹tirr'tiisque
519 4147 652 4217 prenditur
667 4151 724 4212 est;
743 4162 789 4201 nec
841 4146 948 4217 potitus
964 4151 994 4200 ut
1007 4145 1106 4214 voluit,
1122 4160 1298 4216 nunquama
1313 4142 1434 4216 pristino
1449 4142 1561 4213 robore,
1575 4140 1657 4214 justi·

76 4284 84 4308 ,
106 4248 134 4294 ut
156 4256 225 4304 reor,
249 4243 277 4294 iu
296 4242 438 4297 Occidente
459 4242 619 4311 specialibus
638 4244 663 4295 ei
686 4256 786 4311 praero-
840 4240 946 4312 tinque
960 4239 1107 4295 severitate
1122 4238 1236 4295 decidit.
1252 4238 1386 4310 Egregios
1398 4236 1517 4292 comites
1531 4242 1559 4291 et
1571 4253 1654 4309 oppr-

72 4354 74 4381 :
97 4338 266 4405 scqrripurari
287 4341 385 4404 potest.
402 4337 431 4391 Si
447 4341 538 4390 eontra
561 4338 677 4402 frustrum
699 4351 787 4397 saturn,
840 4333 932 4388 danos
950 4336 978 4387 et
1002 4333 1121 4387 audaces
1142 4334 1287 4403 tyrannos,
1301 4348 1338 4385 ne
1360 4330 1540 4396 rebellarent,
1555 4328 1656 4384 callide

72 4430 273 4497 discerperent
296 4435 320 4482 et
344 4430 490 4491 dornimun,
515 4432 658 4499 pnqnauil,
682 4430 718 4483 ud
742 4421 828 4491 bocD
841 4426 1000 4498 oppressit3
1016 4425 1141 4496 placidos
1159 4442 1226 4480 raro
1240 4428 1267 4480 ot
1287 4424 1443 4494 religiosos,
1456 4423 1654 4493 humilemque

75 4526 195 4578 maairna
215 4526 354 4578 rrera‘ssitas
375 4525 512 4593 conqrulit,
529 4530 553 4577 ct
568 4524 732 4592 supplicatio
745 4539 785 4577 re·
840 4521 979 4593 populum
994 4520 1073 4574 omni
1094 4523 1223 4591 temporo
1237 4519 1392 4573 clementer
1406 4517 1475 4571 lucit
1489 4519 1573 4587 alque
1588 4531 1655 4588 pro·

72 4634 137 4679 tecm,
163 4621 210 4687 qui
232 4619 421 4672 miserabiliter
444 4635 461 4671 o
489 4618 655 4671 biothanatis
679 4618 785 4671 currerat·
839 4615 918 4669 texit.
934 4613 1127 4669 confirmatus
1148 4612 1176 4667 iu
1201 4612 1315 4683 fastigio
1338 4611 1406 4666 eitra
1431 4624 1508 4664 mare
1529 4615 1557 4663 ot
1578 4609 1653 4663 ultra

73 4728 115 4773 ur,
132 4714 271 4766 inritauit.
287 4714 459 4779 incrustent
475 4712 786 4780 r·ulqusirrquutidinnn
839 4726 885 4765 rur
908 4724 983 4763 auno
1007 4724 1040 4761 ex
1064 4724 1120 4778 quo
1143 4722 1265 4777 regnare
1289 4705 1383 4776 coepit,
1397 4719 1497 4775 pacem
1522 4702 1656 4773 subjectis

72 4822 102 4860 ne
112 4806 245 4874 per-tribes,
261 4807 361 4860 malurn
377 4807 451 4860 debet
466 4808 534 4873 fleri,
551 4811 581 4858 nt
600 4806 681 4875 pejus
696 4810 785 4860 cesset.
838 4803 967 4876 plebibus
981 4818 1096 4874 semper
1110 4799 1247 4873 quaesiuit,
1260 4805 1288 4854 et
1297 4798 1417 4854 austeris
1430 4797 1540 4868 legibus
1552 4795 1652 4867 legum

72 4901 172 4953 'naisum
187 4902 295 4967 urrlqari
308 4917 378 4954 urore
392 4901 459 4961 duo,
477 4900 573 4953 <ticina
589 4905 678 4953 terrun
693 4905 784 4953 nucto·
840 4904 1062 4967 trurrsgressorcs
1080 4894 1172 4967 rigida
1191 4893 1346 4948 nurlelarit.
1366 4890 1473 4946 Divitiis
1489 4889 1654 4961 deliciisque

72 5009 115 5048 aon
129 5010 258 5048 assevero.
272 4995 318 5048 rial
331 4996 377 5048 troc
390 4994 468 5048 sarriet
481 5010 498 5046 a
512 4994 614 5047 derebus
629 5000 784 5062 pnqnaturn
839 4992 968 5057 allluens,
992 4989 1103 5045 libidini
1126 4987 1211 5042 nimis
1236 4986 1348 5041 deditus
1372 4985 1435 5052 luit,
1452 4989 1481 5040 et
1495 5001 1512 5038 a
1533 4983 1655 5056 puerilia

73 5089 168 5147 tribus.
186 5094 215 5142 nt
230 5090 325 5142 ernado
348 5094 446 5142 cessant
465 5090 554 5141 rrrtrrui
570 5089 721 5154 conflictus,
738 5090 787 5155 qui
838 5084 982 5156 usquead
1005 5087 1179 5139 senectutem
1202 5081 1266 5136 braic
1295 5079 1362 5134 vitio
1385 5077 1565 5150 culpabiliter
1586 5077 1652 5133 sub·

72 5186 91 5236 rc
114 5184 236 5236 tellurem
259 5183 432 5236 irretrriabant
453 5182 571 5250 tiliorrun
594 5181 783 5249 sanqrainibns.
833 5178 932 5249 jacuit,
947 5184 974 5233 et
997 5178 1069 5232 filios
1088 5193 1118 5231 ac
1131 5176 1202 5230 filias
1216 5191 1247 5230 ex
1262 5173 1407 5246 pellicibus
1427 5173 1524 5244 plures
1541 5170 1651 5242 genuit.

72 5292 104 5330 eu
127 5292 179 5344 quo
203 5277 261 5329 darn
283 5277 315 5330 rte
337 5277 486 5329 Jerusalem
508 5275 588 5329 rediit
612 5280 636 5328 et
657 5275 786 5328 ducatum
838 5271 1006 5326 Vehemeuti
1032 5270 1142 5341 pollens
1167 5268 1325 5331 industria,
1351 5266 1500 5327 saeculares
1525 5270 1655 5336 quaestus

72 5372 139 5424 rania
152 5372 261 5439 recepit,
279 5373 384 5439 torpori
402 5377 426 5423 el
449 5372 566 5437 iqrrnriu
587 5369 668 5422 nimis
690 5368 783 5434 subja
837 5364 1037 5436 multipliciter
1061 5362 1147 5430 auxit,
1173 5365 1203 5416 et
1224 5362 1353 5432 ingentes
1376 5362 1525 5417 thesauros
1547 5374 1651 5413 concu-

72 5463 406 5534 ajusscqrriticpr·ouocuti
427 5465 651 5533 prevaricatores
667 5461 784 5530 teqisaal
836 5458 1008 5531 piscibilium
1035 5457 1088 5511 sibi
1111 5472 1205 5511 rerum
1232 5456 1415 5510 coacervavit.
1431 5456 1552 5510 Omnem
1576 5453 1649 5507 lera-

83 5560 203 5624 nefruin,
218 5559 288 5611 clarc
309 5564 334 5611 et
350 5558 454 5627 pulnrn,
470 5557 678 5610 intolerabiliter
692 5555 782 5609 tructe—
835 5570 898 5607 rum
913 5551 1095 5608 venationem
1112 5549 1198 5605 totius
1212 5548 1322 5622 angliae
1336 5548 1389 5603 sibi
1401 5548 1573 5621 peculiarem
1587 5545 1648 5600 rin-

72 5659 181 5706 ruerant
203 5653 425 5713 iratiorrnonnin,
440 5666 582 5720 eorurnque
603 5649 733 5704 incendiis
757 5656 782 5703 et
834 5647 957 5716 dicarit3
982 5646 1069 5718 pedes
1091 5644 1175 5701 eliam
1190 5660 1304 5711 eanum,
1322 5642 1371 5716 qui
1392 5642 1423 5698 iu
1445 5640 1549 5696 vicinio
1567 5639 1649 5695 silva·

89 5762 298 5819 per·sccannos
323 5751 418 5803 slnrcta
442 5750 527 5803 matter
549 5748 647 5800 acuatu
669 5748 708 5800 cst
732 5744 782 5799 lie·
834 5758 900 5798 rum
926 5739 1123 5809 morabantur,
1146 5755 1181 5795 ex
1206 5743 1285 5813 parte
1314 5735 1429 5811 praecidi
1450 5735 1537 5803 lecit,
1556 5736 1585 5789 et
1606 5729 1650 5785 rix
