3750 6046
99 238 149 300 tta
398 304 400 309 ,
777 235 940 296 ouuauttx
960 235 1092 296 vitatis

132 370 244 423 Interea
259 381 356 422 omnes
370 365 404 422 ad
419 365 536 422 domum
556 364 639 436 Egeae
653 361 771 432 vadunt,
786 363 906 435 pariter·
918 373 948 446 Α
1035 364 1108 414 later
1121 373 1255 412 mamaea
1269 356 1406 411 titubantis
1418 356 1508 410 secati

97 477 152 533 que
166 461 319 516 clamantes
330 458 426 515 dicunt
438 477 444 514 :
456 479 470 511 a
481 459 550 524 Qua
564 460 607 512 est
620 459 680 511 haec
693 457 834 512 sententia
847 462 907 524 tua,
1037 421 1620 550 {2322ssffiffifffflffifflmifflffi

96 555 268 626 proconsuli
281 554 354 608 male
364 552 509 624 iudicasti.
523 551 652 607 Concede
665 549 747 604 nobis
760 550 908 605 bominem
1040 550 1070 599 ot
1084 548 1163 598 donet
1174 547 1249 597 aobta
1262 560 1326 597 vera
1342 547 1398 597 tace
1409 560 1458 612 per
1469 546 1524 597 rot.

92 648 217 718 justum3
232 646 320 702 redde
342 646 425 702 nobis
445 646 592 701 homiuem
612 647 753 711 sanctum,
769 660 804 698 ne
823 644 909 698 iuter-

18 786 21 791 .
96 741 173 796 licias
191 740 338 795 hominem
363 741 418 795 ilco
437 740 566 794 charum.
584 757 598 789 u
613 739 678 792 llaec
699 740 728 791 et
746 736 835 791 mrrlta
854 736 909 790 alia
1192 725 1236 778 xl·
1251 723 1365 778 Jucotue
1379 727 1404 778 et
1415 724 1541 778 Jooooes·

96 834 207 889 dicente
223 834 339 905 populo,
353 834 445 905 Egeas
460 831 581 903 expavit,
597 837 625 885 at
643 847 672 885 sc
687 846 753 884 eum
767 831 909 900 deponere
994 829 1112 885 lacobus
1133 834 1161 885 ct
1181 831 1314 899 loannes,
1335 828 1386 883 lilii
1408 828 1550 896 Zebedaei,
1567 845 1583 883 a
1597 829 1710 886 Christo
1730 847 1779 901 ap-

1145 611 1236 661 Amen.

96 927 274 999 promittens,
294 927 376 981 simut
399 926 440 981 ire
461 925 554 996 coepit.
573 925 663 989 Quem
679 924 776 979 videns
794 928 909 978 sanctus
959 925 1055 996 pellati
1066 929 1132 979 sunt
1145 926 1314 994 Boenarges,
1330 922 1387 977 sive
1400 926 1432 977 ut
1444 922 1546 978 melius
1557 922 1686 994 legitur:
1704 924 1777 978 Roa-

95 1021 233 1088 Aodreas,
257 1021 386 1074 hortatus
407 1025 449 1075 est
473 1025 505 1073 ut
526 1018 637 1075 Christo
660 1018 791 1072 crederet
812 1020 907 1089 atque,
960 1033 1086 1085 nereem,
1102 1017 1185 1072 idest
1201 1019 1253 1086 utar
1266 1019 1394 1082 tonitruir
1412 1033 1445 1071 ex
1464 1016 1599 1071 firmitate
1617 1020 1647 1070 et
1666 1015 1780 1089 magui·

96 1114 166 1169 dum
183 1113 277 1168 adhuc
296 1117 400 1185 posset,
416 1113 450 1167 ad
469 1112 557 1167 tidem
571 1127 622 1183 pro
637 1111 729 1166 salute
747 1127 797 1165 sua
815 1125 909 1165 curre·
958 1111 1058 1166 tudine
1073 1110 1139 1165 fidei
1159 1127 1215 1182 qua
1228 1114 1384 1165 tenuerunt
1402 1109 1602 1164 inviolabiliter
1622 1113 1651 1164 ct
1673 1110 1780 1165 docue-

95 1211 147 1262 rat.
165 1209 226 1278 lpse
244 1223 309 1262 vero
323 1207 353 1261 in
366 1221 449 1261 cruce
463 1206 594 1277 pendeus
606 1220 722 1260 securus
740 1203 907 1271 exsultabat,
959 1210 1028 1260 runt
1042 1205 1251 1259 immaculatam
1263 1204 1357 1275 legem
1370 1203 1493 1258 Domini.
1507 1203 1627 1257 Jacobus
1640 1205 1778 1274 supplan-

95 1305 124 1353 et
138 1301 172 1355 de
192 1300 299 1355 visione
318 1299 432 1368 Christi,
454 1314 542 1371 quem
565 1301 624 1353 tota
645 1306 742 1353 mente
760 1297 907 1365 dilexerat,
960 1305 1033 1353 tator
1048 1299 1264 1369 iuterpretatur.
1277 1298 1401 1351 loannes
1416 1312 1482 1350 vero
1502 1298 1550 1352 Dei
1564 1298 1666 1364 pratia,
1681 1296 1727 1350 vet
1749 1301 1780 1350 in

94 1393 201 1465 diuque
225 1393 447 1459 desideraverat,
474 1390 628 1446 admodum
653 1392 734 1445 taetus
759 1390 873 1445 dicebat
900 1406 906 1444 :
958 1407 1011 1461 quo
1031 1398 1068 1447 est
1085 1394 1187 1459 erutor.
1202 1391 1300 1446 Merito
1320 1390 1403 1445 electi
1417 1389 1519 1445 tratres
1540 1392 1596 1443 tam
1618 1389 1702 1444 elaris
1723 1406 1776 1444 uo-

95 1507 109 1535 «
128 1488 189 1541 tam
202 1488 308 1557 Regem
326 1501 422 1541 meum
435 1484 526 1552 video,
537 1484 598 1554 jam
616 1500 683 1539 eum
698 1483 793 1553 adoro,
804 1484 864 1554 jam
878 1484 908 1537 in
958 1485 1083 1540 minibus
1094 1484 1205 1539 vocitati
1219 1489 1294 1551 sunt,
1309 1485 1367 1556 qui,
1381 1500 1433 1556 per
1451 1483 1712 1556 supplantationem
1733 1486 1775 1538 vi-

95 1583 248 1651 conspectu
268 1579 329 1650 ajus
352 1579 460 1633 assisto.
480 1600 493 1627 u
514 1576 665 1633 Carnifices
686 1582 793 1647 autam,
816 1577 909 1631 missis
959 1578 1063 1632 tiorum
1079 1578 1109 1632 in
1126 1578 1215 1632 stadio
1229 1577 1338 1649 fragilis
1351 1576 1424 1646 vitae,
1439 1580 1598 1632 tortuosum
1610 1581 1777 1648 serpentem

94 1675 129 1729 ad
143 1689 258 1728 crucem
272 1671 415 1740 manibus,
430 1686 498 1726 eum
513 1671 679 1742 contingere
692 1687 750 1725 non
765 1674 907 1741 poterant,
959 1672 1110 1743 insigniter
1128 1672 1273 1738 vicerunt,
1298 1675 1326 1726 et
1347 1671 1432 1726 amici
1454 1671 1503 1725 Dei
1525 1671 1659 1742 speciales
1680 1671 1778 1726 effecti

96 1775 124 1823 ct
144 1766 265 1821 subinde
287 1766 334 1820 alii
350 1769 378 1820 et
396 1765 444 1819 alii
466 1769 496 1818 ut
514 1764 655 1820 solverent
670 1779 735 1819 eum
750 1780 811 1819 sese
831 1741 1038 1835 inge-Bsuut,
1064 1765 1271 1836 multiplicique
1293 1764 1367 1818 illius
1390 1765 1482 1835 gratia
1504 1765 1619 1836 repleti,
1645 1769 1776 1820 sanctam

94 1860 208 1929 rabant3
229 1860 277 1914 sed
297 1858 414 1914 brachia
429 1874 527 1912 eorum
548 1858 681 1929 quicum
701 1857 844 1929 deponere
863 1857 907 1911 ni·
959 1864 1080 1914 matrem
1101 1858 1255 1913 Ecclesiam
1271 1857 1395 1913 veritatis
1414 1856 1544 1913 doctriua
1559 1858 1777 1913 illustraverunt

95 1953 226 2008 labantur
252 1952 415 2023 stupebant.
442 1954 521 2006 Tunc
548 1954 662 2006 sanctus
689 1951 817 2005 Andreas
842 1966 908 2006 voce
959 1953 998 2008 lle
1021 1952 1105 2007 beato
1131 1952 1245 2020 tacebo,
1275 1951 1396 2023 qualiter
1422 1951 1452 2004 in
1473 1952 1571 2006 tudoea
1594 1955 1622 2004 et
1644 1952 1777 2007 Samaria

94 2063 198 2118 magna
215 2045 382 2101 exclamavit
401 2049 431 2100 ct
448 2044 662 2100 devotissimam
680 2044 840 2099 orationem
861 2060 907 2099 co·
958 2045 1202 2117 evangelizaverit,
1218 2047 1247 2100 et
1260 2044 1295 2098 ab
1310 2044 1430 2111 Herode,
1446 2044 1600 2098 Aristobuli
1615 2043 1686 2111 filio,
1702 2061 1776 2098 mar-

93 2156 154 2194 ram
168 2141 225 2194 [leo
244 2139 379 2210 proludit.
394 2137 497 2204 Quem,
516 2140 667 2209 postquam
686 2137 792 2191 diutius
812 2137 908 2192 Jcsum
959 2139 1076 2212 tyrium,
1092 2138 1267 2210 principibus
1285 2138 1462 2193 sacerdotum
1478 2143 1506 2192 ct
1523 2138 1671 2192 Pharisaais
1690 2155 1774 2193 aceu-

92 2233 201 2288 bonum
215 2233 383 2304 magistrum
399 2246 482 2286 suam
498 2229 599 2297 oravit,
613 2228 775 2285 videntibus
787 2230 906 2299 cunctis,
958 2233 1097 2303 sontibus,
1118 2232 1277 2303 pertulerit,
1298 2231 1369 2286 sicut
1390 2230 1424 2285 ab
1445 2231 1571 2302 antiquis
1590 2232 1775 2302 scriptoribus

93 2327 225 2396 splendor
244 2325 349 2380 nimius
365 2324 438 2379 sicut
460 2324 558 2395 fulgur
579 2322 616 2377 de
636 2324 706 2378 coelo
729 2323 846 2379 veniens
869 2324 908 2378 ita
958 2327 1067 2382 editum
1087 2325 1189 2396 reperi,
1206 2324 1374 2395 simpliciter
1394 2325 1424 2378 ih
1442 2325 1611 2395 praecedeuti
1632 2326 1705 2380 libro
1722 2326 1775 2380 ab·

92 2419 282 2474 circumdedit
294 2422 325 2473 ut
337 2434 397 2489 pras
412 2417 473 2487 ipsa
487 2415 639 2487 splendore
659 2416 779 2471 humani
795 2417 907 2488 penitus
957 2421 1116 2475 breviatum
1135 2419 1202 2474 huic
1220 2419 1354 2489 opusculo
1375 2417 1493 2473 inserui.
1509 2419 1586 2472 Nunc
1609 2419 1643 2474 de
1665 2420 1774 2474 Joaune

92 2530 158 2571 eam
172 2529 231 2568 nou
247 2515 360 2584 possent
379 2511 453 2566 oculi
472 2510 608 2581 aspicere.
625 2512 753 2580 Cumque
770 2511 908 2581 splendor
957 2514 1110 2585 Theologo,
1128 2514 1194 2568 lesu
1211 2512 1323 2567 Christo
1338 2511 1439 2578 amico,
1455 2512 1560 2582 scripta
1578 2511 1730 2584 investigo,
1746 2518 1775 2567 et

90 2605 294 2678 permansisset
307 2605 366 2660 iera
387 2619 438 2675 per
455 2602 580 2658 dimidiae
599 2603 677 2657 horae
698 2603 833 2674 spatium,
852 2605 908 2658 hn-
957 2624 991 2664 ea
1001 2607 1124 2663 breviter
1138 2607 1172 2661 ad
1186 2606 1299 2660 laudem
1312 2605 1398 2676 Regis
1411 2604 1531 2660 sabaoth
1544 2606 1677 2676 colligere
1698 2606 1774 2661 desi-

92 2701 190 2769 dreas,
217 2697 337 2770 insignis
364 2698 444 2770 pugil
466 2696 579 2763 Christi,
606 2696 774 2751 abscedente
798 2698 906 2752 lumine
957 2701 1040 2769 dero,
1068 2717 1133 2772 quas
1159 2698 1279 2754 llallitus
1303 2698 1415 2769 scripsit
1438 2699 1629 2767 laodicensis,
1653 2698 1773 2770 aliisque

92 2794 188 2848 emisit
200 2792 340 2864 spiritum,
356 2791 441 2846 simul
455 2806 520 2845 cum
535 2790 597 2860 ipso
613 2789 721 2845 lumine
735 2805 857 2861 pergens
870 2790 906 2845 ad
956 2794 1087 2850 fidelibus
1100 2794 1148 2866 qai
1165 2798 1231 2848 sunt
1250 2793 1279 2846 in
1294 2792 1425 2846 universo
1444 2792 1561 2860 mundo,
1576 2792 1683 2864 aliique
1698 2793 1774 2847 illus-

93 2887 256 2942 bominum.
273 2885 424 2941 Maxiuiilla
441 2899 507 2940 varo
521 2883 643 2939 senatrix
662 2899 728 2938 cum
748 2884 906 2938 reverentia
957 2896 1013 2945 tres
1028 2886 1181 2959 antiquarii
1197 2886 1417 2957 promulgarunt
1435 2885 1469 2940 de
1489 2885 1549 2953 illo,
1570 2886 1774 2957 praecipucque

91 2979 291 3051 corpusculum
317 2979 378 3050 ejus
402 2977 482 3045 tulit,
507 2980 535 3032 et
562 2975 708 3031 conditum
735 2976 907 3031 aromatibus
957 2983 1157 3055 Hieronymus,
1182 2979 1284 3034 divinae
1310 2979 1379 3051 legis
1399 2979 1538 3049 interpres
1553 2978 1722 3049 praenotavit
1742 2980 1773 3033 in

92 3072 199 3145 optimo
213 3073 273 3127 loco
289 3070 427 3144 sepelivit.
956 3074 1140 3146 Apocalypsis
1153 3073 1300 3145 prooemio.

127 3169 213 3221 Porro
226 3168 325 3237 Egens,
340 3167 494 3235 antequam
507 3161 543 3218 ad
557 3162 677 3217 domurn
690 3178 772 3218 suam
784 3162 905 3231 veniret,
991 3170 1114 3224 loannes
1128 3167 1271 3239 apostolus
1290 3168 1319 3220 et
1339 3165 1511 3236 evangelista
1530 3165 1612 3236 virgo
1633 3168 1676 3220 est
1689 3184 1706 3221 a
1720 3167 1773 3220 oo-

90 3259 263 3315 adaamnnio
285 3263 413 3328 arreptus
435 3259 487 3325 est,
502 3261 531 3312 et
551 3257 580 3311 in
602 3261 755 3326 conspectu
776 3257 907 3311 omnium
956 3262 1035 3317 mino
1047 3263 1111 3317 Jesu
1125 3260 1236 3317 Christo
1254 3260 1370 3326 electus,
1386 3262 1470 3331 atque
1488 3259 1696 3314 interemtores
1717 3277 1773 3314 nra-

93 3352 253 3408 ileemonica
267 3351 416 3406 vexatione
430 3350 459 3404 io
477 3350 520 3403 vio
534 3353 662 3404 mortuus
680 3352 735 3403 oot-
756 3350 906 3405 Stratocles
957 3357 1000 3427 gis
1015 3355 1143 3423 dilectus,
1158 3357 1187 3409 et
1202 3354 1230 3408 in
1246 3356 1325 3408 tauto
1340 3369 1438 3407 amore
1457 3353 1616 3408 dilectionis
1634 3353 1669 3406 ab
1683 3369 1718 3407 eo
1732 3360 1774 3407 est

91 3450 197 3512 autem,
213 3445 302 3499 irater
317 3445 412 3513 agea,
428 3442 462 3497 de
476 3441 633 3497 substantia
651 3443 711 3514 ejas
726 3442 797 3497 nihil
814 3443 905 3497 cauti·
956 3449 1071 3505 habitus
1084 3451 1115 3502 ut
1131 3447 1161 3502 iu
1178 3464 1257 3502 coena
1274 3463 1360 3519 super
1382 3452 1481 3517 pectus
1499 3447 1559 3516 ejus
1581 3447 1771 3513 recumberet,

92 3541 145 3611 git,
159 3539 207 3594 Sed
221 3554 323 3610 c⁰fl³us
337 3537 425 3592 sancti
444 3535 565 3591 Andre&
585 3537 705 3607 ³90⁵t⁰li
725 3542 824 3591 testem
846 3551 907 3590 oto·
956 3549 984 3599 at
998 3543 1032 3597 ad
1051 3558 1165 3596 cracem
1181 3541 1285 3595 astanti
1303 3540 1356 3596 soli
1373 3546 1495 3595 matrem
1517 3540 1666 3611 propriam
1690 3557 1772 3596 eom-

91 3635 135 3688 sit.
149 3634 255 3687 Tantus
270 3631 354 3687 etiam
370 3631 456 3686 timor
475 3630 624 3685 universos
644 3631 674 3684 in
696 3630 743 3685 illa
762 3629 907 3701 provincia
956 3636 1131 3703 mendasset;
1144 3639 1272 3706 atquem
1283 3634 1390 3688 nubere
1401 3634 1542 3689 volentem
1557 3633 1594 3687 ad
1607 3635 1772 3704 anrplexum

90 3726 193 3781 invasit
212 3731 243 3781 ut
265 3726 358 3780 nullus
383 3728 545 3779 remaneret
567 3724 617 3795 qui
642 3723 782 3779 Salvatori
806 3725 905 3778 nostro
956 3729 1126 3800 virginitatis
1139 3727 1284 3794 asciverat,
1300 3727 1353 3798 ipsi
1372 3727 1459 3781 ctiam
1477 3727 1696 3781 custodiendam
1715 3728 1771 3782 vir-

91 3822 148 3875 Deo
169 3835 226 3875 nnn
247 3819 383 3874 crederet.
410 3818 511 3872 Fertur
531 3816 609 3888 quod
632 3817 668 3871 de
693 3817 822 3888 sepulcro
846 3816 907 3887 ejas
956 3823 1053 3894 ginem
1066 3821 1238 3878 tradidisset.
1254 3821 1303 3874 tlic
1317 3821 1423 3891 itaque,
1439 3836 1505 3874 cum
1521 3819 1551 3874 in
1569 3820 1635 3874 Asia
1651 3820 1772 3875 verbum

90 3929 195 3968 manna
210 3913 239 3967 in
254 3912 370 3966 modom
386 3910 485 3964 forioae
499 3912 528 3964 et
543 3910 717 3965 oleumcum
736 3909 824 3964 odoro
845 3925 906 3963 ouo·
955 3917 1004 3971 Dei
1025 3915 1137 3988 publice
1151 3913 1320 3985 praedicaret
1333 3919 1361 3968 et
1379 3912 1654 3968 testimouiumtesu
1668 3914 1773 3968 Christi

90 4005 333 4072 vissimodessuit;
350 4018 524 4074 aquo,quae
543 4004 579 4058 sit
596 4001 747 4073 protentio
767 4002 835 4057 anoi
853 4002 907 4057 fer·
955 4010 1058 4064 Judaeis
1083 4013 1168 4080 atque
1196 4007 1329 4080 gentibus
1351 4007 1492 4061 instanter
1515 4006 1672 4075 intimaret,
1699 4007 1771 4061 invi-

91 4098 187 4166 tilitas,
206 4097 304 4152 incolis
322 4095 450 4168 regionis
472 4094 641 4151 ostenditur.
664 4095 692 4150 si
715 4094 830 4165 protluit
849 4095 906 4149 exi·
955 4105 1035 4160 diosa
1054 4102 1190 4157 relatione
1211 4100 1434 4156 adversariorum
1456 4099 1581 4153 veritatis
1603 4101 1702 4156 Roma
1730 4105 1774 4155 cst

91 4188 905 4263 guum,terratructumexhibetexiguum;siverocopiose
955 4202 1109 4259 aecusatus,
1125 4196 1263 4265 jussuque
1283 4193 1439 4248 Dninitinni
1462 4192 1588 4258 censeris,
1605 4193 1655 4264 qni
1676 4210 1774 4248 secem.

91 4285 268 4358 processerit,
284 4282 544 4354 magrrafructuum
558 4281 903 4354 opulentiaministratur.
957 4290 1009 4345 dne
1033 4295 1097 4360 pest
1122 4290 1264 4343 Neronem
1291 4287 1519 4358 persecutionem
1545 4285 1772 4343 christianorum

127 4381 195 4436 Ecce
217 4378 277 4433 solo
301 4378 342 4432 tui
363 4380 476 4432 ooootos
497 4393 611 4445 amore,
635 4375 758 4446 gloriose
779 4377 905 4447 apostolo
955 4383 1091 4452 exercuit,
1106 4383 1140 4437 de
1156 4382 1266 4452 Epheso
1280 4387 1389 4451 raritas,
1403 4383 1539 4434 etcoram
1557 4380 1668 4434 Caesare
1687 4384 1772 4452 atque

89 4477 156 4530 lesu
174 4472 288 4541 Christi,
306 4488 420 4527 cursum
442 4475 498 4525 tuae
518 4471 583 4524 vitae
605 4470 707 4526 divinis
729 4467 1057 4539 charismatiDsenetu
1076 4479 1270 4546 antepartum
1292 4474 1418 4528 Latinam
1437 4473 1619 4527 constitutus.
1644 4474 1772 4546 Cumque

89 4568 142 4623 bus
158 4567 280 4622 feliciter
298 4568 406 4620 ornatae
425 4562 551 4618 breviter
572 4562 711 4631 recensui,
733 4562 768 4617 ad
790 4563 905 4618 laudem
955 4571 1118 4644 persisteret
1133 4569 1243 4624 invene
1261 4567 1326 4634 tide,
1342 4565 1499 4621 immobilis
1517 4571 1548 4621 ut
1569 4582 1651 4622 mons
1672 4568 1772 4622 tirmus

14 4712 17 4719 ,
89 4662 131 4717 tui
146 4659 351 4732 omnipotentis
367 4657 505 4730 magistri,
520 4656 565 4712 elli
579 4660 610 4711 tu
622 4656 746 4712 fideliter
760 4672 850 4728 tlsqtte
869 4657 904 4711 ad
955 4665 1132 4732 retexemus,
1149 4679 1169 4717 ιι
1181 4664 1272 4717 Nonas
1285 4660 1359 4727 Maii,
1370 4661 1452 4731 jussu
1468 4659 1594 4730 (imbris,
1610 4660 1640 4715 in
1653 4661 1770 4717 serven.

89 4761 212 4810 morteut
226 4754 378 4808 adhaesisti·
394 4753 531 4807 Devotum
545 4766 615 4822 orgo
628 4750 812 4820 famulatum,
827 4750 905 4804 mitio
955 4760 990 4815 tis
1004 4758 1061 4814 olei
1075 4758 1182 4812 dolium
1197 4760 1239 4811 est
1248 4755 1361 4810 missus.
1375 4754 1431 4809 Sed
1445 4754 1541 4809 divina
1553 4770 1584 4808 sc
1599 4758 1771 4827 protegente

90 4849 213 4916 andrea,
226 4847 390 4917 benigniter
402 4845 524 4917 imiliter
539 4860 640 4916 ¹¹¹<³tl¹¹e
655 4850 835 4914 P⁰⁰⁰t¹t⁰t⁰ffl
851 4844 906 4914 Pii·
955 4853 1056 4924 gratia,
1071 4851 1157 4906 exivit
1169 4850 1284 4919 illmsus,
1302 4849 1421 4920 ipsoque
1439 4846 1483 4903 die
1502 4863 1553 4919 par
1571 4848 1701 4919 singulos
1720 4866 1771 4904 au·

89 4940 221 5013 precibus
241 4939 410 4994 ⁰⁰¹¹¹mss¹¹d³
425 4939 564 4995 cremiis
584 4937 761 5005 elefflflssiiffli
776 4938 806 4992 1¹1
826 4938 906 5009 cujus
955 4963 1007 5002 nos
1020 4945 1118 5000 festiva
1130 4944 1191 5015 ejus
1210 4943 1349 4997 memoria
1365 4943 1466 4997 devote
1487 4941 1645 4997 celebratur
1665 4959 1682 4997 a
1700 4942 1771 4997 ude-

89 5035 176 5100 oolto,
192 5035 267 5088 inter
282 5035 347 5087 boto
362 5036 391 5088 ot
405 5033 505 5099 tristia,
524 5032 587 5103 ipso
601 5032 731 5102 juvante,
751 5036 818 5102 opto
839 5047 905 5103 por·
955 5040 1038 5095 libus.
1057 5039 1122 5093 tude
1135 5054 1200 5092 cum
1214 5036 1313 5091 exsilio
1330 5036 1360 5090 in
1378 5035 1515 5090 Pathmos
1534 5034 1655 5089 insulam
1674 5040 1770 5106 porta·

88 5128 197 5183 sistere.
212 5129 246 5181 Et
256 5127 304 5198 qui
318 5126 464 5181 crudelem
479 5126 587 5195 Egeam
600 5123 810 5180 interfectorem
825 5128 907 5181 tuum
956 5141 1044 5201 retur,
1056 5133 1113 5187 ittie
1125 5132 1160 5186 ab
1173 5131 1275 5185 eodem
1290 5130 1473 5201 Apocalypsis
1486 5134 1657 5199 praeostensa
1670 5130 1773 5186 descri-

89 5222 257 5277 axbortatus
275 5237 305 5276 es
321 5220 355 5274 od
374 5219 459 5274 fldem
478 5218 608 5290 pendens
628 5217 657 5272 in
680 5234 774 5285 ooooo,
798 5217 905 5274 indoti·
954 5227 1041 5294 bitur,
1058 5226 1088 5281 in
1100 5242 1158 5298 qua
1173 5224 1395 5297 septempliciter
1407 5222 1538 5278 Ecclesiae
1553 5225 1642 5278 status
1656 5226 1687 5279 et
1702 5223 1772 5280 ordo

88 5321 190 5371 neuter
210 5313 367 5386 satlragare
391 5311 521 5367 fidelibus
546 5311 610 5367 filiis
632 5312 761 5368 Ecclesiae
783 5312 834 5384 qui
855 5312 905 5368 tibi
956 5320 1202 5389 demonstrantur,
1216 5318 1346 5390 ingentes
1360 5316 1448 5372 etiarn
1461 5332 1601 5389 pressura
1615 5316 1774 5373 tribulatio·

90 5408 189 5464 dicunt
210 5410 346 5463 canentes
367 5422 434 5461 cum
454 5420 570 5460 summa
592 5405 686 5462 cordis
708 5405 857 5463 devotione
878 5411 907 5461 et
956 5430 1025 5470 num
1039 5418 1069 5469 et
1081 5412 1284 5468 retributiones
1298 5410 1478 5467 nreriterum.

89 5502 145 5556 orio
158 5501 352 5558 modulatione
367 5517 374 5556 :
991 5508 1130 5581 Denique,
1144 5511 1316 5580 procurante
1328 5507 1396 5573 Deo,
1413 5505 1462 5576 qui
1475 5508 1577 5560 cuncta
1586 5504 1664 5577 juste
1679 5505 1773 5579 dispo·

166 5613 271 5665 sadran
284 5614 336 5679 pie,
351 5616 503 5665 coactorum
518 5611 663 5671 mitissima,
954 5601 1008 5672 nit,
1024 5600 1229 5670 Domitianum,
1243 5599 1344 5656 eodem
1356 5614 1432 5654 anno
1447 5614 1505 5671 quo
1516 5598 1639 5654 loannes
1656 5599 1770 5654 exsula-

165 5676 259 5790 ssf‘t’ss.
269 5675 748 5804 Z‘rtfflmss'ffrbffmf‘ffgfflm,
954 5696 1003 5767 vit,
1018 5697 1163 5753 Romanus
1176 5698 1292 5750 sanatus
1309 5708 1361 5767 pro
1378 5693 1505 5749 cruentis
1517 5692 1626 5749 actibus
1646 5692 1706 5749 auis
1726 5708 1774 5748 oc·

154 5800 215 5851 Sub
287 5802 345 5853 tots
356 5799 597 5853 intercessionibus.
954 5789 1033 5847 cidit.
1056 5788 1165 5849 Deinde
1185 5786 1314 5861 generali
1334 5787 1464 5853 consulto
1479 5784 1606 5845 definivit
1627 5788 1660 5844 at
1679 5802 1771 5844 casm·
