3750 6046
74 154 98 214 tl
512 163 668 225 HlsroAlA
685 165 956 230 tentastisrlct.
970 195 1006 212 -
1019 167 1106 228 PARS
1124 171 1194 228 1.-
1209 172 1274 231 LlB.
1295 170 1318 230 l.
1718 183 1754 243 82

71 277 211 354 synodum
228 283 430 359 episcoporum
449 304 516 346 xxsu
533 289 572 346 ad
591 306 697 364 corpus
718 290 794 348 beati
812 292 886 349 Petri
897 307 926 385 Α
938 292 1193 352 excellentissimus
1208 310 1259 353 rex
1272 296 1430 369 Anglorum
1448 295 1479 355 in
1496 297 1643 361 Britannia
1656 307 1749 364 trans-

71 377 185 450 apostoli
198 394 393 453 congregans,
406 381 442 439 de
457 384 625 440 necessariis
638 384 771 441 Ecclesia
785 385 884 442 decer·
936 385 1106 445 humbrana
1126 391 1220 463 gentis
1239 389 1274 445 ab
1294 392 1439 465 aquilone,
1461 395 1582 451 Paulino
1605 397 1749 473 episcopo,

71 470 116 526 nit
136 471 232 542 ldam,
259 471 353 530 missis
375 475 554 533 Britanniam
575 478 745 551 Augustino,
768 479 883 548 llellito,
934 481 1073 552 quamde
1093 484 1194 539 cantia
1212 485 1381 542 venerabilis
1402 488 1498 543 lustus
1516 489 1749 566 archiepiscopus

69 566 184 635 ιιιιιιιι,
199 566 322 639 aliisque
335 568 465 639 pluribus
479 586 545 626 cum
560 571 601 627 eis
617 572 764 628 monachis
775 573 882 629 timeo·
934 573 1058 645 miserat,
1074 576 1246 648 predicente
1260 578 1380 634 verbum
1396 580 1495 636 solutis
1509 598 1575 641 curn
1587 600 1639 640 sua
1660 592 1748 658 gente

69 658 137 715 bbus
148 660 256 729 Beum,
272 661 310 718 ad
324 661 470 719 Christum
482 665 591 737 Anglos
606 666 754 723 convertit.
770 667 806 722 Et
819 668 882 740 qui·
933 669 1065 740 suscepit,
1075 685 1151 726 anno
1164 670 1282 743 quidem
1295 674 1377 744 regni
1390 673 1434 729 sui
1448 691 1485 745 ιιι,
1498 675 1637 733 adrentus
1648 684 1747 736 autem

69 752 129 808 dam
142 753 312 810 Edilbartus
325 771 395 812 mox
408 757 445 813 ad
464 757 567 815 Christi
586 759 713 832 gretiam
728 776 883 817 conversus
932 762 1091 834 Anglorum
1107 763 1137 819 in
1156 764 1333 822 Britanniam
1352 766 1417 838 plus
1437 768 1533 824 minus
1552 785 1629 827 anno
1647 787 1745 845 ccxxx,

68 862 125 901 cum
137 852 230 919 gente
243 848 476 920 Caumariorum,
489 852 536 908 cui
551 858 680 924 prreerat,
690 852 883 927 proximisque
933 855 1016 927 eique
1030 857 1149 913 Paulino
1164 858 1262 915 sedem
1282 860 1461 932 episcopatus
1477 861 1598 919 Eboraci
1618 865 1745 924 donarit.

67 940 228 1013 provinciis,
256 942 347 1000 etism
377 945 542 1018 episcopum
569 945 774 1022 doctoremque
798 967 883 1007 suum
930 947 982 1004 Cui
1004 949 1131 1021 profecto
1154 951 1217 1025 regi
1238 952 1269 1008 in
1295 953 1456 1027 auspicium
1474 961 1603 1014 venturae
1625 958 1692 1015 tidei
1717 964 1747 1017 at

67 1034 268 1105 ragusanum
285 1036 335 1094 sed
352 1040 383 1095 et
401 1042 519 1094 ceteros
542 1055 635 1095 sacros
658 1042 799 1100 antistites
820 1044 880 1117 epi·
931 1043 1014 1114 regui
1040 1043 1172 1113 coelestis,
1200 1041 1323 1119 potestis
1347 1064 1461 1121 quoque
1487 1050 1593 1107 temoni
1618 1060 1747 1110 creverat

66 1128 168 1199 sepeli
191 1129 262 1186 sede
283 1128 417 1188 donabm.
439 1133 528 1189 Porro
548 1138 648 1206 genus
665 1136 824 1209 Anglorum
845 1137 881 1196 ab
930 1135 1024 1208 regni,
1038 1136 1078 1192 ita
1095 1143 1128 1194 ut
1143 1138 1287 1196 universos
1306 1141 1459 1198 Britannias
1471 1141 1554 1212 tlnes,
1568 1145 1646 1217 quod
1658 1161 1745 1203 nemo

65 1221 199 1294 naitono
212 1223 334 1279 [lumbri
347 1224 486 1293 tluminis,
502 1225 554 1282 sub
566 1228 682 1300 regibus
695 1229 754 1286 lille
766 1235 795 1288 at
807 1231 881 1287 Edil·
930 1230 1088 1302 Auglorum
1097 1237 1164 1288 ante
1177 1249 1255 1302 aum,
1266 1250 1322 1306 qna
1334 1235 1377 1290 vel
1389 1234 1528 1307 ipsorum,
1538 1237 1582 1294 vel
1595 1238 1742 1296 Britonunr

64 1314 131 1371 irido
147 1317 225 1386 sitm,
239 1318 364 1375 necdum
377 1319 498 1376 verbum
512 1320 578 1377 rita
596 1320 755 1380 audierant.
772 1325 879 1397 Grego·
931 1325 1031 1394 gentes
1041 1323 1218 1397 habitabant,
1234 1325 1406 1383 subditione
1421 1329 1575 1402 acciperet.

17 1464 21 1477 ,
65 1409 115 1463 rius
138 1425 212 1466 xvrn
241 1426 318 1467 anno
343 1412 470 1469 Atauricii
495 1429 533 1483 tv,
555 1414 683 1472 scribens
708 1418 879 1490 Augustino,
964 1417 1143 1490 Eotempore
1156 1424 1286 1476 exortum
1299 1421 1529 1493 apndScotosin
1544 1424 1742 1484 observatione

65 1502 221 1560 londoniae
245 1520 363 1578 quoque
390 1509 421 1562 et
443 1506 561 1565 Eboraci
590 1509 739 1582 episcopis,
763 1516 880 1584 accepto
928 1510 1042 1567 Paschae
1061 1527 1189 1568 errorem
1210 1513 1351 1572 Honorius
1367 1532 1441 1588 papa
1459 1532 1511 1589 per
1529 1517 1678 1590 epistolam
1695 1536 1741 1575 re·

64 1597 151 1654 aude
165 1598 328 1670 apostolica
340 1599 437 1671 pallio,
449 1601 685 1674 metropolitanos
698 1619 759 1661 esse
773 1604 879 1662 debera
930 1602 1054 1676 darguit.
1072 1606 1127 1662 Sed
1148 1611 1177 1662 et
1193 1608 1324 1678 loannes,
1344 1609 1393 1682 qui
1412 1611 1566 1667 successori
1582 1612 1643 1684 ejus
1657 1614 1742 1669 Seve-

67 1690 212 1762 doeernit3
226 1695 334 1766 etpost
348 1709 376 1749 ιν
389 1709 477 1750 annos
490 1695 569 1752 obiit.
888 1674 992 1753 Brino
1004 1700 1145 1771 successit,
1160 1716 1227 1757 curn
1246 1701 1340 1759 adbuc
1359 1706 1433 1760 essct
1452 1704 1557 1760 electus
1575 1703 1605 1760 in
1624 1705 1741 1778 pontifl-

94 1785 183 1841 Pocas
208 1786 297 1842 annis
319 1803 378 1844 rnr.
400 1787 461 1858 llic,
483 1794 604 1861 rogante
626 1805 700 1863 papa
722 1792 879 1863 Bonitacio,
929 1796 1033 1860 catum,
1052 1809 1105 1864 pro
1123 1794 1227 1851 eodem
1242 1796 1350 1851 Pascha
1368 1797 1410 1852 eis
1428 1797 1524 1867 simul,
1539 1801 1569 1854 ct
1587 1815 1639 1871 pro
1660 1800 1741 1856 Pela-

63 1879 159 1936 statuit
175 1880 278 1937 sedant
288 1882 427 1938 Bomenae
440 1883 639 1955 etapostolicae
649 1884 782 1943 Ecclesia
794 1890 880 1959 caput
929 1885 1015 1957 gisna
1027 1887 1140 1955 haeresi,
1154 1904 1219 1960 quoe
1237 1888 1314 1960 apud
1333 1904 1381 1945 eos
1402 1890 1597 1962 reviviscebat,
1618 1893 1740 1966 scripsit.

64 1988 119 2029 esse
137 1974 277 2031 omnium
295 1974 494 2047 Ecclesiarum,
515 1976 583 2048 quia
600 1978 722 2035 Ecclesia
740 1978 879 2037 Constan-
963 1981 993 2035 ln
1007 1981 1095 2036 Gallia
1111 1980 1305 2038 theodeberto
1325 1985 1353 2038 et
1369 1983 1541 2041 Theoderico
1559 1985 1676 2058 regibus
1689 1986 1739 2043 dc·

62 2066 257 2140 tinopotitana
268 2068 394 2141 primam
406 2085 437 2125 se
450 2069 592 2126 scribebat
602 2071 731 2128 omnium
742 2074 879 2132 Ecclesia·
927 2072 1041 2143 iunctis,
1064 2073 1214 2130 Lotharius
1235 2091 1359 2147 magnus
1382 2076 1516 2149 hilperici
1537 2077 1612 2134 tilius
1633 2078 1739 2152 floruit,

10 2212 12 2219 .
62 2161 243 2230 rum.1dsm,
266 2162 325 2219 alio
345 2178 421 2236 papa
440 2163 586 2220 Bonitacio
603 2167 730 2238 petente,
746 2167 833 2239 jussit
848 2169 879 2226 in
928 2171 957 2222 ιι
977 2167 1175 2223 monarchiam
1196 2168 1322 2225 Francia
1348 2170 1426 2226 solus
1450 2170 1584 2228 obtinuit.
1608 2173 1669 2238 Quo
1689 2173 1739 2229 de·

10 2246 14 2367 i
62 2254 147 2312 reteri
163 2255 246 2325 lano,
259 2255 337 2329 quod
349 2257 500 2314 Pantheon
515 2259 681 2331 vocabatur,
696 2259 799 2318 ablatis
812 2261 877 2318 ido·
926 2261 1037 2330 iuncto,
1050 2260 1227 2333 Bagobertus
1238 2260 1312 2317 tilius
1326 2263 1388 2334 ejus
1401 2263 1428 2319 ei
1442 2264 1586 2333 successit,
1602 2270 1631 2322 at
1642 2282 1679 2323 ιιι
1691 2282 1740 2323 an·

62 2349 177 2405 nune
189 2349 336 2421 sordibus,
350 2350 500 2407 ecclesiam
520 2353 612 2409 Βιιιιι
624 2369 741 2426 semper
753 2354 878 2429 Virginis
926 2353 971 2409 nis
983 2369 1105 2425 regnum
1123 2358 1238 2411 strenua
1261 2353 1440 2427 gubernarit.
1457 2356 1565 2413 Deinde
1583 2358 1740 2415 clodoveus

10 2416 13 2517 i
63 2442 341 2500 Eariutomnium
352 2445 509 2516 Asnyrum
522 2443 603 2515 tieri3
619 2451 650 2502 ut
664 2445 713 2502 ubi
727 2448 877 2520 quondam
926 2446 1001 2503 filius
1015 2447 1077 2519 ejus
1087 2463 1149 2505 xxvr
1159 2447 1242 2503 annis
1254 2449 1394 2520 regnavit,
1405 2449 1590 2523 moriensque
1605 2451 1741 2508 diadema

63 2536 192 2592 omnium
205 2553 265 2594 non
279 2536 412 2608 deorum,
423 2538 473 2595 sed
483 2537 693 2596 demoniorum
706 2541 798 2599 cultus
811 2559 878 2615 age·
927 2540 1017 2596 tribus
1033 2541 1097 2597 filiis
1112 2542 1178 2610 suis,
1197 2541 1338 2608 bethario,
1353 2542 1526 2599 Theoderico
1545 2547 1574 2598 et
1586 2544 1738 2614 llildarico,

62 2630 153 2701 babrr,
168 2628 209 2686 ibi
221 2630 356 2705 deinceps
369 2631 499 2688 omnium
515 2631 598 2690 fleret
612 2634 753 2691 memoria
766 2641 877 2693 sancto·
926 2634 1051 2707 reliquit.
1066 2635 1255 2708 Temporibus
1267 2635 1371 2690 horum
1390 2651 1493 2708 regum
1507 2635 1537 2692 in
1552 2635 1671 2694 Francia
1687 2637 1740 2695 riri

63 2739 134 2781 mm.
928 2728 1019 2784 sancti
1032 2728 1185 2785 rimutibus
1203 2732 1231 2785 et
1249 2728 1339 2800 signis
1357 2728 1533 2799 claruerunt,
1554 2730 1698 2787 Bomauus
1712 2733 1741 2788 et

92 2818 189 2873 Persas
213 2818 350 2874 adversm
373 2819 580 2892 rempublicam
611 2820 779 2893 gravissima
804 2822 877 2879 bella
926 2820 1089 2890 Audcenus,
1103 2821 1262 2878 Ansbartus
1275 2824 1305 2877 et
1316 2821 1434 2895 Eligins,
1445 2821 1577 2878 Ebrulius
1589 2826 1619 2879 ιι
1632 2825 1740 2879 hauno

61 2915 204 2983 gerentes,
220 2912 326 2968 multas
339 2914 534 2970 Romanorum
551 2914 723 2987 provincias,
739 2919 768 2971 et
783 2915 878 2988 ipsam
927 2930 1032 2983 marus,
1042 2915 1155 2971 ldaorus
1169 2918 1200 2970 et
1210 2914 1592 2985 columbanus,1>hi1ibsrtus
1602 2919 1632 2972 et
1643 2917 1739 2973 Guan·

60 3005 267 3077 lerosolymam
290 3006 440 3076 auferunt5
466 3010 495 3063 ct
521 3006 701 3065 destruentes
728 3009 875 3081 ecclesias,
887 3036 914 3112 C
927 3008 1085 3081 dregisilus,
1100 3007 1206 3081 aliique
1220 3009 1316 3080 plures
1332 3007 1389 3064 tide
1408 3013 1437 3074 et
1456 3007 1661 3080 predicatione
1674 3010 1739 3083 pol·

59 3101 160 3155 uncta
171 3114 297 3173 quasque
311 3099 504 3172 profanantes,
520 3099 594 3157 inter
611 3106 782 3159 ornamenta
797 3102 875 3160 loco·
926 3101 1026 3171 lentes,
1039 3102 1189 3158 sanctitate
1200 3108 1229 3159 at
1241 3101 1378 3175 prodigiis
1394 3104 1585 3158 coruscantes.

59 3193 653 3263 mmrelsanctorum,ralcommuniom,
671 3211 736 3269 ques
750 3195 875 3253 abstule-
962 3194 1152 3252 llersclaonas
1174 3211 1240 3252 cum
1264 3201 1357 3268 matre
1381 3210 1433 3251 sua
1455 3195 1575 3252 biartina
1599 3195 1683 3253 annis
1709 3213 1739 3254 u.

60 3289 139 3356 runt,
154 3286 245 3342 etiam
260 3286 397 3343 vexillum
408 3287 564 3344 bominicae
577 3288 669 3346 crucis
683 3289 840 3346 abducunt.
926 3289 1017 3362 Cyrus
1028 3287 1214 3357 Alexandria,
1230 3279 1345 3360 Sergius
1364 3293 1392 3344 et
1410 3288 1536 3360 Pyrrhus
1555 3288 1643 3362 regin
1662 3289 1741 3346 urbis

95 3380 242 3436 llemclins
253 3381 338 3438 annis
353 3396 427 3438 xxxi.
443 3382 609 3439 Anastasius
621 3383 707 3438 Persa
719 3384 877 3440 monachus
927 3382 1061 3456 episcopi,
1074 3382 1283 3454 Acephalorum
1298 3381 1434 3438 heresim
1448 3381 1639 3438 instaurantes
1652 3398 1741 3438 onam

60 3472 158 3528 nebda
170 3488 226 3545 pro
238 3473 350 3531 cbristo
363 3473 534 3548 martyrium
545 3475 662 3547 patitur.
676 3475 730 3540 Qui
751 3478 833 3531 natus
847 3477 878 3534 in
926 3475 1124 3549 operationem
1139 3475 1170 3532 in
1187 3475 1299 3534 Christo
1317 3473 1472 3531 divinitatis
1491 3478 1521 3530 et
1541 3474 1740 3543 humanitatis,

62 3566 174 3623 Passim
196 3567 325 3640 magicas
342 3583 360 3623 a
375 3573 456 3640 patre
477 3585 550 3640 puer
571 3573 648 3626 artes
665 3568 804 3640 discebat;
826 3569 877 3626 sed
926 3585 1015 3626 unam
1033 3569 1212 3626 voluntatem
1226 3567 1433 3641 dogmatizant.
1452 3570 1474 3625 E
1491 3567 1595 3640 quibus
1615 3567 1741 3640 Pyrrhus

62 3660 111 3716 ubi
120 3677 140 3715 a
153 3661 275 3734 captivis
288 3660 458 3719 Christianis
474 3661 577 3719 Christi
590 3679 698 3719 nomen
712 3666 876 3737 acceperat,
927 3662 971 3718 his
983 3662 1169 3735 temporibus,
1180 3661 1209 3717 id
1223 3664 1276 3729 ιιι,
1289 3660 1342 3716 sub
1354 3660 1503 3717 Theodoro
1516 3676 1602 3734 papa,
1616 3661 1742 3717 Romam

63 3755 93 3810 in
104 3770 174 3811 eum
186 3770 256 3811 mox
272 3755 369 3811 animo
383 3758 441 3812 toto
458 3771 621 3826 conversus,
637 3757 737 3814 relicta
749 3757 876 3826 Perside,
926 3756 1044 3813 veniens
1063 3772 1096 3813 ex
1115 3755 1221 3826 Africa,
1242 3753 1318 3824 licta,
1340 3756 1373 3809 nt
1393 3758 1460 3827 post
1481 3754 1626 3827 apparuit,
1649 3754 1742 3826 preni-

62 3848 284 3905 Glratcsdoniam
304 3849 544 3922 hierapolimque,
566 3850 711 3908 Christum
732 3867 876 3923 querens,
926 3850 1016 3906 tentia
1030 3849 1132 3906 obtulit
1147 3848 1240 3906 eidem
1252 3850 1611 3921 papae,prcesentecuncto
1623 3846 1699 3904 claro
1713 3851 1743 3902 et

61 3959 94 3999 ac
111 3942 217 4000 demde
231 3942 439 4016 Jemsolymom
459 3943 548 4016 petit;
569 3942 619 4000 ubi
633 3948 750 4017 accepta
770 3944 876 4017 bsptis-
926 3944 1043 4018 populo,
1067 3943 1193 4000 tihellum
1218 3957 1284 3998 cnm
1309 3958 1361 3998 sua
1387 3941 1606 4014 subscriptione,
1629 3941 1660 3997 in
1684 3957 1741 4014 quo

60 4039 147 4094 matis
162 4037 266 4111 gratia,
280 4041 382 4110 quarto
400 4036 435 4092 ab
453 4037 553 4094 eadem
571 4039 644 4094 urbe
664 4038 795 4095 milliario
811 4055 877 4095 mo·
927 4038 1189 4094 condemnarentur
1203 4035 1299 4092 omnia
1312 4052 1377 4108 qua
1391 4052 1450 4092 ase
1465 4036 1510 4092 vel
1524 4051 1541 4092 a
1554 4034 1744 4107 praedecesso

61 4132 224 4188 nestorium
246 4130 357 4188 abbatis
378 4131 523 4187 Anestmii
545 4131 668 4201 intrarit,
690 4130 740 4187 ubi
766 4136 878 4204 septem
926 4131 1005 4187 ribus
1019 4129 1077 4186 suis
1090 4130 1197 4203 scripta
1207 4129 1251 4186 rel
1263 4134 1328 4186 ecta
1341 4132 1408 4184 sunt
1418 4128 1555 4185 adversus
1566 4128 1743 4186 catholicam

61 4224 146 4281 annis
156 4223 331 4296 regulariter
344 4222 452 4294 vivens,
465 4223 536 4279 dum
549 4224 707 4281 (ιιιιιιιιιιι
719 4224 878 4280 Pnlaestinre
926 4224 1023 4281 tidem.
1038 4224 1117 4280 Unde
1128 4222 1253 4296 benigue
1263 4226 1411 4295 susceptus
1421 4224 1465 4279 est
1473 4221 1508 4277 ab
1519 4237 1553 4279 eo
1565 4223 1645 4296 quasi
1655 4221 1743 4295 regim

61 4317 199 4375 orationis
215 4317 307 4389 gratia
325 4316 457 4386 venisset,
477 4322 576 4389 captus
592 4332 609 4372 a
625 4317 727 4386 Persis,
745 4321 774 4374 at
788 4316 878 4373 multa
926 4317 1057 4391 pontifex
1071 4316 1201 4375 civitatis.
1218 4316 1282 4386 Sed,
1296 4316 1365 4388 quia
1379 4331 1509 4372 reversus
1520 4315 1649 4385 domum,
1663 4329 1744 4386 rape

62 4412 109 4468 dio
124 4411 333 4470 verberainter
344 4426 472 4467 carceres
482 4417 510 4467 et
523 4410 645 4480 nucula,
659 4402 971 4483 llarzabanaju·Dtiit
988 4425 1115 4468 errorem
1138 4409 1339 4478 domesticum,
1360 4412 1539 4466 memoratus
1557 4424 1630 4481 papa
1650 4407 1740 4464 Theo·

61 4508 133 4575 dice,
146 4520 311 4579 perpessus,
323 4503 484 4561 taudemad
496 4504 650 4563 chosroem
665 4520 879 4576 regemeorum
927 4505 1024 4574 dorus,
1047 4503 1189 4560 advocatis
1209 4502 1318 4558 cunctis
1337 4501 1531 4559 sacerdotibus
1553 4504 1583 4555 at
1606 4498 1684 4555 clero
1711 4499 1743 4554 in

61 4600 209 4658 Persidem
222 4599 347 4656 mittitur
361 4615 369 4655 ι
381 4614 398 4654 a
410 4614 466 4671 qno
480 4613 534 4672 per
546 4597 698 4655 intervalla
712 4601 877 4670 temporum
929 4598 1078 4654 ecclesiam
1100 4595 1181 4652 Beati
1199 4595 1276 4652 Petri
1295 4595 1491 4668 apostolorum
1511 4591 1658 4665 principis,
1679 4605 1744 4647 con·

62 4696 147 4752 tertio
172 4693 354 4764 verberatus,
379 4692 415 4748 ad
448 4697 610 4749 extremum
635 4707 694 4749 una
725 4706 880 4764 suspensus
929 4690 1073 4749 demnsyit
1086 4705 1154 4746 aum
1166 4688 1219 4744 sub
1234 4688 1347 4745 vinculo
1359 4685 1561 4743 anathematis.

60 4805 151 4847 mann
169 4804 224 4861 per
243 4792 301 4845 tres
322 4787 408 4843 horas
422 4785 491 4855 diei,
507 4786 548 4842 sic
567 4785 722 4842 decollatus
736 4800 802 4842 cum
817 4784 880 4840 aliis
964 4783 1167 4842 comtautinus
1182 4782 1270 4838 trater
1285 4779 1404 4837 Heraclii
1419 4777 1564 4836 mansibus
1581 4793 1620 4835 vr.
1640 4775 1742 4850 Pyrrhi

60 4900 111 4941 ux
125 4881 297 4952 martyrium
312 4879 473 4953 complevit
489 4880 551 4937 ltox
569 4878 666 4937 tunica
684 4879 748 4952 ejus
761 4878 880 4936 indutus
928 4892 1072 4934 successor
1097 4875 1214 4945 Paulus,
1239 4890 1298 4930 non
1326 4876 1439 4929 tantum
1465 4888 1568 4930 vesana
1593 4869 1743 4940 doctrine,

61 4976 181 5050 quidam
199 4973 394 5032 daemoniacus
410 4976 524 5030 sumtus
541 4976 594 5030 ast.
614 4975 724 5030 lntarea
745 4987 879 5044 superse·
930 4972 1002 5028 sicut
1021 4968 1248 5042 prodecessores
1268 4967 1340 5040 ejus,
1360 4966 1410 5022 sad
1427 4969 1526 5039 aperta
1544 4965 1743 5038 persecutione

61 5071 145 5128 niens
158 5085 228 5126 cnm
245 5067 372 5126 marcitu
391 5066 533 5124 llemclius
551 5066 693 5140 princeps,
706 5064 800 5122 Persis
813 5080 879 5122 curu
929 5064 1086 5122 Catholicos
1114 5062 1230 5134 cruciat,
1254 5059 1452 5134 apocrisiarios
1480 5063 1585 5116 sancta
1610 5060 1744 5115 Romanae

60 5180 133 5239 rega
152 5163 279 5222 Ghosroa
295 5160 447 5236 superatis,
467 5160 653 5231 Christianos,
677 5159 728 5232 qni
746 5157 880 5232 captivati
929 5157 1073 5227 Ecclesia,
1092 5156 1141 5230 qui
1154 5156 1190 5212 ad
1213 5155 1275 5228 ejus
1293 5152 1501 5212 correctionem
1518 5152 1598 5209 missi
1618 5152 1743 5222 inerant,

61 5262 156 5328 mant,
174 5254 336 5331 gaudmtes
349 5255 470 5324 reduxit,
489 5258 518 5311 et
537 5256 644 5311 sauctae
658 5253 751 5309 crucis
766 5251 881 5324 lignum
929 5250 1034 5325 partim
1048 5249 1218 5319 carceribus,
1232 5247 1337 5322 parlim
1356 5246 1472 5315 exsiliis,
1492 5246 1596 5319 partim
1615 5244 1744 5301 verberi·
1846 5268 1850 5273 ·

61 5350 250 5426 ierosolymis
275 5349 443 5423 reportavit.
471 5348 611 5421 Reliquie
640 5345 716 5404 beati
746 5345 880 5418 martyris
928 5344 983 5402 bus
995 5343 1132 5401 affluens.
1147 5342 1203 5400 Sed
1215 5343 1341 5400 ataltare
1354 5357 1457 5399 eorum
1468 5339 1500 5396 iu
1514 5339 1601 5396 domo
1614 5336 1746 5395 Pucidiae

62 5444 207 5505 mtasii
230 5443 324 5518 primo
347 5442 556 5501 monasterinm
581 5455 675 5511 snum,
698 5438 802 5497 deiude
823 5440 880 5496 Ro·
930 5441 1071 5495 sacratum
1086 5438 1117 5493 in
1130 5436 1287 5494 venerabili
1299 5437 1415 5494 oraculo
1433 5431 1745 5506 subvertensd'uipuit,

62 5557 143 5600 mam
153 5540 291 5611 advmtss,
301 5540 475 5596 venerantur
487 5536 518 5593 in
527 5533 704 5593 monastario
714 5531 792 5591 Beati
800 5531 880 5590 Pauli
929 5531 1086 5606 prohibens
1105 5546 1153 5587 eos
1178 5529 1287 5587 ibidem
1307 5529 1409 5586 missas
1431 5528 1588 5586 celebrare.
1611 5524 1692 5583 Unde
1716 5528 1746 5581 ιι

63 5632 202 5711 apostoli,
217 5632 297 5707 quod
314 5632 418 5690 dicitur
431 5630 467 5688 ad
479 5633 574 5704 Aquas
586 5628 702 5687 Salvias.
931 5625 1001 5699 ipse,
1016 5623 1089 5682 sicut
1108 5623 1334 5697 predecessores
1352 5621 1438 5692 illius,
1451 5622 1488 5677 ab
1506 5619 1664 5694 apostolica
1682 5617 1750 5677 sede

96 5735 185 5793 Anno
202 5727 288 5807 regui
305 5725 426 5788 Heraclii
444 5742 502 5797 xvi,
516 5723 673 5787 indictione
690 5739 737 5798 xv,
754 5721 881 5785 Edoinus
928 5720 1005 5800 justa
1017 5716 1202 5795 depositionis
1217 5717 1325 5779 uitione
1338 5717 1490 5778 damnatus
1503 5718 1555 5775 est.
1796 5726 1799 5731 ·
