3750 6046
73 256 140 313 {325

835 258 992 317 treunam.

1687 265 1753 324 {326

70 384 101 435 et
113 381 312 436 mandatorum
328 380 461 437 cranium
476 382 667 438 exsecutione.
685 381 801 438 Videbat
821 400 889 438 ocu·
900 396 930 470 Α
941 401 992 456 per
1005 400 1118 441 crucem
1132 386 1318 442 ascenderent
1330 386 1364 442 ad
1376 387 1566 460 majestatem,
1578 391 1663 461 etper
1674 406 1752 445 mor·

70 474 105 529 lis
119 479 148 529 et
162 474 293 530 manibus
301 475 439 531 tractabat
452 476 568 531 verbum
583 477 658 531 vitae.
673 477 748 532 Felix
760 476 803 530 cui
819 493 888 548 prm-

70 569 225 625 stitutaest
247 570 344 625 lovere
365 586 444 640 eum,
458 570 507 642 qui
530 570 606 625 fovet
624 587 656 625 ac
674 571 765 625 nutrit
779 570 886 639 anania,

71 665 185 733 portare
200 666 366 734 portantem
386 663 526 732 universa,
548 664 654 719 laetare
672 664 760 718 filiurn
780 664 829 735 qui
845 663 888 719 lac

71 755 142 827 ipsis
156 756 289 811 uberibus
303 756 416 825 inludit,
433 774 549 829 pascere
565 762 665 813 cuneta
677 763 841 829 pascentem
857 759 887 812 et

70 866 166 905 escam
189 849 288 904 avibus
314 850 577 906 administrantem.
604 851 748 908 pendebat
767 851 797 907 in
818 852 888 906 collo

72 945 134 1015 ejus
150 942 239 998 Patris
255 943 391 1014 sapientia
407 950 436 1000 ct
451 944 478 999 in
504 945 631 999 bvvnveris
646 947 706 1018 ejus
720 946 808 1000 virtus
823 961 886 999 mo·

69 1053 139 1092 vens
155 1042 257 1093 cuncta
272 1037 423 1093 residebat.
442 1038 584 1093 Stabatio
600 1040 663 1094 sinu
676 1044 805 1095 materno
819 1055 886 1110 par·

71 1126 154 1180 rulns
172 1128 261 1193 lesus,
276 1133 304 1180 et
317 1127 346 1180 in
370 1126 480 1198 gremio
496 1127 640 1198 quiscebat
665 1128 792 1199 virgineo
809 1144 887 1183 saue·

71 1224 169 1274 tarum
191 1220 304 1289 requies
322 1220 497 1275 animarum.
515 1221 678 1292 Aliquando
698 1221 821 1276 subnixo
842 1237 888 1275 ca·

71 1312 142 1383 pite,
157 1313 225 1366 laeva
239 1313 395 1384 dextraque
416 1316 572 1380 tenentem,
587 1315 663 1370 vultu
682 1314 886 1385 placidissimo,

72 1405 246 1460 Genitricem
280 1406 443 1477 aspiciebat,
478 1424 565 1478 quam
595 1407 761 1462 desiderant
791 1408 888 1478 angeli

73 1499 181 1566 videre,
209 1503 237 1553 ct
263 1499 366 1555 blando
392 1517 541 1555 murmure
568 1502 684 1557 vocabat
708 1502 887 1573 genitricem,

72 1607 161 1663 quam
177 1593 270 1647 omnis
282 1593 396 1664 spiritus
411 1594 535 1666 appellat
550 1595 578 1649 in
592 1595 817 1650 necessitatibus.

108 1688 144 1741 dt
171 1687 218 1741 illa
240 1688 348 1759 repleta
378 1688 487 1759 Spiritu
508 1691 615 1758 saneto,
635 1694 766 1744 sanctum
791 1693 888 1760 peetus

937 487 996 537 tem
1010 481 1199 552 temporalem
1212 480 1276 535 rita
1288 487 1402 537 aeternae
1411 482 1563 555 participes
1582 483 1655 539 ellici
1664 499 1755 540 mere·

938 579 1048 630 rentur.
1078 575 1124 629 lsti
1147 574 1176 630 iu
1192 575 1314 632 Canticis
1340 576 1516 632 canticoram
1538 578 1641 647 (Cant,
1656 581 1693 648 vr)
1706 595 1752 633 as·

938 668 1103 723 cenduntin
1116 669 1240 739 palmam
1248 669 1464 740 apprehendere
1472 672 1580 726 fmctus
1595 671 1655 747 ejus
1668 674 1755 744 etper

939 777 1099 816 successum
1113 778 1289 834 purpureum
1303 763 1407 833 (Cant,
1426 766 1464 836 ιιι)
1487 764 1517 819 in
1534 765 1670 820 lectulum
1695 765 1757 821 veri

938 854 1097 911 Salomonis
1111 862 1333 929 congregantur,
1349 860 1379 911 ut
1399 857 1577 913 discumbant
1591 859 1620 913 ia
1632 859 1752 915 reclina·

938 945 1012 1000 torio
1026 961 1124 1014 aureo,
1140 949 1169 1001 et
1179 946 1288 1001 deliciis
1304 945 1426 1000 allluant
1440 946 1587 1015 uuiversis,
1600 949 1714 1004 edentes
1723 964 1755 1004 ac

938 1038 1107 1094 bibentesin
1130 1055 1217 1110 regno
1240 1040 1298 1106 llei,
1321 1040 1431 1097 Christo
1451 1041 1508 1096 illic
1534 1042 1752 1098 administrante

939 1131 1116 1202 (Live.,1xnl.
1136 1132 1240 1204 Spiritu
1255 1149 1323 1188 vero
1347 1134 1437 1190 saneti
1450 1134 1490 1189 illr
1511 1136 1584 1207 passi
1604 1139 1680 1205 saint,
1704 1135 1757 1208 qui

937 1225 1043 1297 aliquid
1066 1226 1196 1297 passione
1221 1227 1313 1282 carnis
1340 1227 1439 1283 durius
1464 1228 1493 1282 in
1521 1229 1579 1284 suis
1609 1228 1754 1301 spiritibus

938 1315 1126 1385 pertulerunt.
1152 1315 1257 1386 Spiritu
1279 1333 1379 1387 passas
1395 1323 1438 1372 ast
1458 1318 1613 1383 Abraham,
1639 1319 1754 1392 qvando

935 1405 1031 1475 J'ussus
1054 1407 1128 1459 lsaac
1155 1405 1248 1460 lilium
1269 1422 1363 1475 suum,
1387 1422 1473 1477 quem
1503 1407 1583 1462 uarice
1606 1408 1753 1479 diligabat,

939 1498 1090 1553 immolare
1111 1502 1228 1569 paterno
1254 1503 1433 1570 pertentatur
1458 1500 1560 1556 aliectu
1587 1507 1617 1556 et
1638 1500 1674 1556 ab
1689 1501 1753 1556 imis

938 1591 1093 1647 visceribus
1108 1592 1212 1663 pietate
1229 1592 1288 1647 nati
1302 1592 1469 1648 movebatur
1483 1593 1572 1664 (Gen,
1587 1596 1662 1665 xxvi).
1678 1597 1753 1666 Age-

938 1684 987 1741 bat
1001 1691 1102 1741 tamen
1116 1684 1473 1758 nihilominusinjnnetum
1489 1704 1560 1758 opos
1573 1688 1696 1760 impiger
1707 1704 1756 1744 ex-

72 1781 154 1853 pueri
169 1798 220 1836 saro
237 1783 345 1853 pectori
365 1782 526 1854 copulabat,
547 1784 691 1839 etfaciam
712 1783 787 1840 illius
804 1778 1059 1851 lacieiBsecutor,
1084 1783 1113 1835 et
1134 1779 1237 1834 divina
1252 1779 1389 1850 jussionis
1413 1781 1574 1836 accelerans
1598 1781 1754 1854 imperium

69 1890 130 1929 suae
153 1875 321 1946 applicabat.
345 1876 554 1949 Nonnunquam
580 1876 762 1933 osculabatur
784 1894 887 1932 manus

78 1970 107 2019 et
121 1964 246 2030 brachia,
259 1969 286 2019 et
303 1969 431 2021 materna
443 1966 547 2021 conlisa
562 1967 686 2034 licentia,
700 1967 736 2022 ab
755 1969 816 2038 ejus
839 1984 888 2023 ora

75 2058 265 2113 sacratissimo
281 2058 373 2114 dulcia
388 2060 481 2115 oscula
500 2061 642 2131 carpebat.
660 2061 718 2115 Non
735 2061 889 2116 satiabatur

75 2152 149 2219 sisu,
168 2167 220 2206 nec
237 2151 409 2223 implebatur
429 2154 539 2221 auditu,
560 2154 626 2225 quia
640 2155 719 2208 illum
733 2154 846 2210 videbat
860 2158 889 2210 et

72 2245 220 2307 audiebat,
240 2262 316 2315 qvem
339 2247 420 2301 mailli
442 2264 515 2316 reges
536 2253 561 2302 et
581 2249 720 2318 propbeta
744 2250 888 2303 salvament

72 2339 176 2405 viatere,
194 2344 283 2394 ataoa
304 2340 442 2401 siderant.
462 2347 487 2396 cl
504 2342 600 2396 vvudv're
616 2348 641 2395 cl
662 2358 717 2397 nou
744 2344 890 2398 erudierant

72 2432 208 2503 (Luem).
223 2432 583 2505 Proliciebaligitnrmagis
594 2451 626 2490 ae
639 2435 764 2504 magisin
780 2452 887 2504 amore,

70 2530 100 2580 et
114 2525 228 2581 animas
241 2526 422 2581 inardescens
434 2533 528 2582 mente
538 2529 679 2599 pervigili,
693 2529 793 2584 divinis
803 2530 886 2584 obtu-

72 2620 150 2674 tibns
165 2619 334 2675 inhaerebat.
349 2620 412 2675 Non
424 2621 543 2689 labores,
559 2639 615 2676 non
628 2621 752 2691 dolores,
765 2640 821 2678 aon
836 2623 888 2677 dis

74 2713 206 2780 crimina,
220 2730 279 2768 non
292 2715 427 2785 penurias
442 2720 492 2769 aut
504 2716 737 2784 necessitudines,
754 2733 812 2772 non
830 2717 886 2771 lor-

72 2806 207 2875 midiaes,
221 2810 270 2861 aut
284 2811 403 2877 mortes,
420 2824 478 2863 non
492 2809 567 2880 regis
585 2809 745 2881 impiissimi
761 2811 886 2865 fvvrorem

69 2905 97 2956 et
109 2900 206 2972 lugam
221 2897 377 2957 reditumve
393 2901 422 2956 ia
436 2903 632 2974 AEgyptum,et
648 2920 684 2959 ex
700 2905 821 2976 AEgypto
837 2921 887 2976 pro

70 2994 130 3049 nati
143 2994 279 3050 charitate
295 2994 473 3052 formidabat.
490 2999 557 3053 Erat
563 2997 727 3068 gratissima
742 2997 771 3052 in
787 3013 885 3069 opere,

938 1873 1039 1928 itinere
1051 1873 1259 1929 triumdierum
1272 1874 1447 1946 pervenitad
1458 1878 1585 1930 montem
1598 1875 1684 1942 oreb,
1693 1875 1753 1942 obi,

938 1968 1009 2022 sicut
1023 1968 1050 2022 ei
1063 1967 1157 2023 luerat
1170 1967 1470 2039 imperatum,struem
1480 1969 1625 2040 lignorum
1639 1984 1756 2041 compo·

938 2061 1004 2128 suit,
1023 2061 1228 2133 ligatumlsaac
1247 2061 1477 2134 superimposuit,
1496 2066 1670 2134 acceptoque
1689 2063 1752 2133 gla-

938 2155 983 2210 dio
1010 2154 1185 2210 immolasset
1215 2155 1315 2224 tilium,
1349 2154 1403 2209 nisi
1431 2171 1500 2210 voce
1530 2155 1639 2211 caelitus
1672 2156 1753 2227 lapsa
1806 2173 1835 2209 ·.

938 2265 1082 2320 repressus
1093 2249 1214 2303 audisset
1232 2269 1237 2304 :
1255 2249 1437 2304 b'aentendas
1453 2265 1553 2303 manus
1566 2250 1596 2304 in
1613 2266 1750 2321 puerum,

939 2359 1015 2396 nunc
1041 2342 1171 2412 cognovi,
1194 2342 1272 2413 quod
1288 2341 1390 2397 timeas
1412 2345 1512 2398 Deum.
1532 2342 1580 2396 Vir
1592 2343 1645 2397 iste
1667 2358 1753 2414 supra

938 2452 1054 2490 earnem
1068 2452 1167 2507 passus
1181 2441 1232 2502 est,
1247 2436 1316 2507 quia
1328 2436 1431 2497 filiam,
1443 2452 1530 2507 quern
1545 2436 1753 2509 carnepmpria

937 2530 1002 2600 plus
1013 2529 1136 2593 amabat,
1154 2529 1259 2597 etlide,
1277 2534 1307 2583 et
1321 2528 1472 2584 devotione
1493 2529 1597 2585 ollerre
1618 2546 1676 2586 non
1695 2531 1753 2585 dis-

938 2623 1012 2690 tulit,
1045 2625 1073 2677 et
1097 2623 1213 2693 plenam
1240 2622 1306 2677 facti
1338 2622 1571 2679 deliberationem
1598 2624 1682 2679 tertia
1707 2623 1753 2681 die

938 2716 1042 2772 deinde
1059 2716 1191 2772 ostendit.

975 2812 1016 2864 lta
1031 2810 1179 2880 legislator
1198 2810 1307 2881 Moyses
1325 2812 1421 2866 animo
1434 2828 1543 2883 passus,
1557 2813 1672 2883 quando
1693 2815 1752 2869 ste·
1833 2816 1858 2829 '¹

937 2904 972 2958 tit
987 2905 1015 2957 ia
1030 2904 1221 2959 confractione
1234 2905 1263 2957 in
1280 2908 1433 2975 conspectu
1456 2905 1515 2972 liei,
1536 2909 1564 2961 et
1577 2922 1629 2977 pro
1650 2906 1751 2979 populi
1809 2916 1813 2929 ·

937 2998 1026 3052 salvate
1044 3001 1205 3068 rogaturus,
1221 2998 1341 3053 salutem
1363 3015 1441 3053 suam
1454 2999 1539 3071 longe
1562 3000 1692 3071 projecit,
1711 3000 1754 3056 di·
1843 3060 1849 3071 ἱ

68 3088 214 3143 latissima
226 3089 254 3142 in
268 3090 389 3157 actione,
405 3091 621 3162 promptissima
633 3091 661 3145 in
677 3091 825 3164 obsequio,
841 3093 887 3147 de·
937 3091 1266 3146 cens:Autdivvvitteillis
1276 3093 1345 3147 banc
1355 3108 1465 3160 nocam,
1476 3094 1752 3150 autdelemedclv'bro
1817 3146 1821 3153 .

69 3182 213 3237 votissima
229 3183 258 3237 in
282 3182 451 3251 ministerio,
467 3189 496 3239 et
510 3184 668 3239 humillima
684 3185 714 3239 in
732 3186 883 3240 famulatu.
937 3202 1014 3255 quoa
1027 3185 1278 3255 scripsistilliaocl„
1292 3184 1387 3255 xxxii).
1401 3186 1423 3240 0
1433 3186 1560 3256 jaculum
1575 3188 1604 3241 in
1615 3187 1715 3242 cordel
1735 3205 1752 3243 o

69 3276 102 3331 ln
128 3276 236 3331 eunctis
271 3293 406 3348 prospere
438 3278 551 3348 agebat,
583 3282 684 3332 cuncta
718 3285 832 3333 strenue
857 3284 886 3334 et
936 3277 1752 3349 vulnusdarinsomnivulnere!oplagainlimisanimna
1835 3322 1839 3331 .

70 3370 214 3441 sapienter
225 3369 450 3425 administrabat.
466 3370 601 3426 Universa
618 3372 803 3427 humanitatis
820 3374 884 3427 olli·
936 3372 1088 3426 visceribus
1106 3371 1266 3425 inhaerens!
1288 3373 1345 3427 Avvt
1364 3372 1470 3427 dimitte
1483 3373 1540 3426 illis
1558 3373 1629 3427 bunc
1640 3389 1751 3441 nomm,

69 3464 112 3518 eia
126 3465 203 3518 vultu
218 3469 366 3533 screno,et
378 3466 629 3537 rnentetranqnilla
643 3466 793 3537 percurrit.
812 3467 883 3521 Nava
936 3465 1301 3534 ealdelcmcvtelibro,qvem
1313 3465 1581 3535 scv·ipsiati.llptabat
1595 3468 1750 3521 arvatbema
1828 3484 1831 3489 ·

70 3558 143 3613 sicut
161 3558 191 3612 in
202 3557 327 3613 theorica
342 3559 413 3612 nulli
432 3559 532 3613 similis
547 3559 663 3623 exstitit,
680 3559 718 3615 sic
738 3560 767 3614 in
794 3561 886 3616 activa

70 3652 127 3706 vita
141 3650 262 3706 similem
278 3667 335 3706 non
360 3652 479 3707 invenit.
503 3652 556 3708 Sed
577 3669 634 3725 quo
661 3652 755 3709 tendit
776 3654 886 3709 oratio?

69 3745 219 3813 vincimur,
237 3751 267 3801 et
277 3762 329 3801 nos
343 3746 417 3801 vinei
430 3747 619 3818 gratulamur.
635 3748 720 3802 Valde
734 3764 819 3820 supra
835 3764 887 3802 nos

70 3842 122 3907 est,
159 3839 236 3910 qaod
262 3841 472 3906 attentavimus,
497 3841 581 3912 longe
608 3841 725 3896 inferius
745 3841 884 3913 jacemus.

70 3935 143 4003 lingo
157 3934 307 3988 redeamus
322 3934 356 3989 ad
373 3950 434 4000 nos,
451 3937 481 3988 et
493 3934 589 4006 culpas
604 3934 718 3989 tletibus
733 3935 884 3990 diluamus.

70 4028 215 4098 llogemns
224 4032 345 4082 matrem
358 4028 472 4098 pietatis
481 4045 531 4098 per
542 4045 647 4095 arcana
663 4028 806 4100 galidii,et
818 4027 886 4084 inef-

70 4120 172 4199 fabiles,
184 4137 306 4187 amores,
322 4138 393 4192 quos
409 4123 546 4193 singulari
562 4123 708 4193 privilegio
728 4123 839 4191 meruit,
856 4125 887 4177 ut

71 4219 207 4270 maternae
223 4215 334 4285 pietatis
347 4215 479 4270 allectum
500 4216 582 4271 nobis
606 4216 765 4287 impondat,
789 4221 819 4272 et
833 4234 885 4288 pro

936 3575 1024 3614 cssea
1038 3558 1149 3614 Christo
1165 3574 1215 3628 pro
1230 3558 1364 3612 iratribus
1380 3562 1477 3630 (Item,
1500 3560 1555 3638 rr),
1575 3566 1604 3613 et
1627 3560 1750 3616 aliorum

936 3669 1014 3707 suam
1029 3657 1163 3723 reputans
1178 3651 1492 3724 salutcmalienoquam
1509 3668 1559 3707 suo
1571 3652 1748 3709 damnoma·

936 3747 980 3818 gis
994 3746 1186 3817 affligebatur.
1202 3747 1298 3816 Neque
1311 3746 1387 3801 enim
1397 3745 1451 3800 sibi
1460 3746 1519 3801 iore
1534 3745 1677 3817 integram
1688 3763 1749 3805 ere·

936 3840 1017 3906 didit,
1033 3840 1057 3895 si
1071 3839 1133 3894 aliis
1147 3839 1334 3894 morientibus
1348 3839 1408 3911 ipse
1421 3839 1538 3907 viveret,
1554 3846 1583 3895 et
1596 3841 1658 3895 aliis
1673 3841 1750 3912 peri-

936 3933 1099 3988 clitantibus
1119 3934 1193 3987 solus
1213 3948 1337 4004 regnum
1353 3933 1481 3989 intraret.
1501 3933 1625 3990 Charitas
1644 3936 1750 4007 quippe

935 4044 989 4084 aaa
1000 4030 1099 4098 pararit
1110 4043 1169 4097 que
1181 4042 1232 4082 srva
1244 4033 1309 4082 suat
1318 4029 1338 4098 (l
1347 4030 1418 4090 Cor„
1426 4028 1493 4097 xviv),
1510 4029 1578 4099 qnia
1586 4029 1751 4086 conamunia

936 4121 1069 4193 propriis,
1082 4138 1137 4175 non
1154 4121 1267 4193 propria
1283 4121 1481 4176 communibus
1497 4125 1653 4194 anteponit.
1670 4124 1752 4181 Unde

937 4216 1023 4270 David
1034 4222 1061 4270 et
1072 4216 1130 4286 ipse
1138 4215 1235 4270 animo
1244 4232 1350 4286 passus,
1359 4231 1424 4270 cum
1437 4216 1546 4270 videret
1557 4219 1751 4287 angolismens-

70 4308 177 4363 nostris
185 4309 346 4363 excessibus
361 4310 439 4382 apud
452 4309 600 4382 proprium
611 4310 771 4366 intercedat
784 4311 883 4366 lilium.
938 4309 1053 4364 dentem
1071 4310 1217 4380 populum,
1227 4309 1382 4380 ingemuit,
1392 4313 1461 4365 aler
1470 4316 1529 4365 toto
1539 4310 1623 4365 corde
1633 4327 1750 4366 convcr-

71 4401 125 4466 Qui
169 4418 232 4457 cum
280 4404 361 4457 Patre
400 4405 428 4457 et
466 4403 572 4475 Spiritu
614 4406 710 4459 saneto
750 4404 822 4460 vivit
858 4410 886 4459 et
938 4396 1750 4474 svrsaddeviassepeccasse,sciniqueegissocommemo-

71 4500 174 4566 regnat
217 4496 289 4550 licus
328 4512 378 4566 per
416 4498 514 4552 omnia
560 4499 662 4555 saecula
704 4496 1752 4591 sestertiorumnrat,inseconverligladiumenoratllllteg.,xrrv).lir·

71 4592 175 4644 Amen.
938 4597 1017 4646 cassat
1029 4591 1173 4657 lsraelem,
1187 4607 1217 4645 se
1235 4606 1300 4645 curn
1315 4590 1402 4661 stirpe
1418 4607 1469 4645 sua
1487 4590 1574 4646 deleri
1592 4592 1752 4662 expostulat

384 4662 526 4720 ΗΟΜΠᾸᾹ
546 4665 576 4718 V·
937 4688 1050 4739 tanturn
1076 4689 1104 4739 ut
1124 4700 1222 4739 mucro
1242 4684 1363 4739 madeas
1386 4686 1524 4756 sanguiue
1550 4703 1566 4740 a
1587 4686 1663 4739 cade
1684 4703 1751 4741 con·

68 4771 104 4814 oe
119 4770 213 4812 ussus
235 4771 340 4812 nasone
354 4773 402 4812 ssu
418 4774 554 4814 naariam
575 4774 740 4816 assrvssvnn
759 4774 886 4814 vinariis.
939 4779 1073 4851 quiescat,
1099 4782 1128 4832 eq
1151 4779 1235 4833 „qm
1254 4779 1297 4832 ,pa
1318 4779 1482 4834 innocente,
1508 4780 1580 4834 up„
1605 4797 1662 4835 ΜΠ
1676 4780 1754 4851 pgr„

105 4873 245 4928 ldemores
265 4874 425 4945 sponsionis
449 4880 554 4929 nostrae
581 4879 609 4930 et
633 4876 754 4931 scientes
779 4876 889 4946 quvvvda
939 4878 1006 4927 mal.
1025 4875 1095 4928 l’uta
1115 4872 1289 4927 advertimus
1305 4888 1336 4927 er
1358 4872 1412 4940 liis,
1428 4873 1506 4944 quod
1527 4874 1631 4928 meritis
1646 4877 1754 4946 inarty·
1836 4892 1839 4897 ·

69 4967 156 5024 nobis
169 4967 240 5022 nihil
255 4984 405 5039 possumus
419 4969 556 5039 lacerelll
571 4970 643 5038 Cosa,
659 4971 726 5041 vivi),
737 4986 793 5024 non
810 4969 887 5024 enirn
942 4966 1019 5022 rium
1034 4967 1127 5022 earnis
1143 4971 1289 5021 tormenta
1304 4966 1429 5022 excedat.

69 5077 172 5116 sumus
187 5062 363 5117 sufficientes
379 5062 486 5134 aliquid
500 5081 516 5117 a
537 5063 629 5126 nobis,
644 5063 725 5135 quasi
740 5080 776 5119 ex
796 5063 888 5131 nobis,
975 5063 1031 5116 lloe
1047 5061 1142 5133 itaque
1156 5060 1285 5131 patiendi
1303 5077 1406 5131 genere
1419 5060 1544 5132 gloriosa
1561 5061 1754 5135 triumphans,

71 5155 124 5210 scd
139 5154 309 5211 sufficientia
324 5160 422 5211 nostra
435 5172 466 5210 ex
483 5158 538 5211 [leo
553 5162 632 5225 est,a
651 5159 733 5213 l'atre
748 5156 889 5212 luminum
940 5159 1049 5227 quanto
1077 5154 1185 5209 cunctis
1211 5153 1341 5222 vicinior,
1366 5157 1444 5209 bavato
1467 5156 1576 5211 cernetis
1597 5157 1755 5227 gloriosior,

67 5247 390 5306 cordisluminationem
402 5250 495 5305 eloris
504 5251 889 5323 apertionemimploramus.
940 5248 1109 5305 venerandas
1121 5248 1196 5303 cruci
1213 5248 1367 5303 Dominicoe
1381 5249 1521 5320 passionis
1532 5251 1653 5320 inhaesit,
1662 5253 1758 5310 hausit

66 5343 227 5402 Sciendum
252 5344 347 5416 itaque
369 5345 424 5399 duo
437 5361 496 5400 esse
513 5361 619 5417 genera
642 5345 780 5418 martyrii,
802 5360 890 5401 unum
941 5343 1069 5410 calicem,
1084 5341 1155 5397 bibit
1169 5341 1342 5412 passionem,
1358 5349 1386 5398 et
1398 5344 1755 5418 torrenledolorispotato,

66 5440 99 5495 iu
127 5438 293 5507 manifesto,
317 5438 394 5492 alivvd
410 5438 439 5493 in
454 5440 573 5506 occulto,
591 5456 678 5494 urium
694 5445 802 5510 patens,
816 5440 891 5494 aliud
942 5435 1387 5508 nulliunquamsimilenrpotuit
1400 5439 1671 5509 perterredolorcm.
1686 5442 1757 5497 Cur-

68 5533 273 5599 latens,unnm
285 5533 312 5585 in
328 5548 422 5601 carae,
437 5532 514 5587 aliud
530 5533 557 5587 ia
572 5533 786 5604 spi1·ita.Carne
800 5533 891 5588 saneti
940 5532 979 5586 rit
992 5536 1054 5603 post
1068 5532 1175 5600 lesum,
1192 5546 1251 5585 non
1265 5533 1380 5585 tantum
1394 5529 1422 5586 in
1439 5532 1759 5605 odoreunguentorum,

39 5610 235 5697 'apostaliet
259 5630 402 5697 martyres
422 5625 497 5696 passi
512 5627 593 5695 'svvvrt,
620 5627 669 5698 qui
697 5627 734 5681 ob
762 5643 891 5682 amorem
941 5626 990 5682 sed
1005 5625 1034 5681 in
1047 5624 1232 5680 multitudine
1252 5624 1396 5682 dolorum.
1411 5627 1477 5681 Non
1494 5629 1646 5680 saturata
1663 5627 1778 5688 gasaw

67 5715 207 5783 veritatis,
221 5719 250 5773 in
261 5718 457 5774 testimoniam
469 5722 573 5776 lesnse
588 5721 594 5773 i
598 5737 664 5793 psos
674 5720 894 5794 impenderunt,
944 5720 1309 5789 consolationum,verum
1319 5709 1816 5823 etinabnndantxaqaasmmsmg
1832 5793 1848 5809 ·

67 5812 305 5873 eveuecubosua
320 5814 423 5871 Christi
436 5816 553 5872 calicem
572 5816 687 5876 bomini
703 5818 854 5893 biberunt,
868 5822 904 5880 ut
952 5817 1106 5880 deruebat
1117 5830 1231 5874 aarum
1249 5814 1453 5871 Sdomonam
1463 5808 1568 5857 mater
1588 5807 1659 5860 ab*
1676 5800 1718 5834 W
1736 5782 1792 5829 m
1808 5787 1832 5821 ‘⁸
