3750 6046
422 174 580 232 lrtsrufua
600 174 866 231 ecclesiastica.
884 204 917 215 —
933 175 1017 231 PARS
1036 174 1056 229 1.
1072 205 1105 215 -
1120 175 1182 231 cru.
1204 176 1236 230 ll.
1620 180 1671 235 lar

69 314 116 354 >ns
142 299 221 353 fama
248 300 283 354 de
311 299 460 355 virtutibus
486 316 557 371 quas
583 300 718 353 Dominus
746 311 927 383 perquam,
955 315 1019 354 cnm
1045 299 1177 353 omnibns
1202 297 1250 368 qui
1279 297 1471 370 crediderant,
1498 298 1668 372 baptizarit.

69 393 141 448 ilum
165 394 347 465 operabatur,
371 411 422 465 per
442 395 550 449 Indiam
574 393 673 448 diflusa
697 397 755 460 est3
772 399 799 447 et
849 392 972 446 tlarisius
987 398 1094 461 autem,
1109 392 1191 463 cujus
1209 408 1338 447 sororem
1358 392 1483 448 Mesdeus
1507 411 1556 449 rex
1577 396 1665 450 liabe-

92 488 287 560 congregatio
317 489 490 559 populorum
517 489 551 543 de
580 487 745 559 longinquis
771 491 799 541 ct
848 486 897 541 bat
912 502 1041 555 uxorem,
1056 486 1135 558 petiit
1155 492 1187 541 ut
1207 486 1321 558 Treptia
1335 487 1436 559 ragina
1456 487 1616 545 mitteretur
1630 491 1666 545 ad

69 582 115 636 nis
129 582 292 637 civitatibus
309 583 343 636 ad
362 598 428 636 eum
446 582 520 636 facta
538 586 588 636 est.
605 581 712 636 Vitulos
729 581 755 635 ei
771 584 799 634 ct
849 596 929 634 suam
950 596 1082 646 rrxorem,
1106 585 1249 651 qnatenus
1271 596 1322 652 per
1344 596 1409 635 earn
1430 586 1610 638 revocaretur
1631 584 1668 639 ad

69 691 175 730 rmore
189 675 286 731 divino
297 675 454 730 sacrificare
468 674 611 743 volebant,
624 675 691 745 quia
706 674 797 746 ipsum
849 677 944 727 lorum
967 673 1137 729 maritalem.
1160 674 1288 729 Mesdeus
1310 690 1359 728 rex
1381 675 1529 731 concessit.
1553 677 1667 748 Treptia

73 784 143 822 eam
167 769 317 838 putabant.
342 769 426 822 Porro
449 767 630 822 Gundaforus
649 784 709 835 rex,
727 782 797 838 apo·
849 766 948 837 regina
967 767 1102 837 perrexit,
1118 767 1217 821 astutis
1236 766 1381 823 blanditiis
1400 768 1584 841 Mygdoniam
1604 786 1670 826 con·

69 862 216 929 madente,
228 862 314 932 jussit
329 867 360 914 ut
373 878 424 932 per
438 878 528 915 tinum
543 877 670 916 mensem
686 877 799 932 exspec·
849 860 935 927 rcnit,
958 866 1078 931 totoque
1101 859 1165 915 nisu
1187 859 1224 914 ad
1244 860 1393 932 pristinam
1419 863 1668 920 conversationem

79 996 87 1024 ,
126 970 278 1027 quousque
312 954 400 1009 totius
434 955 585 1026 provincire
619 954 798 1025 conglobatio
850 952 994 1009 retrahere
1016 953 1134 1008 studuit.
1156 953 1258 1008 Verum
1273 953 1320 1007 illa
1332 953 1393 1025 jam
1416 955 1445 1009 in
1469 956 1579 1012 Christo
1602 958 1668 1013 fun·

88 1049 182 1103 etita
203 1049 323 1104 demum
344 1049 472 1103 facerent
495 1048 572 1118 quod
594 1048 653 1119 ipse
672 1047 797 1117 juberet.
849 1045 916 1100 data
940 1045 1054 1101 fortiter
1076 1047 1189 1115 restitit,
1209 1046 1329 1119 jamque
1354 1047 1409 1103 tide
1431 1049 1513 1103 fortis
1535 1050 1668 1106 bellatrix
1773 1090 1778 1101 .

69 1141 134 1196 letis
155 1157 227 1213 ergo
252 1158 305 1198 xxx
328 1141 439 1211 diebus,
460 1141 489 1196 in
512 1157 614 1213 campo
631 1141 714 1211 juxta
735 1141 799 1195 Gazi
849 1141 1030 1210 repugnavit,
1053 1145 1080 1196 et
1102 1140 1230 1211 reginam
1255 1141 1364 1197 ratione
1389 1141 1493 1198 victam
1515 1144 1552 1199 ad
1574 1144 1669 1200 Chris·

70 1252 83 1290 s
105 1251 259 1290 ascensum
283 1236 434 1291 hominum
454 1235 604 1290 multitudo
624 1239 799 1307 congregata
848 1237 909 1287 tum
927 1236 1043 1288 strenuo
1058 1234 1206 1305 compulit.
1220 1233 1298 1289 bulci
1315 1235 1392 1290 enini
1407 1234 1494 1292 allatu
1509 1237 1534 1293 ei
1548 1253 1668 1310 respon-

82 1345 141 1401 qua
156 1329 243 1383 variis
258 1329 477 1400 aegritudinibus
490 1328 678 1384 laborantium
691 1345 799 1400 magna
849 1325 898 1394 dit,
923 1327 983 1397 ejus
1004 1327 1100 1382 animo
1122 1343 1254 1383 amorem
1276 1329 1395 1401 apostoli
1417 1330 1536 1386 solerter
1558 1332 1668 1404 injecit,

70 1421 134 1477 ‚ado
151 1422 244 1478 adest.
259 1423 410 1493 Apostolus
423 1425 519 1476 autem
533 1438 635 1476 omncs
651 1421 797 1476 infirman-
849 1423 875 1474 ef
895 1419 935 1474 ita
955 1420 1136 1492 praedicando
1158 1421 1284 1476 mulieris
1304 1438 1352 1477 cor
1373 1424 1428 1478 cito
1449 1425 1608 1497 supposuit.
1624 1426 1670 1483 nit

73 1532 168 1570 unum
187 1516 359 1588 congregari
378 1517 523 1586 praecepit,
539 1520 568 1570 et
586 1515 687 1586 ipsein
704 1514 798 1570 medio
849 1512 929 1567 enim
950 1535 955 1567 :

70 1610 187 1673 calefit,
209 1625 367 1680 manusque
383 1625 446 1663 suas
464 1609 499 1663 ad
519 1608 604 1664 coetos
622 1608 797 1680 expandens,
886 1628 900 1656 (ι
916 1606 938 1661 0
954 1623 1033 1662 soror
1046 1608 1172 1679 Treptia,
1193 1607 1215 1661 si
1231 1608 1318 1663 scires
1336 1625 1402 1680 quae
1419 1626 1472 1683 ego
1491 1610 1589 1682 didici,
1609 1630 1668 1670 non

70 1701 94 1757 is
116 1703 220 1757 oravit.
247 1702 338 1757 l'inita
361 1702 490 1757 oratione
514 1701 642 1772 apostoli,
668 1676 998 1758 coruscussshomincm
1023 1703 1138 1771 putares
1165 1717 1236 1769 esse,
1263 1701 1313 1756 sed
1339 1702 1436 1759 deum.
1464 1703 1561 1760 Sardis
1588 1707 1668 1761 cuim

76 1796 232 1861 eosvenit,
253 1801 282 1850 et
299 1797 337 1849 ita
356 1811 464 1861 ornnes,
481 1801 511 1851 ut
531 1795 586 1850 ictu
608 1795 729 1866 fulguris
750 1812 799 1867 pe·
850 1793 979 1849 auditum
1002 1793 1107 1861 reddit,
1131 1793 1252 1850 salutem
1273 1795 1405 1851 omnibus
1428 1797 1605 1868 egrimoniis
1625 1816 1668 1856 re-

71 1906 84 1943 s
110 1906 140 1943 se
168 1888 368 1955 formidarent,
396 1888 508 1943 terruit.
535 1889 641 1944 Omnes
668 1889 799 1959 prostrati
851 1885 957 1956 stituit;
982 1886 1139 1958 aliqnando
1163 1887 1249 1943 etiam
1274 1891 1402 1944 mortuos
1424 1890 1459 1945 ad
1480 1890 1568 1948 vitam
1592 1909 1671 1948 resu-

71 1984 190 2054 tpostolo
211 1999 264 2053 per
284 1981 408 2036 mediam
431 1982 491 2037 fere
514 1982 615 2037 horam
635 1982 799 2052 jacuerunt,
850 1979 968 2034 scitavit.
996 1980 1046 2035 llic
1072 1980 1198 2036 ostendit
1222 1981 1342 2037 alteram
1360 1982 1447 2038 vitam
1468 1984 1669 2057 immortalem,

71 2093 91 2131 e
114 2076 308 2147 gratissimam
331 2075 379 2130 [lei
401 2075 562 2130 bonitatem
583 2076 681 2131 adesse
702 2092 799 2131 sense·
851 2073 975 2128 nesciam
999 2074 1097 2128 omnis
1119 2073 1224 2129 doloris
1244 2075 1394 2148 omnisque
1417 2076 1597 2134 tristificata
1619 2080 1671 2135 hac

85 2170 167 2224 Multi
193 2170 271 2224 enim
296 2168 490 2224 febricitantes
514 2173 542 2224 et
568 2169 655 2238 surdi,
683 2170 750 2224 caeci
774 2172 801 2224 et
852 2166 939 2221 etiam
963 2172 1048 2223 nocte
1073 2173 1203 2223 mortuus
1226 2168 1261 2222 ab
1279 2184 1312 2224 eo
1330 2170 1511 2227 resuscitatus
1533 2176 1585 2228 est.
1600 2174 1671 2229 Nam

71 2311 73 2316 ,
95 2263 282 2330 sanctisunt,
304 2263 423 2335 aliaeque
443 2261 625 2318 infirmitates
648 2263 684 2317 ab
707 2263 799 2318 homi·
852 2260 910 2315 dux
935 2260 1058 2316 militum
1082 2261 1223 2317 Simforus
1246 2262 1281 2317 ad
1303 2265 1550 2335 carcerem'ahiit,
1572 2285 1588 2321 a
1609 2283 1669 2322 car·

83 2357 187 2411 virtute
202 2356 343 2411 Creatoris
361 2357 485 2428 depulsae
500 2361 575 2411 sunt.
594 2356 716 2412 lubente
732 2374 799 2428 apo·
850 2353 964 2410 cerariis
977 2355 1137 2426 apostolum
1152 2355 1180 2410 in
1193 2355 1250 2412 tide
1264 2373 1316 2412 sua
1330 2357 1451 2430 suscepit
1464 2364 1492 2415 et
1505 2359 1535 2414 in
1550 2361 1669 2416 domurn

87 2449 124 2505 de
145 2450 236 2504 humo
260 2450 354 2504 cuncti
380 2453 565 2505 surrexerunt
591 2455 619 2505 ct
646 2450 800 2521 gaudentes
851 2465 932 2503 suam
948 2448 1038 2504 duxit.
1054 2451 1116 2520 lpse
1131 2453 1228 2506 autem
1243 2450 1403 2508 orationem
1417 2451 1493 2523 fecit,
1508 2456 1537 2508 et
1551 2455 1668 2510 unicum

71 2546 165 2615 scepta
179 2544 301 2598 sanitate
317 2543 471 2599 [lominum
488 2542 726 2615 glorificaverunt.
851 2541 942 2597 tilium
972 2542 1066 2611 ducis,
1097 2544 1147 2615 qui
1179 2548 1308 2599 mortuus
1340 2545 1447 2614 fuerat,
1480 2547 1667 2604 resuscitarit.

72 2653 96 2692 ic
116 2636 218 2691 beatas
240 2637 362 2692 Thomas
383 2637 509 2692 ascendit
530 2654 615 2709 supra
635 2641 746 2708 petram
769 2643 802 2693 nt
850 2637 921 2692 Ecce
942 2653 1018 2692 nunc
1039 2636 1068 2690 in
1091 2637 1178 2693 domo
1199 2638 1277 2694 ducis
1296 2639 1385 2709 sedet,
1407 2656 1507 2695 omncs
1523 2641 1559 2696 ad
1576 2659 1606 2696 se
1625 2642 1669 2698 in·

72 2747 84 2785 s
103 2729 214 2785 rideret
233 2736 262 2785 et
280 2731 370 2785 rideri
387 2730 422 2785 ab
445 2730 576 2785 omnibus
596 2734 700 2802 posset,
715 2731 801 2786 facto·
852 2730 1013 2802 gradientes
1034 2730 1118 2785 docet
1133 2736 1162 2785 et
1180 2732 1324 2788 universas
1342 2732 1523 2790 infirmitates
1541 2742 1632 2793 curat.
1654 2758 1669 2787 a

72 2824 179 2889 tentio,
192 2840 289 2879 veram
306 2825 347 2879 eis
359 2824 518 2879 doctrinam
537 2824 660 2879 ubertim
675 2824 799 2879 exhibet.
852 2824 1012 2894 Respondit
1030 2823 1164 2897 Treptia:
1181 2847 1194 2873 «
1216 2825 1244 2881 Si
1263 2825 1303 2881 ita
1325 2829 1368 2880 est
1383 2831 1414 2882 ut
1430 2828 1539 2897 asseris,
1560 2846 1672 2901 eauius,

74 2917 119 2972 nti
147 2917 297 2973 [lominica
323 2917 458 2988 baptizati
485 2922 553 2973 sunt
581 2934 683 2974 norem
713 2918 802 2972 millia
851 2922 878 2972 el
900 2917 923 2971 si
944 2933 1010 2972 rora
1033 2917 1073 2973 ita
1094 2919 1331 2990 comprobavero,
1347 2919 1477 2991 protinus
1495 2921 1610 2977 credam
1631 2924 1669 2980 ei.

72 3030 120 3083 un,
136 3015 260 3086 exceptis
274 3014 398 3085 parvulis
413 3017 442 3069 ct
456 3014 634 3070 mulieribus.
653 3015 801 3087 Apostolus
812 3042 839 3117 C
852 3011 975 3067 Stultum
990 3014 1031 3066 est
1047 3011 1124 3066 enim
1144 3017 1280 3068 aeternam
1301 3013 1389 3068 vitam
1410 3031 1469 3069 non
1488 3020 1624 3089 appetere
1641 3024 1669 3074 et

72 3107 145 3163 liam
166 3108 347 3179 superiorem
362 3108 504 3178 profectus
524 3112 567 3163 est
585 3124 638 3179 per
653 3108 802 3165 revelatio·
852 3105 938 3161 tantis
959 3105 1109 3160 virtutibus
1131 3122 1189 3161 non
1213 3106 1342 3162 credere.
1371 3130 1384 3157 n
1412 3109 1496 3164 Ducis
1517 3110 1613 3182 itaque
1633 3112 1670 3167 ad

72 3207 96 3257 rt
113 3218 216 3257 omnes
236 3200 336 3273 populi
355 3201 528 3257 festinabant
548 3201 584 3256 ad
604 3203 664 3274 ejus
688 3203 801 3274 opinio·
852 3199 972 3254 domum
989 3205 1193 3271 perrexerunt3
1210 3200 1358 3273 ingressa,
1373 3200 1409 3257 ad
1423 3219 1489 3258 eum
1509 3207 1578 3260 tunc
1594 3205 1671 3278 loqui

73 3294 199 3367 Signact
211 3295 348 3367 prodigia
360 3311 423 3366 quse
437 3295 557 3351 faciebat
566 3296 711 3351 videbant.
723 3297 802 3352 Unde
852 3310 911 3348 nou
932 3296 1098 3365 potuerunt.
1123 3293 1281 3367 Occupatus
1303 3295 1380 3350 enim
1404 3302 1473 3366 erat,
1491 3314 1593 3354 manus
1618 3301 1669 3356 im-

72 3392 130 3457 1tes,
149 3388 381 3460 praedicationem
396 3389 457 3460 ejus
471 3395 654 3445 contemnere
670 3407 729 3445 non
751 3407 801 3445 aa·
853 3404 964 3458 ponens
983 3404 1069 3459 super
1090 3388 1268 3444 infirmitates
1283 3389 1386 3444 varias.
1403 3391 1522 3462 Regina,
1543 3399 1575 3450 ut
1590 3398 1672 3450 tanta

72 3485 102 3537 rt.
119 3483 267 3537 Daemones
282 3483 360 3537 enirn
373 3482 542 3554 expellebat,
559 3499 648 3538 caecos
663 3484 803 3539 illumina·
854 3481 995 3536 mirabilia
1007 3480 1086 3549 vidit,
1105 3482 1302 3553 obstupefacta
1317 3483 1388 3538 dixit
1404 3502 1409 3539 :
1426 3506 1440 3533 n
1451 3485 1590 3541 Maledicti
1604 3493 1671 3543 sunt

73 3576 220 3648 tleprosos
236 3576 404 3631 mundabat.
421 3576 524 3631 Omnes
540 3578 625 3631 etiarn
646 3576 760 3632 dolores
775 3581 803 3632 et
852 3593 868 3630 a
892 3576 951 3630 Deo
973 3574 1022 3647 qui
1041 3592 1099 3629 uon
1123 3575 1243 3631 credunt
1266 3576 1399 3648 operibus
1424 3578 1530 3634 salutis.
1556 3600 1570 3630 ι)
1592 3582 1670 3637 Tunc

73 3687 95 3724 ts
105 3676 133 3724 et
145 3671 272 3741 frigores
289 3669 422 3741 pellebat,
443 3673 572 3725 mortuos
587 3687 702 3743 quoquc
716 3673 802 3726 susci·
854 3668 971 3740 quidam
984 3668 1196 3740 elephantiosus
1211 3676 1326 3740 aspectu
1343 3669 1429 3725 nimis
1443 3671 1588 3727 horribilis
1607 3691 1668 3729 sca·

853 3762 938 3817 broso
961 3763 1040 3817 vultu
1062 3765 1090 3816 et
1110 3778 1177 3817 voce
1196 3763 1370 3832 raucissima,
1388 3764 1509 3835 jubente
1529 3769 1669 3838 apostolo,

73 3856 155 3912 edam
178 3856 296 3924 mulier,
313 3857 427 3912 nornine
444 3858 558 3926 sintice,
575 3874 639 3929 anr
658 3875 732 3913 creca
752 3875 804 3930 per
854 3854 1033 3912 introductus
1049 3860 1100 3911 est.
1123 3857 1208 3912 Porro
1229 3856 1260 3912 in
1283 3874 1350 3913 eum
1370 3860 1515 3931 apostolus
1531 3861 1670 3932 aspiciens

73 3967 134 4006 rsex
151 3951 254 4017 luerat,
269 3950 310 4005 ita
324 3954 423 4006 curata
437 3958 479 4006 est
493 3955 522 4006 ut
536 3968 586 4006 nec
601 3952 714 4024 signum
730 3969 803 4024 prra-
853 3950 946 4017 sscvit,
976 3952 1004 4004 et
1031 3948 1092 4004 fixis
1123 3950 1244 4021 genibus
1271 3951 1428 4008 diutissime
1456 3953 1559 4022 orarit,
1588 3955 1671 4028 cique

73 4067 76 4093 t
98 4043 274 4098 infirmitatis
300 4044 427 4098 liaberet.
454 4045 520 4101 lnde
543 4046 708 4117 Mygdonia,
732 4061 804 4100 uxor
855 4045 1001 4100 dexteram
1028 4045 1192 4117 imponens,
1217 4046 1308 4100 Deum
1334 4046 1500 4118 suppliciter
1521 4048 1670 4106 invocavit.
1758 4112 1761 4117 ,

77 4138 86 4192 i
103 4139 220 4209 cognati
241 4138 316 4208 regis
335 4139 450 4207 Mcsdei,
465 4140 548 4194 valde
570 4157 689 4195 accensa
709 4144 761 4209 est,
777 4144 805 4195 et
854 4139 964 4194 Meinde
985 4155 1058 4211 puer
1074 4139 1192 4211 quidam
1212 4139 1322 4212 fulgido
1338 4145 1455 4211 aspectu
1475 4144 1616 4215 apparuit,
1631 4145 1671 4200 le·

74 4248 95 4286 a
109 4232 209 4286 habitu
225 4232 363 4304 applicuit
382 4248 411 4287 se
430 4232 507 4287 inter
527 4234 644 4289 ancillas
664 4251 739 4302 suas,
755 4234 803 4289 ubi
855 4251 971 4306 prosum
986 4252 1001 4289 a
1016 4238 1095 4305 parto
1121 4233 1218 4305 anguli
1244 4234 1346 4289 secreti
1369 4235 1444 4306 tulit,
1466 4237 1591 4292 vestibus
1614 4239 1673 4294 suis

75 4342 172 4380 orero
186 4325 410 4381 saluberrimum
423 4343 586 4382 sermonem
598 4328 715 4383 faciebat
728 4345 804 4384 sanc·
855 4329 944 4397 exuit,
960 4328 1035 4383 corio
1049 4343 1163 4399 quoque
1179 4327 1259 4399 quasi
1271 4329 1368 4384 tunica
1382 4331 1522 4401 corporali
1534 4333 1672 4404 spoliarit,

74 4436 179 4474 nomas.
199 4420 323 4475 Docente
344 4421 484 4491 apostolo,
506 4421 637 4475 universa
654 4415 927 4487 multitudoDsicut
952 4422 1000 4493 qui
1023 4420 1148 4475 excoriat
1172 4422 1304 4489 vitulum,
1330 4429 1358 4478 et
1380 4425 1520 4479 revocarit
1545 4443 1612 4480 curu
1636 4427 1673 4482 ad

74 4513 116 4581 lit,
133 4519 160 4568 et
175 4513 393 4585 postJejunium
412 4518 521 4585 septem
540 4515 651 4570 dierum
665 4515 806 4587 baptisma
856 4514 1027 4588 apostolum.
1051 4515 1101 4568 llle
1124 4531 1192 4570 uero
1213 4516 1382 4588 consignans
1401 4534 1468 4573 enm
1488 4519 1568 4590 signo
1583 4519 1673 4574 crucis

75 4607 126 4679 pit.
150 4608 303 4679 Mygdonia
324 4624 403 4675 vero,
423 4624 556 4663 sermone
580 4609 678 4664 audito
704 4626 736 4665 ex
758 4627 806 4665 ore
856 4608 1018 4682 baptizarit,
1041 4606 1176 4679 novisque
1198 4612 1227 4663 et
1244 4608 1371 4664 candidis
1394 4610 1473 4665 indui
1496 4612 1673 4668 vestimentis

74 4701 120 4768 oli,
134 4702 224 4755 noluit
236 4703 313 4756 ultra
327 4702 494 4774 contingere
508 4705 602 4757 torum
616 4703 668 4758 viri
684 4703 738 4758 sui.
753 4705 806 4757 lra-
857 4703 932 4758 fecit.
955 4704 1018 4758 Mrec
1043 4701 1140 4758 ridens
1163 4703 1293 4774 populus,
1312 4705 1400 4758 Deum
1420 4703 1622 4776 magnificavit,
1646 4711 1674 4763 et

74 4810 147 4866 aque
162 4795 287 4852 Carisius
307 4795 431 4867 perrexit
446 4795 482 4850 ad
498 4813 609 4869 regem,
627 4802 655 4852 et
670 4797 806 4869 impetra·
858 4796 959 4867 regina
987 4796 1074 4868 pedes
1104 4796 1165 4867 ejus
1194 4797 1321 4851 osculans
1347 4796 1485 4868 baptizari
1512 4799 1676 4871 postularit.

75 4905 132 4944 reo
147 4892 180 4943 ut
199 4893 294 4945 tentus
312 4890 457 4961 apostolus
480 4891 642 4946 mitteretur
664 4890 692 4945 in
712 4907 806 4945 carce·
858 4891 935 4945 Tunc
951 4889 1106 4963 apostolus,
1123 4889 1192 4962 quia
1211 4896 1323 4962 tempus
1342 4891 1484 4963 migrandi
1502 4894 1536 4950 de
1554 4911 1675 4967 corpora

77 4983 184 5039 Sintice
197 4989 294 5039 autem
309 4984 489 5056 Mygdoniam
504 4984 539 5039 ad
559 5001 700 5040 carcerem
716 4985 807 5052 drrxit,
859 4984 1019 5057 proximum
1044 5001 1104 5040 esse
1128 4983 1285 5056 praescivit,
1308 4985 1438 5056 reginam
1459 5005 1524 5044 curn
1545 4990 1675 5046 omnibus

75 5085 98 5134 lo
111 5095 233 5134 munere
247 5079 412 5146 carcerario,
429 5079 465 5134 ad
479 5095 547 5133 eum
563 5078 686 5134 intravit.
859 5080 908 5151 qui
923 5079 961 5134 ibi
976 5078 1097 5135 aderant
1112 5078 1273 5151 baptizavit.

75 5172 188 5240 astatus,
201 5173 298 5228 audita
313 5172 480 5228 credulitate
496 5173 665 5245 Mygdoniae,
682 5173 767 5244 jussit
780 5174 809 5228 in
895 5174 1016 5228 Reversa
1029 5172 1140 5245 regina,
1153 5189 1251 5246 regem
1265 5172 1300 5228 de
1314 5173 1369 5228 ilde
1384 5178 1572 5246 commonuit,
1588 5195 1676 5252 sequa

75 5283 109 5322 m
125 5282 207 5321 suam
222 5265 276 5321 cito
292 5270 491 5335 reverteretur,
508 5267 606 5338 ibique
628 5267 657 5321 in
680 5264 810 5323 cubiculo
860 5267 1049 5324 Christianam
1076 5271 1239 5323 constanter
1266 5268 1400 5324 ostendit.
1427 5270 1504 5325 Tunc
1528 5289 1578 5327 cor
1600 5273 1677 5344 regis

75 5378 85 5416 a
118 5359 213 5432 ipsum
243 5350 469 5433 prestolaretur.
500 5361 597 5415 Mediae
625 5377 693 5416 vero
719 5361 811 5416 noctis
862 5361 987 5433 expavit,
1002 5365 1030 5415 et
1045 5361 1133 5416 iratus
1147 5364 1246 5416 contra
1258 5361 1396 5417 Carisium
1410 5363 1678 5422 clamavitzuCum

75 5472 124 5511 ore
146 5455 289 5527 apostolus
311 5454 413 5523 adfuit,
437 5455 577 5526 promissa
599 5455 743 5528 complens
765 5472 810 5510 ea·
862 5455 962 5511 studeo
975 5471 1144 5527 recrrpcrarc
1156 5454 1208 5510 tibi
1220 5472 1337 5512 uxorem
1348 5462 1437 5524 tuam,
1448 5457 1559 5527 perdidi
1572 5475 1676 5516 mcum.

75 5567 105 5605 m
131 5549 258 5618 intravit,
285 5548 469 5621 Mygdoniam
491 5549 677 5618 confortavit,
704 5551 733 5604 in
757 5549 812 5607 side
863 5551 933 5605 Nam
948 5549 1060 5620 l'reptia
1075 5549 1157 5622 pejor
1177 5550 1249 5606 facta
1270 5554 1312 5605 est
1331 5550 1401 5605 milri
1421 5567 1507 5622 quam
1528 5551 1679 5624 Mygdonia

75 5645 127 5713 rit,
144 5647 253 5714 septem
272 5643 373 5699 diebus
387 5643 522 5715 jejunare
543 5645 689 5716 praecepit.
709 5645 813 5701 Octavo
863 5643 925 5699 tibi.
938 5643 1159 5715 »Statimjussit
1172 5644 1208 5698 ad
1220 5644 1358 5698 Thomam
1375 5644 1449 5699 mitti
1464 5650 1501 5715 et,
1517 5647 1680 5705 manibusa

76 5757 89 5796 1
109 5738 157 5794 die
175 5738 277 5794 itemm
296 5736 428 5793 similiter
447 5739 542 5811 rediit,
558 5744 587 5795 et
600 5738 712 5794 fidelem
730 5739 812 5797 ferni·
865 5743 946 5812 tergo
966 5737 1072 5809 ligatis,
1093 5742 1159 5792 ante
1175 5753 1203 5792 se
1217 5737 1327 5792 adduci.
1344 5736 1475 5796 adducto
1489 5743 1591 5797 autem
1607 5758 1686 5817 prm·
