3750 6046
59 202 65 221 '
148 220 201 282 ser

845 208 1006 275 obtentui
1025 214 1155 272 lllThLlS
1768 212 1821 266 368

148 352 266 406 deberet
286 349 448 417 detrahere,
462 346 530 420 quia
550 345 625 403 Deus
650 345 791 417 pollicitus
807 346 850 399 ast
868 359 956 416 usque
966 357 995 430 Α
1006 343 1058 396 Pro
1072 337 1270 395 interfectione
1286 334 1412 391 Guallevi
1433 331 1542 390 comitis
1561 333 1726 390 Guillelmas
1739 351 1820 390 reru

146 445 181 500 ad
194 443 472 499 consummationem
481 442 577 496 saculi
590 440 858 512 praesentiamsuam
869 438 957 493 611111-
1009 434 1106 489 multis
1120 431 1308 503 reprehensus
1322 433 1372 497 est,
1381 432 1419 496 et,
1432 427 1529 482 multis
1541 432 1642 482 contra
1652 443 1717 482 eum
1728 427 1822 481 insur-

145 537 198 593 bus
211 538 269 592 suis
282 536 427 604 exhibere,
442 541 470 591 et
483 534 625 606 promittit
638 548 672 589 ex
685 533 786 588 intimo
801 531 886 586 corde
902 547 959 602 poe-
1009 527 1156 599 gentibus,
1179 525 1255 595 justo
1283 522 1330 577 bet
1355 521 1463 592 judicio
1491 521 1582 577 multa
1610 519 1727 576 adversa
1753 537 1820 591 per·

145 627 530 700 nitentibuspotumderede
540 627 681 682 tontesuae
694 623 887 695 infatigabilis,
904 623 956 677 mi·
1007 640 1106 697 pessus
1118 625 1171 692 est,
1186 637 1239 677 nec
1254 635 1383 692 unquam
1403 621 1502 691 postea
1517 617 1651 673 diuturna
1665 632 1736 689 pace
1749 617 1823 687 poti·

146 721 320 777 sericordite.
331 721 471 786 Protinus,
488 720 556 775 dum
566 719 644 774 idem
658 717 744 772 abbas
756 716 826 771 talia
838 715 957 770 dicendo
1006 719 1053 772 tus
1066 720 1118 773 est.
1133 718 1196 787 Ipse
1211 714 1326 786 quidem
1347 715 1446 767 eontra
1459 726 1568 779 omnes,
1584 709 1653 780 quia
1671 710 1820 765 animosus

144 815 334 872 temeritatem
357 812 516 883 insipientis
540 826 721 882 compescere
742 810 836 876 vellet,
858 813 887 864 et
904 807 952 862 ille
1007 815 1078 879 erat,
1093 809 1213 863 viriliter
1235 805 1349 874 restitit,
1372 804 1421 859 sed
1448 802 1589 874 prosperis
1610 802 1761 857 eventibus
1782 802 1819 856 ad

146 909 239 979 magis
256 907 404 978 magisque
426 904 581 974 incongrua
604 903 690 958 verba
706 902 858 973 proferret,
887 916 956 973 pros·

145 1001 235 1056 sentia
251 1016 326 1071 sape
343 997 408 1054 dicti
431 996 520 1052 Patris
541 996 633 1051 subita
652 994 819 1050 infirmitate
839 993 869 1048 in
886 1009 957 1064 proe·

145 1093 247 1149 cordiis
265 1107 412 1163 percussos
431 1095 484 1159 est,
498 1095 526 1144 et
547 1092 607 1160 post
619 1104 724 1160 paucos
739 1086 797 1143 dies
818 1087 848 1141 in
863 1085 954 1141 eccle·

144 1185 183 1241 sia
205 1185 233 1240 S.
251 1184 353 1242 Albani
369 1181 587 1257 protomartyris
603 1181 771 1253 Anglorum,
785 1179 833 1234 ubi
853 1194 954 1234 mona-

27 1280 36 1289 '
144 1277 248 1333 chilem
273 1276 479 1348 professionem
504 1276 626 1342 lecerat,
651 1273 803 1329 defunctus
826 1274 879 1327 est.
906 1271 954 1326 Se·

145 1370 245 1442 quenti
266 1387 330 1427 vero
349 1372 432 1425 nocte
454 1367 617 1424 Goietredus
633 1368 732 1434 abbas,
748 1367 816 1422 dum
838 1365 868 1422 in
881 1365 955 1420 lecto

145 1462 311 1534 quiesceret,
328 1466 356 1518 et
369 1464 404 1517 de
417 1461 584 1532 supradictis
597 1459 745 1516 eventibus
759 1459 842 1531 plura
856 1473 954 1513 secum

146 1555 288 1611 subtiliter
309 1558 456 1623 tractaret,
476 1570 545 1609 mox
567 1552 596 1608 in
616 1553 677 1607 visu
697 1569 728 1606 se
749 1556 841 1606 astare
862 1550 955 1605 loculo

146 1646 264 1703 Wellevi
295 1648 406 1703 comitis
438 1647 524 1714 videt,
553 1645 781 1717 sanctosquellei
809 1643 955 1699 Bartholo-

145 1756 253 1796 maeum
278 1740 437 1811 apostolum
463 1741 492 1794 et
509 1737 679 1795 Guthlacum
697 1738 902 1792 anachoretam
926 1735 955 1790 in

148 1833 219 1889 albis
233 1832 355 1889 nitentes
367 1839 460 1889 astare
473 1848 570 1887 secum
585 1831 661 1886 videt
672 1830 820 1902 Apostolus
831 1845 908 1897 uero,
924 1835 955 1883 nt

145 1924 305 1993 videbatur,
320 1930 403 1996 caput
418 1924 529 1980 comitis
544 1924 656 1996 corpori
677 1922 874 1994 redingratum
887 1921 956 1977 aeci·

146 2018 237 2089 piens,
264 2018 402 2074 dicebat:
430 2019 581 2088 sceptratus
607 2032 660 2072 non
681 2021 728 2072 est.
753 2017 874 2071 Econtro
898 2015 954 2068 Gn-

146 2110 264 2180 thlaeas,
280 2110 328 2182 qai
343 2112 379 2167 ad
392 2111 477 2182 pedes
495 2110 597 2177 stabat,
618 2110 764 2179 respondit
781 2126 787 2163 z
811 2109 900 2164 Comes
913 2109 956 2163 bic

143 2205 211 2271 tuit.
225 2203 376 2275 Apostolus
386 2206 484 2258 autem
498 2203 651 2274 incaeptum
662 2200 826 2257 Monadicon
836 2201 877 2255 sic
889 2217 954 2271 per·

145 2295 213 2350 lecit
227 2312 233 2348 :
250 2297 289 2350 nt
301 2296 378 2351 modo
390 2302 496 2351 reaest.
514 2295 617 2364 hbbas,
634 2294 677 2350 his
688 2295 790 2349 auditis
806 2298 835 2348 et
849 2293 954 2359 relatis,

144 2387 246 2444 fratres
263 2387 426 2456 laetillcavit,
443 2389 649 2459 bominumque
670 2389 759 2444 Deum
775 2385 954 2458 glorificavit,

143 2481 192 2551 qui
210 2481 288 2536 omni
309 2483 439 2551 tempore
456 2480 638 2536 credentibus
660 2480 689 2535 in
714 2497 744 2534 se
769 2479 954 2535 elementiam

143 2588 225 2629 suam
246 2572 414 2645 impendere
432 2590 489 2629 non
510 2572 629 2629 desistit.
641 2573 853 2628 consummatis
865 2572 894 2626 in
909 2588 953 2625 re-

41 2683 47 2695 ’
143 2667 251 2736 gimine
261 2682 294 2723 xv
308 2666 400 2736 annis,
411 2667 588 2722 venerandus
599 2666 687 2720 abbas
700 2669 730 2719 et
739 2665 870 2719 sacerdos
880 2664 955 2719 Gois·

144 2758 241 2814 lredus
256 2776 346 2815 nonas
367 2759 443 2815 Junii
457 2759 541 2825 obiit;
557 2759 602 2814 oui
622 2759 769 2814 Guallevus
783 2757 953 2829 Angligena,

144 2852 345 2908 crulandensis
357 2851 477 2907 coenobii
496 2851 660 2919 monachus,
672 2852 764 2906 trater
777 2849 954 2921 Gospatritii,

145 2943 181 2999 de
196 2959 301 3014 magne
314 2943 462 2999 nobilitate
476 2944 642 3014 alogiorum,
658 2943 800 2998 successit.
814 2942 954 2997 bliraculis

143 3035 284 3108 siquidem
302 3035 460 3091 Crulandias
480 3034 731 3105 crebrescentibus,
751 3034 881 3089 monachi
902 3050 953 3105 ga·

142 3128 272 3184 visisunt
293 3134 322 3183 et
337 3129 408 3185 tanti
422 3128 536 3184 comitis
554 3144 655 3200 corpus
664 3144 715 3200 pro
728 3144 810 3199 posse
824 3144 874 3182 suo
889 3143 953 3198 gre-

145 3224 242 3277 tanter
257 3222 482 3290 honoraverunt,
496 3227 523 3277 et
540 3221 623 3276 Vitali
646 3221 812 3292 angligenae
831 3219 957 3277 versibus

146 3313 267 3370 heroicis
291 3313 469 3386 epitaphium
489 3315 549 3386 ejus
568 3314 653 3370 edere
664 3314 819 3385 jusserunt.
834 3314 895 3369 lior
909 3312 956 3368 ille

145 3406 230 3476 iussis
243 3408 338 3478 paruit
350 3410 380 3462 et
393 3408 478 3463 corde
491 3406 628 3462 meditata
641 3407 680 3462 sic
694 3423 743 3463 ore
756 3407 874 3478 protulit
887 3423 894 3461 ε

210 3540 250 3589 En
263 3539 326 3602 teqit
339 3539 388 3590 iste
400 3538 483 3603 lapsis
495 3538 624 3589 bominem
635 3552 739 3603 maqnee
753 3539 916 3602 probitatis!

207 3610 350 3675 Daniqene
363 3611 465 3663 comitis
476 3610 593 3661 Siwardi
603 3609 675 3674 fitius
686 3610 789 3672 eadee,

210 3679 346 3731 Waileuue
358 3693 442 3731 eomes
454 3681 641 3745 eoimiusjaeet
654 3679 696 3731 tie
706 3679 861 3732 tumulatae.

209 3751 281 3801 Viuit
289 3751 474 3811 honorandae,
487 3751 571 3802 armis
585 3752 735 3815 animisque
747 3751 894 3816 reundum·

204 3822 237 3871 lit
247 3827 335 3872 tomen
349 3822 419 3871 inter
430 3833 491 3884 opes
502 3820 687 3884 corruptibiles
701 3827 724 3871 et
737 3821 849 3872 bonores

207 3893 339 3943 Christum
355 3891 461 3952 ditarit,
473 3891 631 3956 christoque
641 3891 747 3955 placere
759 3894 864 3956 eampis.

209 3961 351 4013 Ecclesiam
365 3960 454 4021 coluit,
466 3961 565 4012 clerum
580 3965 734 4011 reverenter
745 3963 855 4022 amavit,

211 4032 347 4095 Praecipue
360 4030 503 4083 monachos
517 4031 712 4082 crulandenses
726 4031 776 4082 sibi
788 4032 862 4095 fidos,

210 4102 329 4166 Denique
336 4102 471 4165 judicibus
481 4104 645 4154 Narmannie
661 4115 722 4153 ense
735 4108 892 4167 peremptae,

207 4173 274 4222 Luce
285 4172 331 4220 ereb
343 4177 462 4223 extremo
478 4172 545 4223 Maii
558 4173 634 4237 petiit
647 4173 761 4223 artubus
773 4188 851 4229 arva.

209 4241 293 4304 Cujus
305 4242 365 4291 beri
375 4241 450 4307 qleba
462 4242 613 4292 crulandia
627 4243 722 4306 pandet
734 4256 854 4308 aquosa;

207 4311 302 4373 (tuam,
315 4311 379 4361 dum
387 4312 502 4372 visebat,
517 4312 594 4363 ealds
607 4319 757 4364 reverenter
769 4313 890 4374 amabat,

208 4383 377 4447 omnipotens
388 4383 485 4434 animae
498 4382 615 4448 requiem
628 4383 671 4435 det
683 4385 714 4434 in
724 4384 827 4437 etheris
841 4384 921 4437 arce!

176 4525 223 4591 (ts)
239 4525 339 4577 Mirum
354 4539 404 4577 cur
420 4527 500 4578 sileat
518 4527 666 4579 Ordericus
685 4516 841 4593 Philippum
859 4429 994 4581 GalliaeD

1006 909 1103 962 votum
1117 911 1148 960 ut
1164 906 1245 959 antea
1262 918 1319 957 non
1339 899 1513 973 tripudiavit,
1532 915 1586 954 nec
1603 898 1711 953 crebris
1726 899 1816 953 vieto·

1006 997 1113 1053 riarum
1129 996 1217 1058 titulis
1229 996 1387 1050 exsultavit.
1402 995 1433 1049 ln
1448 991 1584 1047 tredecim
1605 993 1699 1058 anuis,
1715 990 1821 1062 quibus

1005 1089 1186 1162 postmodum
1199 1088 1277 1159 vixit,
1291 1090 1468 1142 armatorum
1480 1083 1570 1140 aciem
1585 1083 1621 1139 de
1637 1099 1741 1155 campo
1758 1099 1819 1138 non

1004 1183 1115 1254 fugavit
1152 1198 1205 1237 nec
1239 1180 1378 1252 oppidum
1418 1177 1551 1234 obsidens
1583 1175 1682 1232 bellica
1715 1177 1819 1233 virtute

1005 1277 1090 1347 cepit.

1041 1369 1225 1440 Omnipotens
1235 1365 1445 1423 arbiteromnia
1451 1365 1529 1435 juste
1544 1362 1681 1436 disponit,
1691 1363 1821 1419 nullum·

1005 1479 1061 1534 que
1082 1462 1191 1517 lacinus
1209 1460 1381 1532 impunitum
1400 1457 1546 1530 relinquit,
1568 1456 1636 1529 quia
1654 1456 1700 1511 hic
1717 1461 1768 1513 aut
1787 1456 1817 1511 iu

1004 1556 1099 1611 futuro
1114 1556 1214 1611 saeculo
1229 1553 1324 1610 omnia
1337 1551 1429 1624 punit.

1005 1691 1093 1746 xxiv,
1118 1690 1275 1747 Gaitletmae
1300 1703 1350 1743 rea
1370 1689 1492 1744 britones
1505 1687 1613 1753 frustra
1625 1685 1757 1755 subjicere
1777 1702 1819 1741 en

1040 1776 1135 1833 natur,
1158 1769 1310 1835 einardus,
1326 1769 1433 1838 primae
1451 1765 1536 1821 abbas
1553 1764 1651 1821 Sancti
1669 1767 1745 1820 Petri
1764 1767 1814 1819 lti-

1039 1851 1135 1903 uensis.
1147 1848 1227 1903 Futco
1236 1861 1369 1902 successor
1383 1845 1450 1915 ejus.

1041 1962 1208 2018 Guillelmus
1226 1978 1286 2028 rex,
1302 1961 1421 2033 cupiens
1443 1961 1514 2015 lines
1527 1976 1592 2015 suos
1605 1960 1735 2028 dilatare,
1750 1959 1818 2015 sihi·

1005 2073 1059 2130 que
1076 2055 1211 2125 Britones,
1226 2061 1259 2111 ut
1271 2054 1324 2109 sibi
1339 2053 1571 2120 obsecundarent,
1585 2053 1658 2109 sicut
1669 2053 1738 2108 olim
1753 2053 1819 2108 Rol-

1004 2148 1064 2204 loni
1079 2153 1107 2204 et
1119 2149 1270 2215 Willelmo,
1282 2148 1399 2219 aliisque
1414 2146 1533 2202 ducibus
1545 2145 1743 2202 Normannicis
1758 2162 1818 2201 ser-

1005 2243 1124 2311 vierant,
1138 2242 1237 2297 volens
1249 2241 1410 2312 subjugare,
1424 2256 1489 2295 cum
1497 2239 1608 2310 ingenti
1621 2238 1747 2295 exercitu
1760 2241 1818 2294 llo·

1005 2336 1082 2391 leuse
1095 2334 1231 2405 oppidum
1250 2333 1369 2401 obsedit,
1390 2332 1543 2404 multisque
1558 2332 1714 2388 terroribus
1727 2335 1757 2386 et
1768 2333 1820 2387 mi·

1005 2429 1049 2484 nis
1076 2431 1230 2483 castrenses
1257 2426 1367 2495 terruit,
1391 2441 1442 2481 nee
1470 2442 1499 2480 se
1524 2425 1590 2480 inde
1613 2425 1817 2496 discessurum3

1004 2522 1060 2577 nlsi
1086 2520 1272 2576 munitionem
1297 2520 1449 2586 obtineret,
1470 2534 1537 2573 cum
1552 2518 1718 2588 juramento
1742 2535 1818 2573 asse-

1004 2614 1071 2670 ruit.
1095 2613 1221 2684 Denique
1244 2618 1315 2667 nutu
1339 2612 1388 2667 llei
1411 2611 1536 2683 regentis
1555 2611 1651 2666 omnia
1672 2627 1718 2666 res
1737 2611 1820 2666 aliter

1004 2707 1107 2762 evenit.
1124 2707 1193 2762 Nam
1210 2705 1379 2776 saepedictus
1398 2721 1455 2771 rex,
1475 2705 1545 2759 dum
1563 2703 1593 2758 in
1609 2704 1742 2761 materiis
1758 2705 1820 2759 suis

1005 2799 1126 2871 superbe
1140 2804 1308 2863 moraretur,
1324 2803 1351 2853 et
1364 2798 1395 2852 in
1408 2797 1512 2853 divitiis
1524 2797 1583 2852 sois
1595 2802 1741 2868 utpotens
1755 2798 1817 2869 glo·

1004 2892 1135 2959 riaretor,
1151 2892 1291 2946 ltlannum
1312 2891 1493 2961 Fergannum
1504 2890 1639 2946 comitem
1660 2889 1817 2946 Britanniae

1003 3001 1068 3040 cum
1084 2984 1181 3040 multis
1196 2987 1371 3039 armatorum
1389 2983 1552 3055 agnsinibus
1561 2983 1707 3055 suppetias
1721 2983 1819 3038 obses·

965 3070 1041 3145 Csrs
1063 3093 1216 3148 properare
1241 3077 1354 3144 audivit,
1382 3077 1567 3147 territusque,
1593 3092 1658 3131 cum
1685 3079 1816 3132 castren·

1023 3172 1028 3181 1

1007 3170 1094 3239 sibus,
1115 3171 1163 3241 qui
1185 3169 1221 3225 de
1246 3169 1351 3225 auxilio
1371 3169 1426 3224 sibi
1448 3169 1610 3225 advenienti
1628 3168 1700 3224 nihil
1723 3169 1818 3225 adhuc

1006 3266 1151 3331 noverant,
1166 3278 1265 3335 pacem
1277 3262 1349 3329 iniit,
1361 3265 1390 3316 et
1403 3261 1551 3317 confestim
1563 3278 1620 3316 non
1631 3261 1694 3317 sine
1710 3278 1818 3334 magno

1006 3372 1103 3411 rerum
1118 3356 1222 3411 damno
1245 3355 1369 3410 recessit.
1393 3354 1523 3410 'lanterio
1550 3360 1579 3410 et
1597 3355 1739 3411 manticas
1752 3371 1818 3411 cum

1007 3449 1121 3505 vasiset
1135 3449 1221 3504 armis
1244 3451 1273 3502 et
1296 3446 1469 3504 multimode
1493 3448 1660 3519 supellectili
1688 3449 1818 3504 celeriter

1006 3540 1322 3613 abeuntesrellquerunt
1332 3558 1338 3609 ;
1350 3556 1473 3613 quarum
1483 3539 1817 3612 rerumdispeudiumsd

1007 3651 1042 3689 xv
1051 3634 1139 3690 millia
1151 3634 1288 3690 librarum
1301 3634 1494 3690 sterilensium
1508 3633 1660 3705 perdentes
1670 3649 1737 3689 cum
1749 3634 1821 3690 mal·

1006 3728 1042 3782 tis
1066 3727 1221 3799 gemitibus
1241 3727 1453 3783 estimaverunt
1473 3725 1539 3797 (73).
1561 3725 1671 3782 Deinde
1688 3726 1819 3798 prudens

1007 3837 1066 3891 rex,
1084 3826 1116 3875 ut
1135 3837 1165 3876 se
1185 3821 1298 3876 vincere
1312 3821 1416 3875 virtute
1436 3819 1566 3875 Britones
1580 3835 1637 3875 non
1657 3836 1742 3891 posse
1755 3837 1819 3892 pro-

1005 3915 1107 3984 spexit,
1126 3914 1203 3970 aliud
1222 3913 1373 3969 consilium
1388 3912 1440 3968 sibi
1465 3913 1641 3984 posterisque
1659 3913 1719 3969 suis
1737 3929 1818 3969 com·

1007 4006 1820 4079 modumsolerterpraecogitavitcumhlsnnoFerganno

1007 4099 1097 4155 loedus
1110 4100 1243 4155 amicitiae
1259 4100 1396 4169 firmavit,
1417 4099 1501 4171 eique
1520 4097 1714 4155 Constantiam
1731 4098 1820 4155 liliam

1006 4210 1085 4248 suam
1107 4194 1137 4248 in
1160 4193 1326 4265 conjugium
1350 4192 1467 4250 cadomi
1488 4192 1644 4248 honorilice
1666 4194 1819 4265 copulavit.

1007 4287 1076 4351 Quae
1090 4303 1153 4341 cunr
1168 4287 1226 4341 viro
1239 4302 1290 4341 suo
1302 4286 1363 4341 lere
1376 4303 1410 4341 xv
1425 4285 1508 4341 annis
1524 4285 1721 4342 venerabiliter
1735 4287 1817 4358 visit,

1006 4384 1035 4435 et
1065 4383 1124 4435 toto
1154 4379 1256 4434 ellectu
1293 4379 1424 4450 subjectis
1461 4382 1491 4434 et
1522 4378 1718 4435 coessentibus
1750 4397 1817 4452 pro-

1007 4525 1070 4578 dem
1084 4526 1238 4578 obsidionis
1255 4530 1365 4590 tempus
1378 4525 1505 4585 collocat,
1523 4527 1582 4575 tum
1600 4524 1715 4576 arnardi
1734 4525 1823 4578 abba-

144 4608 236 4662 regem
257 4598 401 4648 Britonum
420 4599 515 4648 comiti
533 4598 562 4648 in
583 4597 636 4649 hac
656 4598 832 4663 expeditione
851 4613 957 4664 suppe—
1007 4599 1042 4648 tis
1069 4598 1194 4648 Diversis
1221 4597 1345 4657 obitum,
1371 4610 1455 4661 quem
1483 4608 1557 4647 anno
1583 4596 1645 4647 euru
1669 4599 1823 4663 contigisse

142 4668 194 4717 tias
207 4667 313 4731 tulisse,
328 4667 404 4733 quod
423 4667 536 4732 quidem
552 4668 690 4720 atilrmant
701 4670 794 4721 caeteri
810 4671 859 4734 qut
876 4670 910 4721 de
924 4684 957 4722 ee
1006 4672 1114 4719 certum
1138 4673 1189 4729 est,
1215 4671 1274 4717 tum
1301 4666 1470 4718 Constantius
1496 4666 1638 4718 Gulttelmi
1662 4666 1730 4717 fllias
1755 4682 1822 4719 cum

140 4739 312 4789 mentionem
337 4740 462 4791 iecerunt
487 4739 628 4801 historici,
653 4753 773 4804 quorum
797 4741 883 4791 instar
909 4754 956 4791 se-
1006 4739 1095 4789 Alana
1112 4739 1237 4804 Fergano
1255 4738 1474 4798 matrimonium,
1490 4735 1565 4800 quod
1578 4748 1651 4787 anno
1670 4737 1733 4788 1666
1748 4740 1823 4790 cele·

143 4812 261 4873 quantes
283 4810 346 4861 sint.
372 4808 486 4861 Simeon
512 4810 709 4860 Dunelmensls
733 4810 768 4859 ed
791 4824 835 4861 an.
862 4811 924 4862 turs
948 4829 954 4862 :
1006 4807 1114 4858 brutum
1127 4807 1212 4859 tuisse
1229 4807 1343 4873 perinde
1360 4810 1476 4870 constat,
1489 4807 1559 4857 duos
1576 4820 1625 4857 rex
1642 4811 1701 4859 toto
1718 4808 1823 4860 decen-

141 4880 214 4931 dlari
235 4881 359 4941 transito,
383 4895 434 4932 rea
456 4880 623 4945 (Wilietmust
642 4882 671 4930 in
694 4882 823 4932 minorem
848 4884 955 4934 Briton-
1005 4881 1052 4930 nio
1067 4879 1177 4930 dissitas
1188 4881 1280 4943 ipsum
1292 4879 1473 4929 commiscere
1486 4877 1662 4928 manitastum
1675 4883 1727 4929 est.
1745 4880 1820 4930 Pras-

142 4951 217 5000 niam
238 4963 315 5001 suam
334 4952 413 5002 mouit
431 4951 631 5015 expeditionem,
652 4957 676 5002 st
697 4950 842 5002 cosellum
854 4953 956 5017 hadulfi
1006 4956 1080 5003 terea
1099 4964 1162 5015 quae
1180 4956 1274 5002 narrat
1293 4950 1328 5002 de
1346 4950 1490 5001 obsidione
1508 4950 1622 5001 Dolensi
1643 4964 1677 5001 aa
1697 4956 1825 5018 puguant

142 5022 243 5071 semitis
266 5021 337 5085 quod
360 5021 411 5071 Del
432 5022 597 5081 nominatur,
624 5022 721 5072 tandiu
745 5023 854 5080 obsedit,
875 5024 957 5074 donec
1005 5035 1070 5073 cum
1089 5022 1122 5071 iis
1136 5023 1247 5086 quaede
1260 5022 1314 5074 huc
1327 5021 1362 5072 ab
1374 5023 1435 5072 aliis
1451 5021 1634 5086 scriptoribus
1650 5022 1822 5073 reseruntur.

141 5090 309 5141 Francorum
331 5103 382 5141 rsa
402 5090 542 5156 Phiiippus
564 5090 640 5141 ilium
665 5092 726 5142 iude
748 5091 863 5158 suqaret.
886 5095 955 5145 Mat·
1005 5092 1102 5157 Neque
1123 5093 1197 5143 enlm
1220 5091 1400 5145 Guillelmum
1424 5104 1457 5142 eo
1478 5091 1532 5141 lina
1553 5092 1675 5143 Dolense
1697 5098 1822 5144 castrum

142 5160 233 5211 thaeus
253 5160 415 5211 Parlaiensts
436 5160 470 5211 ad
489 5174 533 5212 an.
554 5162 640 5213 tots:
662 5164 716 5214 ltere
735 5163 900 5224 (Wittetmue)
920 5164 956 5216 ad
1004 5162 1145 5214 obsedisse
1157 5163 1303 5227 perhibent
1314 5163 1505 5213 Britannicum
1519 5174 1553 5212 aa
1565 5161 1716 5213 Briocense
1731 5162 1823 5214 Chro-

141 5231 347 5283 Armorieanam
368 5232 539 5282 Britanniam
557 5234 691 5286 transiens
710 5234 822 5285 Dotenes
839 5240 954 5286 castrum
1004 5235 1098 5296 nicon,
1123 5238 1154 5283 ut
1176 5234 1304 5284 Britones
1328 5232 1364 5283 ad
1389 5231 1579 5296 prestandum
1605 5231 1658 5282 sibi
1682 5231 1823 5285 clientelas

142 5302 251 5354 obsedit.
277 5301 328 5352 Sed
352 5314 402 5352 ree
426 5302 591 5354 Francorum
615 5304 744 5355 hostiliter
768 5307 955 5369 superueniens
1004 5305 1089 5356 tidem
1105 5310 1230 5370 cogerat;
1246 5305 1371 5369 quinimo
1390 5304 1482 5367 ipsum
1500 5302 1535 5353 ab
1550 5302 1651 5353 Hoello
1668 5302 1823 5356 Britanniae

142 5386 244 5423 omnem
269 5376 440 5423 commeatum
466 5372 503 5422 eis
527 5372 668 5424 subtranit.
697 5375 769 5425 Unde
792 5388 858 5433 rea,
881 5376 955 5428 obsi·
1004 5374 1076 5426 duce
1101 5375 1136 5426 ad
1163 5375 1361 5440 expugnandos
1385 5387 1441 5425 una
1464 5386 1562 5426 secum
1588 5373 1619 5423 111
1642 5373 1699 5424 hoc
1727 5377 1823 5426 cestro

141 5442 220 5493 dione
240 5443 360 5498 dimmsa,
379 5442 409 5490 in
426 5453 529 5493 recessa
545 5456 592 5493 sue
606 5443 701 5496 milites
719 5444 815 5496 multoe
832 5451 857 5496 st
875 5459 956 5511 eqaos
1004 5445 1122 5497 rebelles
1135 5445 1282 5496 adversum
1296 5458 1327 5496 se
1340 5445 1470 5496 Britones
1482 5443 1604 5497 accitum
1618 5443 1824 5497 1111111161-

142 5526 202 5563 cum
222 5513 316 5577 opibus
335 5512 432 5564 ibidem
452 5512 549 5564 ambit.
570 5512 709 5566 Caeterum
727 5516 869 5580 duplicem
889 5531 955 5569 css·
1004 5519 1056 5567 tar.
1070 5517 1213 5568 Diversum
1224 5517 1318 5580 itaque
1330 5515 1397 5569 hinc
1407 5520 1436 5569 ct
1447 5514 1512 5568 inde
1524 5514 1700 5568 obsidionem
1714 5519 1821 5569 narrari

142 5583 176 5634 tri
195 5584 258 5634 Doll
277 5583 452 5636 obsidionem
470 5598 487 5635 a
503 5583 652 5636 Guillelmo
669 5587 821 5650 inemptam
840 5586 955 5641 0111111-
1003 5589 1181 5652 perspicuum
1195 5593 1247 5641 est.

142 5667 207 5704 cum
226 5655 254 5704 in
273 5667 331 5706 non
349 5653 419 5707 talso
438 5655 615 5721 compingere
632 5657 690 5720 jam
708 5657 838 5721 superius
852 5672 879 5722 p.
896 5660 953 5723 1166,
1260 5660 1327 5710 ltom
1341 5659 1491 5721 1101101111,
1506 5657 1608 5722 llb.1v,
1622 5672 1650 5725 p.
1665 5658 1788 5713 mese.

25 5796 31 5807 ·
140 5730 206 5780 stota
224 5726 246 5777 B
264 5726 434 5777 mooutmus.
453 5726 527 5777 Dum
545 5727 621 5778 enim
637 5728 712 5780 ctrca
729 5728 857 5781 Doleusts
876 5730 953 5794 elus-
