3750 6046
127 206 180 265 tto
818 202 978 262 onosalct
999 202 1128 259 virtuts
1763 197 1816 253 oto

128 333 199 390 taxis
214 335 243 389 et
257 330 403 388 talaribus.
418 332 546 398 Quorum
558 331 793 389 consuetudinem
812 349 871 389 non
891 333 941 388 ab·
953 332 1054 419 Aipso
1079 331 1254 403 adjuvante,
1282 329 1471 386 obtineamus.
1499 325 1698 383 Ecclesiastico
1722 325 1815 398 igitur

129 429 237 495 horret,
264 426 313 482 sed
341 427 523 498 amplectitur
546 427 612 483 inde
637 429 821 499 propagatus,
844 427 942 499 ibique
993 425 1133 482 beneficia
1153 425 1219 496 jura
1234 424 1424 496 possidemus,
1446 425 1475 477 et
1498 419 1642 477 communi
1669 419 1816 475 sanctione

128 521 298 587 consistens,
314 522 521 577 monachorum
536 537 653 577 cuneus.
667 523 716 576 Ast
730 535 830 576 omnes
844 522 942 593 populi
993 535 1107 592 semper
1121 523 1217 574 tenere
1230 517 1422 574 decernimus.
1435 517 1502 586 lloc,
1517 514 1702 571 oraverende
1715 515 1814 583 Pater,

128 614 239 673 braccis
255 619 373 670 utuntur
384 616 413 670 in
425 615 542 671 occiduo
558 615 681 681 climate,
694 631 745 670 uec
756 614 806 682 eis,
818 619 875 670 tam
890 632 943 688 pro
994 613 1136 669 sanctitati
1160 617 1259 668 vestrae
1283 611 1480 666 indubitanter
1503 612 1605 665 notum
1631 608 1677 677 sit,
1705 624 1772 681 quae
1797 626 1815 663 a

128 709 248 779 trigone,
263 724 348 780 quam
365 725 417 780 pro
431 709 577 774 dedecore,
594 711 699 763 norunt
712 725 819 765 carere.
835 709 944 774 Quibus
994 707 1137 778 prioribus
1164 705 1321 774 caenobitis,
1349 705 1398 776 qui
1425 704 1559 775 religiose
1585 699 1726 770 vixerunt,
1756 719 1814 759 ser·

130 819 183 875 pro
198 803 299 871 causis,
315 802 390 859 idem
406 819 466 857 mos
480 807 522 858 est
542 803 570 857 in
589 808 687 858 nostro
708 802 818 858 ordine.
836 804 892 858 Nec
909 804 943 858 il-
994 801 1087 856 randa
1100 800 1260 868 didicimus,
1275 816 1307 854 ac
1327 804 1358 854 nt
1378 798 1504 853 heredes
1524 796 1633 853 ordinis
1656 801 1685 852 et
1707 798 1815 869 proles·

129 896 200 965 lum,
215 898 264 971 qui
278 897 354 952 utilis
369 899 398 952 et
410 897 547 952 honestus
560 899 612 964 est,
628 897 756 952 volumus
770 898 943 970 relinquere.
995 896 1081 951 sionis
1100 895 1248 950 habemus.
1268 892 1399 958 Quandiu
1416 891 1625 959 cluniacenses,
1642 891 1699 946 sive
1720 892 1812 947 Turo-

131 991 176 1046 Sic
208 992 243 1046 de
274 991 407 1047 omnibus
430 991 492 1045 aliis
517 991 700 1046 rationabiles
730 1008 829 1047 causas
861 991 945 1047 nobis
995 1005 1107 1057 nenses,
1122 988 1227 1061 aliique
1242 988 1387 1059 regulares
1401 986 1463 1055 viri,
1480 1001 1515 1041 ea
1529 985 1603 1041 nacti
1618 985 1738 1053 luerint,
1753 1000 1810 1040 nou

131 1084 312 1139 tradiderunt
324 1083 430 1139 eruditi
443 1084 582 1152 doctores,
599 1086 647 1156 qui
662 1101 715 1141 uos
730 1085 759 1139 in
772 1101 854 1140 sacro
868 1086 946 1140 sche·
996 1083 1188 1152 dimittemus;
1204 1097 1266 1150 uec,
1282 1087 1314 1135 ut
1330 1079 1486 1148 temerarii,
1500 1079 1658 1135 novitatum
1677 1078 1813 1135 adinven-

132 1181 207 1233 mate
229 1183 445 1248 praecesserunt.
462 1181 494 1234 ln
516 1178 596 1233 ltalia
618 1181 648 1233 et
665 1178 813 1234 Palaestina
836 1184 865 1234 et
884 1178 946 1233 aliis
997 1181 1084 1244 tores,
1098 1191 1116 1230 a
1129 1175 1265 1231 iratribus
1278 1173 1380 1229 nostris
1393 1174 1478 1245 longa
1489 1171 1606 1245 lateque
1625 1172 1814 1229 condemnari

132 1271 299 1343 regionibus
313 1271 495 1344 quibusdam,
510 1273 578 1328 satis
599 1273 747 1328 abundant
762 1273 850 1340 olive,
865 1275 946 1345 cujus
996 1273 1138 1327 volumus.
1154 1289 1168 1321 u

133 1366 227 1422 fructu
241 1365 334 1434 ditati,
348 1366 384 1420 ud
396 1366 523 1422 diversos
536 1383 601 1422 esus
614 1366 790 1423 condiendos
802 1383 860 1422 nou
875 1367 947 1423 indi·
1033 1366 1097 1421 llaec
1111 1368 1138 1420 et
1152 1364 1239 1436 plura
1251 1362 1295 1418 his
1310 1361 1414 1417 similia
1433 1361 1580 1418 monacbis
1597 1364 1764 1418 constanter
1777 1362 1816 1419 di-

133 1462 204 1530 gent
217 1460 378 1531 sagimine,
401 1460 477 1532 quod
500 1460 581 1516 nobis
598 1461 645 1516 hic
664 1461 818 1516 elementer
837 1478 947 1518 conces·
997 1458 1135 1526 centibus,
1143 1456 1278 1528 abbas,in
1292 1473 1342 1511 sua
1349 1455 1418 1511 satis
1426 1455 1555 1528 pertinax
1565 1455 1716 1524 sententia,
1725 1472 1815 1512 reces-

133 1569 196 1608 sum
212 1557 264 1623 est,
279 1553 440 1609 carentibus
453 1554 507 1609 olei
521 1554 707 1625 pinguedine.
719 1555 800 1618 Quod
815 1571 880 1610 vero
891 1571 947 1609 ma·
997 1554 1034 1608 sit
1043 1553 1078 1608 ab
1088 1552 1139 1621 eis,
1150 1568 1215 1607 cum
1231 1550 1383 1607 duodecim
1398 1549 1451 1604 sibi
1459 1549 1690 1605 assentientibus.
1703 1550 1816 1622 Diuque

133 1647 219 1705 nibus
234 1648 337 1702 nostris
350 1647 476 1719 quotidie
493 1664 553 1703 non
564 1648 740 1715 laboramus,
756 1648 946 1719 plurimorum
998 1649 1092 1703 locum
1108 1646 1239 1721 quesivit
1253 1645 1389 1701 idoneum
1402 1643 1455 1699 sihi
1470 1643 1585 1716 suisque
1599 1643 1758 1711 sodalibus,
1768 1645 1818 1717 qui

134 1741 195 1797 dire
211 1740 392 1796 stimulamur
411 1741 677 1812 redargutionibus,
694 1742 741 1797 sed
761 1742 904 1798 sincerum
918 1743 947 1797 in
957 1712 986 1784 B
997 1743 1088 1798 sancti
1102 1742 1288 1797 decreverant
1308 1738 1447 1810 Regulam
1467 1737 1620 1808 Benedicti,
1634 1739 1707 1793 sicut
1723 1738 1818 1794 ludaei

136 1834 230 1889 divino
246 1835 324 1889 cultu
338 1834 464 1890 laborem
487 1835 623 1891 audacter
637 1835 796 1906 objicimus,
810 1853 897 1908 quem
912 1837 947 1892 ab
997 1836 1089 1907 legem
1103 1834 1197 1906 Moysi,
1217 1832 1254 1888 ad
1273 1833 1399 1888 litteram
1417 1847 1530 1887 servare
1545 1831 1668 1904 penitus.
1683 1832 1814 1888 Tandem

136 1928 308 1983 authenticis
328 1928 479 2000 magistris,
502 1929 611 1984 diutina
632 1929 735 1984 divinar
757 1930 828 2002 legis
849 1930 946 1985 obser·
998 1929 1070 1997 Odo,
1093 1929 1167 1983 filius
1187 1928 1311 1997 llenrici,
1333 1925 1506 1999 Burgundios
1524 1925 1591 1996 dux,
1607 1926 1662 1981 illis
1681 1943 1815 1998 compas-

136 2021 231 2077 ventia
245 2022 384 2094 probatis,
402 2023 471 2078 olim
485 2022 645 2078 didicimus.
663 2023 835 2095 [tagobertus
856 2027 950 2079 reret
998 2040 1046 2078 sus
1058 2026 1111 2092 est,
1127 2025 1156 2077 et
1176 2020 1318 2093 praedium
1336 2021 1365 2076 in
1384 2022 1446 2076 loco
1461 2021 1511 2092 qui
1533 2020 1683 2076 cistercius
1699 2020 1815 2089 dicitur,

136 2116 328 2172 Theodericus
359 2121 445 2188 atqcue
477 2117 594 2172 Carolus
624 2118 739 2189 llaguus
768 2118 947 2190 imperatur,
999 2117 1029 2173 iu
1043 2117 1208 2189 episcopatu
1221 2114 1410 2184 Cabilonensi,
1426 2115 1544 2187 largitus
1562 2118 1615 2171 est.
1628 2114 1669 2171 lbi
1685 2115 1815 2171 Rodber-

136 2209 243 2281 aliique
260 2227 342 2282 reges
359 2215 388 2265 et
411 2211 529 2282 Augtrsti
550 2210 679 2267 caenobia
698 2212 795 2268 devota
816 2212 950 2268 condida·
1000 2216 1046 2268 tus
1061 2211 1148 2267 abbas
1161 2227 1227 2266 curm
1241 2210 1339 2266 electis
1351 2208 1486 2265 iratribus
1500 2209 1666 2281 aliquandiu
1679 2210 1818 2267 habitavit

136 2308 213 2372 runt,
230 2307 260 2359 et
272 2303 308 2358 de
323 2306 380 2359 suis
400 2304 558 2360 redditibus
578 2305 615 2360 ad
638 2305 743 2361 victum
765 2310 793 2362 et
813 2306 949 2361 vestitum
999 2306 1030 2362 in
1050 2321 1159 2375 eremo,
1183 2304 1282 2360 nimia
1303 2303 1486 2360 districtionis
1507 2307 1536 2358 et
1559 2303 1706 2377 religionis
1727 2321 1819 2362 coeno

137 2414 286 2455 servorum
302 2399 351 2454 bei
375 2398 495 2454 ubertim
511 2405 708 2471 erogaverunt,
722 2399 949 2457 multitudinem·
1000 2401 1081 2457 bium
1100 2403 1263 2455 constniere
1284 2399 1378 2471 coepit,
1395 2399 1507 2470 [leoque
1530 2398 1663 2469 donante,
1686 2400 1716 2455 iu
1740 2400 1819 2457 brevi

138 2509 193 2564 que
215 2493 353 2547 clientum
368 2492 405 2548 ad
421 2493 561 2550 exteriora
584 2494 744 2550 ministeria
763 2495 887 2566 pleniter
899 2511 949 2550 ex·
1000 2497 1149 2568 plerosque
1171 2493 1328 2549 sanctitatis
1350 2493 1531 2548 aemulatores
1553 2494 1661 2550 habuit.
1686 2496 1817 2567 Cumque

138 2586 242 2658 pleuda
263 2586 456 2658 subjecerunt,
483 2588 694 2659 monachosque
722 2587 899 2655 lectionibus,
923 2590 952 2643 et
1000 2587 1357 2646 ldolismensescoenobitae
1371 2603 1423 2659 per
1441 2587 1558 2659 aliquod
1575 2591 1690 2660 tempus
1702 2592 1817 2661 pastore

139 2680 224 2737 sacris
235 2681 410 2735 orationihus
431 2698 483 2752 pro
506 2681 614 2736 cunctis
634 2681 862 2737 benefactoribus
882 2681 950 2752 suis,
1002 2688 1140 2751 carerent,
1153 2681 1269 2755 viroque
1281 2681 1330 2737 ltei
1345 2680 1496 2736 virtutibus
1513 2681 1622 2738 famoso
1637 2682 1815 2752 discedente,

139 2779 167 2831 et
181 2774 338 2830 coelestibus
356 2774 497 2846 mysteriis
511 2775 635 2830 intentos
649 2792 709 2830 esse
732 2775 950 2831 constituerunt.
1002 2776 1228 2850 despicabiliores
1242 2792 1310 2850 erga
1330 2775 1436 2831 vicinos
1454 2781 1481 2831 et
1500 2780 1581 2831 notos
1599 2775 1713 2846 fierent,
1730 2777 1819 2832 Urba·

139 2868 247 2923 Exinde
260 2867 420 2940 principum
434 2868 622 2937 institutione,
636 2871 665 2924 et
679 2868 789 2923 diutina
801 2871 953 2924 consuetu·
1002 2887 1071 2927 num
1085 2887 1187 2944 papam
1200 2869 1341 2941 supplices
1356 2868 1499 2938 adierunt,
1513 2868 1595 2941 eique
1613 2885 1731 2941 prorsus
1750 2887 1817 2927 eno·

141 2961 206 3019 dine
221 2962 354 3017 usitatum
369 2962 452 3017 estin
470 2961 559 3019 Callia
579 2966 610 3017 ut
631 2962 727 3017 rustici
751 2963 865 3032 ruralia,
882 2962 953 3017 sicut
1002 2966 1067 3021 duta
1091 2965 1164 3021 serie
1184 2980 1290 3033 rerum,
1309 2979 1381 3035 quas
1398 2979 1483 3034 supra
1501 2962 1596 3030 retuli,
1615 2963 1769 3020 consilium
1791 2970 1818 3021 et

143 3056 234 3122 decet,
249 3058 391 3128 peragant
403 3072 502 3128 opera,
512 3059 541 3111 et
554 3057 627 3112 servi
637 3056 748 3112 servilia
759 3056 863 3128 passim
875 3072 990 3154 exer-C
1002 3059 1138 3115 auxilium
1160 3058 1194 3113 ab
1218 3074 1252 3113 eo
1281 3057 1503 3128 postulaverunt.
1525 3055 1574 3111 llle
1597 3070 1666 3111 vero
1696 3060 1818 3128 paterno

143 3154 227 3207 ceant
241 3149 415 3218 ministeria;
430 3150 562 3206 monachi
577 3150 741 3222 autem,qui
755 3153 865 3223 sponte,
875 3150 953 3206 relic
1003 3153 1105 3209 ellectu
1123 3152 1249 3224 utrisque
1268 3149 1419 3206 consuluit.
1439 3148 1540 3205 Abbati
1564 3149 1641 3205 enim
1665 3152 1819 3222 apostolica

142 3245 179 3300 tis
199 3243 400 3315 hujusmundi
422 3244 601 3312 vanitatibus,
614 3245 687 3316 Regi
705 3260 806 3316 regum
820 3244 953 3311 militant,
1000 3249 1086 3321 jussit
1101 3246 1268 3302 auctoritate
1287 3250 1320 3300 ut
1341 3244 1419 3316 prius
1441 3243 1647 3299 monasterium
1667 3250 1818 3316 repeteret,

143 3337 340 3393 claustralibus
353 3337 441 3409 septis
456 3345 486 3393 ut
504 3337 570 3393 filiae
592 3337 667 3410 regis
687 3338 784 3410 quiete
802 3337 953 3406 insideant,
1005 3346 1042 3410 et,
1052 3357 1091 3396 ne
1104 3337 1644 3411 laberetur,regulariterregeret,aciu
1659 3339 1729 3407 alio,
1743 3339 1819 3411 quod

143 3448 243 3487 arcana
268 3448 355 3487 sacrae
378 3432 450 3504 legis
474 3433 596 3504 legendo
624 3433 807 3505 perquirant,
833 3437 861 3487 et
889 3431 955 3488 inde
1004 3434 1186 3508 postmodum
1208 3437 1341 3504 coeperat,
1365 3431 1522 3504 quemlibet
1541 3431 1577 3488 de
1596 3430 1654 3487 suis
1676 3432 1819 3489 idoneum

142 3542 260 3598 semper
273 3527 457 3591 meditantes,
473 3526 661 3582 taciturnitati
674 3526 877 3582 delectabiliter
890 3526 956 3581 insi·
1005 3528 1197 3585 substituerat.
1220 3526 1326 3583 beinde
1348 3525 1430 3581 firma
1451 3525 1550 3581 statuit
1572 3525 1718 3582 sanctione
1744 3527 1820 3583 utin

143 3623 228 3688 stant,
244 3638 260 3676 a
274 3622 366 3693 pravis
382 3625 411 3676 et
429 3621 526 3676 otiosis
539 3619 720 3677 sermonibus
735 3637 765 3676 os
784 3636 868 3675 suarm
881 3636 956 3676 coer·
1006 3622 1106 3696 primis
1118 3622 1240 3695 quisque
1254 3636 1340 3693 quam
1358 3619 1442 3675 vellet
1463 3619 1674 3677 institutionem
1694 3620 1761 3676 vitre
1779 3637 1821 3677 ar·

144 3719 233 3784 ceant,
250 3713 395 3771 bavidioos
409 3715 540 3787 hymnos,
555 3714 681 3786 aliasque
700 3714 832 3787 mysticas
854 3713 955 3769 modu·
1006 3718 1123 3789 riperet,
1139 3715 1288 3788 ipsamque
1305 3715 1384 3769 omni
1400 3713 1456 3769 vita
1468 3730 1521 3770 sua
1535 3713 1773 3787 irrefragabiliter
1785 3720 1822 3771 te

143 3807 264 3864 lotiones
285 3811 368 3865 nocte
389 3809 492 3882 dieque
512 3808 639 3866 Creatori
661 3808 824 3877 concinant,
839 3809 957 3880 aliisque
1008 3814 1098 3867 neret.

143 3902 258 3958 mundis
280 3907 308 3959 et
324 3903 433 3958 idoneis
449 3902 558 3957 actibus
576 3901 704 3974 quotidie
728 3902 857 3973 agendis,
872 3905 958 3973 prout
1043 3904 1089 3961 Sic
1099 3893 1233 3960 nimirum
1245 3902 1331 3960 solers
1342 3917 1415 3974 papa
1429 3901 1595 3975 utilesuper
1607 3901 1660 3958 hoc
1674 3902 1822 3960 decretum

144 3995 218 4051 ratio
229 3997 366 4068 exegerit,
377 3995 533 4051 secundum
555 3997 698 4066 praecepta
712 3995 854 4065 maiorum
866 3994 958 4050 inten·
1008 3997 1211 4072 promulgavit,
1228 3997 1324 4053 dicens
1339 4013 1346 4051 r
1363 4017 1377 4046 «
1392 3995 1580 4068 summopere
1600 3996 1764 4054 carendum
1782 4001 1823 4054 est

146 4088 225 4144 dant.
240 4090 303 4144 Rrec
323 4089 351 4144 iu
366 4089 517 4145 Occidente
531 4089 664 4144 monachi
684 4088 823 4143 hactenus
843 4089 958 4159 operari
1008 4109 1044 4148 ne
1060 4091 1209 4148 horridum
1229 4090 1352 4146 schisma
1368 4089 1398 4145 in
1413 4089 1501 4147 domo
1515 4091 1565 4146 Dei
1581 4089 1739 4163 nutriatur,
1754 4092 1823 4147 mul·

145 4183 246 4252 solent,
271 4199 303 4237 ac
318 4182 412 4237 studia
431 4199 530 4238 eornm
550 4182 746 4254 hujuscemodi
764 4198 823 4237 esse
844 4181 958 4254 debere,
1010 4192 1162 4258 torumque
1181 4184 1217 4240 ad
1232 4183 1443 4241 detrimentum
1458 4183 1593 4240 scaturiat
1609 4188 1698 4256 atque
1714 4201 1824 4258 grasse·

147 4292 246 4332 omnes
256 4277 355 4347 procul
369 4276 456 4332 dubio
468 4279 577 4332 norunt
589 4281 619 4333 et
636 4275 799 4348 perhibent.
814 4275 894 4331 Absit
906 4276 913 4331 l
927 4279 960 4332 ut
1009 4285 1065 4349 tur,
1080 4282 1109 4335 et
1127 4295 1223 4334 mrsus
1247 4295 1284 4334 ne
1309 4277 1417 4333 bonum
1441 4276 1621 4349 culpabiliter
1641 4279 1823 4350 praelocetur,

145 4370 244 4426 nistici
265 4376 426 4444 torpescant
445 4371 513 4439 otio,
534 4371 679 4442 saturique
701 4369 889 4440 lascivientes,
911 4387 957 4426 ea·
1011 4373 1085 4445 quod
1096 4372 1229 4430 divinitus
1243 4372 1280 4427 ad
1292 4371 1413 4427 salutem
1422 4370 1584 4427 animarum
1598 4370 1765 4443 inspiratur.
1779 4372 1825 4429 Sa-

145 4465 257 4520 chinnis
280 4470 309 4520 et
328 4465 408 4521 inani
428 4470 526 4521 vacant
545 4465 667 4530 ludicro,
688 4481 811 4537 quonum
834 4454 1204 4538 genniueDlubriterergo
1211 4469 1330 4538 patemo
1338 4480 1419 4521 more
1431 4463 1624 4537 providemus,
1633 4466 1825 4538 etapostolica

147 4576 206 4614 sors
218 4559 306 4615 labori
320 4559 417 4615 dedita
436 4564 478 4615 est
494 4559 617 4616 assiduo.
637 4559 752 4632 Egregii
769 4575 837 4615 vero
854 4558 960 4615 milites
1009 4560 1179 4618 auctoritate
1189 4559 1324 4632 jubemus
1339 4561 1370 4614 ut
1391 4557 1592 4628 belismenses,
1607 4559 1656 4631 qui
1676 4559 1826 4631 generales

147 4659 175 4709 et
195 4653 291 4726 arguti
312 4653 473 4725 philosophi
498 4670 530 4709 ac
553 4654 661 4710 dicaces
682 4653 850 4721 scholastici,
865 4653 888 4709 si
911 4670 959 4709 re·
1010 4655 1217 4712 monachorum
1231 4654 1301 4709 ritus
1315 4652 1435 4725 eligunt,
1450 4651 1724 4708 iuviolabiliterillos
1737 4657 1827 4709 custo-

147 4747 283 4803 nuntiant
297 4750 412 4817 soeculo,
426 4750 565 4821 cogantur
580 4748 728 4803 servilibus
742 4753 769 4802 et
782 4746 958 4819 incongruis,
1011 4749 1100 4816 diunt,
1115 4765 1151 4804 ne
1163 4747 1277 4818 amodo,
1291 4747 1388 4802 relicta
1407 4746 1474 4803 sede
1488 4762 1548 4814 sua,
1562 4745 1685 4802 transire
1701 4746 1738 4802 ad
1757 4748 1826 4803 alios

148 4857 228 4897 more
249 4841 349 4897 vilium
371 4841 590 4914 mancipiorum,
618 4841 718 4897 studiis
742 4858 791 4896 seu
812 4840 961 4896 laboribus
1010 4843 1081 4898 ritus
1102 4842 1235 4898 audeant.
1253 4840 1453 4897 cistercienses
1474 4855 1550 4910 vero,
1574 4839 1624 4913 qui
1643 4855 1705 4896 sese
1729 4841 1826 4897 Sancti

147 4937 290 5007 occupari.
314 4938 367 4991 Pro
390 4935 462 4991 victu
482 4936 597 5007 proprio
620 4934 736 4991 decime
762 4935 889 4991 tldelium
915 4936 960 4991 vel
1011 4936 1153 4994 Benedicti
1166 4935 1307 5008 Regulam
1323 4951 1375 5008 per
1391 4933 1487 4991 omnia
1506 4938 1668 4990 servaturos
1683 4934 1828 5005 jactitant,

149 5029 309 5086 oblationes
321 5030 446 5104 generali
462 5030 632 5086 auctoritate
647 5029 845 5086 conceduntur
854 5029 961 5086 clericis
1011 5032 1105 5089 denuo
1119 5029 1222 5103 relapsi
1234 5030 1269 5086 ad
1282 5045 1325 5098 ea,
1340 5046 1405 5102 quae
1423 5033 1582 5102 spontaneo
1594 5029 1732 5101 despectu
1752 5045 1829 5084 nune

148 5126 177 5178 et
192 5125 240 5179 bei
264 5124 409 5192 ministris,
425 5122 496 5178 sicut
514 5123 617 5179 Paulus
638 5123 782 5196 apostolus
801 5125 841 5179 ait
862 5123 960 5179 Corin·
1011 5126 1156 5195 deserunt,
1181 5139 1331 5196 nunquam
1352 5123 1477 5179 redeant.
1501 5121 1646 5179 Stabilitas
1667 5121 1776 5195 quippe
1801 5122 1829 5178 iu

146 5217 215 5274 tbiis
232 5234 239 5271 ε
257 5219 311 5284 Qui
332 5220 363 5271 in
383 5220 503 5273 ormano
521 5222 680 5289 operantur,
703 5233 762 5290 qua
782 5219 815 5274 de
839 5220 960 5274 sacrario
1011 5218 1244 5293 congregatione,
1261 5218 1332 5273 etin
1344 5217 1424 5273 omni
1437 5216 1513 5273 bouo
1532 5216 1744 5290 perseverantia
1756 5232 1828 5273 sem-

149 5315 223 5375 runt,
239 5311 334 5366 edunt.
349 5311 402 5377 Qut
415 5311 502 5366 altari
513 5312 677 5375 desenriunt,
694 5327 752 5368 cum
766 5312 852 5368 altari
869 5314 960 5383 porti·
1011 5330 1064 5386 per
1084 5311 1239 5368 attollenda
1261 5316 1290 5367 et
1310 5310 1432 5367 tirmiter
1455 5310 1579 5367 tenenda
1600 5312 1662 5379 est;
1690 5309 1830 5383 quoniam

148 5407 242 5474 sipont
254 5404 280 5476 (l
293 5403 366 5471 Con,
380 5420 418 5473 11,
437 5404 487 5476 ld).
503 5406 542 5460 lta
555 5408 584 5461 et
596 5406 733 5461 Dominus
749 5404 891 5462 ordinavit
905 5404 960 5476 his,
1011 5406 1162 5477 conditori,
1186 5405 1237 5478 qui
1255 5405 1374 5461 caudam
1397 5403 1496 5460 hostiae
1521 5403 1552 5459 in
1577 5402 1713 5459 sacrificio
1727 5400 1831 5477 exigit,

148 5497 199 5571 qui
213 5497 398 5571 Evangelium
420 5498 602 5567 annuntiant,
622 5499 659 5554 de
681 5499 833 5572 Evangelio
855 5499 959 5556 vivere.
1010 5498 1189 5572 acceptabilis
1203 5501 1303 5568 est,=et
1317 5496 1490 5571 hominibus,
1509 5496 1570 5571 qui,
1590 5495 1650 5553 viso
1670 5496 1831 5554 sanctitatis

148 5593 205 5649 Nos
225 5597 322 5648 autem
344 5595 374 5647 et
396 5592 499 5648 ordine
521 5599 549 5648 et
574 5592 667 5648 officio
689 5591 783 5649 clerici
805 5609 912 5664 sumus,
934 5595 962 5649 et
1012 5594 1151 5667 exemplo,
1173 5592 1209 5648 ad
1235 5593 1372 5650 uirtutum
1393 5591 1503 5664 apicem
1531 5594 1733 5665 provocantur,
1754 5604 1831 5646 eom-

149 5687 276 5745 alericale
289 5687 437 5744 servitium
451 5702 564 5743 summo
577 5686 716 5759 pontilici,
737 5687 786 5760 qni
801 5687 962 5760 penetravit
1012 5687 1096 5743 mode
1112 5689 1210 5760 gratus
1224 5690 1276 5743 est.
1290 5708 1305 5738 o
1670 5677 1673 5681 ’

138 5784 233 5848 caelos
260 5782 419 5850 offerimus,
444 5784 477 5837 ut
499 5785 608 5838 sortem
626 5796 760 5855 superne
774 5780 961 5853 hereditatis,
1046 5783 1163 5845 Coactus
1178 5780 1274 5862 itaque
1286 5778 1449 5838 Radbertus
1463 5776 1549 5843 abbas
1566 5776 1729 5845 hadamuta
1748 5792 1831 5859 repe·
