3750 6046
146 208 220 269 aare
674 202 1262 277 ansasui'navonnnacnnsrsnerse
1765 216 1829 275 ura

145 339 183 393 tia
196 338 244 393 liei
260 354 311 392 uos
325 336 365 393 ita
378 334 503 409 priorem
519 338 709 410 quaestionem
726 340 802 396 salva
824 342 961 399 charitate
971 350 1038 431 Aet
1063 345 1142 417 quasi
1170 344 1297 419 propriae
1323 332 1504 401 auctoritatis
1529 342 1722 400 institutione.
1747 334 1829 409 Quod

145 432 272 505 pacilteis
285 430 380 487 serbis
393 435 665 501 consummemus,
680 438 711 488 ut
729 432 790 505 jam
803 436 839 491 sit
856 436 959 507 jucun·
1011 437 1086 507 dico,
1102 439 1240 508 studiose,
1254 439 1294 495 ila
1314 440 1377 494 volo
1398 438 1540 510 intelligas
1559 440 1592 492 ut
1607 438 1724 495 Gracus
1742 436 1772 492 in
1785 454 1826 492 sa·

146 525 217 580 dum
240 524 323 580 nobis
344 528 437 581 tecum
461 528 600 596 conterre,
621 544 681 584 non
707 528 736 583 in
757 529 961 601 disceptatione
1011 536 1158 589 eramento
1184 532 1281 589 altaris
1300 533 1338 588 ita
1360 532 1473 588 studeat
1495 531 1599 587 habere
1621 531 1826 587 fermentatum

145 617 309 687 verborum,
323 620 373 675 scd
387 620 416 675 in
433 619 617 693 inquisitione
637 624 843 679 sententiarum
857 640 865 693 ;
880 624 960 680 ideo·
1011 642 1129 699 panem,
1157 631 1188 681 ut
1207 626 1228 682 si
1248 626 1323 683 lorte
1343 628 1549 682 fermentatum
1567 640 1627 681 non
1643 624 1763 695 babeat,
1779 640 1826 680 nec

146 726 204 783 quc
225 728 284 768 nou
298 712 396 767 sittibi
418 712 584 771 meticulosa
599 717 749 787 presentia
762 720 906 772 teritorum
919 718 960 773 vi·
1013 721 1159 777 ullatenus
1178 720 1284 777 hahere
1299 724 1396 793 queat,
1419 720 1513 792 potius
1536 734 1553 774 a
1571 718 1736 775 ministerio
1756 718 1825 774 alta·

146 820 258 873 comm,
274 806 343 879 quia
363 822 422 862 uon
444 806 551 863 ideirco
573 808 629 864 huc
643 817 850 879 convenerunt,
866 814 897 866 ut
911 812 961 866 tibi
1011 814 1050 870 ris
1068 830 1184 887 prorsus
1203 815 1352 881 abstineat,
1366 830 1454 886 quam
1476 822 1610 887 azymum
1626 812 1656 868 in
1668 814 1824 869 'conseera-

148 899 277 971 aliquam
288 900 644 977 calumniamquacunque
654 902 799 959 occasione
810 904 960 973 inferrent,
1011 909 1088 965 tione
1119 909 1247 981 corporis
1273 908 1389 963 Domini
1416 908 1525 963 ctierat.
1546 906 1627 963 Unde
1657 906 1735 962 sicut
1758 906 1823 973 dixi,

146 994 196 1048 sed
212 996 244 1048 ut
256 998 284 1048 te
305 994 471 1065 loquentem
490 1001 624 1051 consucta
644 997 803 1054 Graecorum
827 1014 961 1054 rnansne·
1011 1003 1096 1059 valde
1110 1004 1210 1071 miror,
1226 1008 1253 1058 et
1264 1002 1382 1074 hnjusce
1395 1000 1613 1057 consuetudinis
1625 1000 1770 1057 rationem
1783 1000 1822 1055 rel

148 1087 251 1143 tudine
261 1088 395 1143 audirent
411 1104 417 1143 :
431 1088 585 1145 audieruut
595 1091 673 1147 enim
687 1092 765 1164 prius
779 1094 813 1148 de
827 1108 860 1147 ca
874 1108 962 1165 qnam
1011 1096 1207 1152 auctoritatem
1224 1096 1321 1152 libenti
1337 1096 1438 1150 animo·
1453 1096 1491 1167 [a]
1507 1098 1536 1150 te
1554 1110 1731 1167 cognoscere
1754 1094 1824 1150 desi·

149 1182 179 1236 in
193 1182 543 1251 praeteritahebdomada
564 1184 711 1240 uobiscum
732 1186 867 1255 imbuisti,
882 1202 960 1259 quie·
1012 1192 1089 1246 dero.
1106 1212 1120 1241 s

149 1275 256 1341 stione,
276 1279 305 1329 et
329 1292 511 1348 summopere
532 1278 731 1333 desiderabant
751 1285 779 1334 ct
799 1280 963 1335 desiderant
1048 1284 1179 1341 Nectrites
1193 1284 1424 1356 archiepiscopus
1444 1282 1617 1338 Nicomediae
1638 1278 1711 1337 dixit
1728 1298 1736 1336 :
1752 1282 1824 1337 «Pa.

147 1369 308 1423 dulcedinis
326 1374 383 1425 tua¹
399 1371 483 1425 verba
505 1371 613 1439 audire,
629 1377 659 1428 et
678 1373 735 1427 sire
751 1373 780 1428 in
801 1372 961 1446 interroga·
1012 1383 1069 1434 tres
1096 1376 1185 1433 nostri
1212 1378 1265 1432 viri
1293 1376 1510 1449 religiosissimi,
1532 1379 1566 1449 ,et
1586 1375 1617 1431 in
1641 1376 1710 1447 lege
1736 1374 1826 1430 divina

149 1462 240 1532 tione,
256 1464 316 1518 sive
330 1462 357 1518 in
372 1465 558 1537 responsione
572 1470 630 1537 tua,
645 1468 762 1538 cupiunt
775 1466 881 1541 aliquid
896 1468 963 1523 novi
1013 1470 1198 1527 eruditissimi
1210 1488 1241 1526 ac
1257 1470 1442 1537 devotissimi,
1456 1470 1545 1541 quiin
1560 1469 1616 1525 hoc
1628 1466 1826 1541 patriarchico,

150 1556 230 1626 quod
243 1557 351 1612 beurim
362 1556 407 1626 sit,
422 1560 646 1629 apprehendere.
662 1560 804 1632 Scriptum
816 1566 859 1616 est
869 1562 961 1617 eninr:
1015 1565 1043 1619 in
1058 1581 1114 1637 quo
1126 1581 1202 1619 rrunc
1221 1563 1365 1633 sedemus,
1380 1563 1566 1634 pretuerunt,
1581 1566 1611 1617 ct
1624 1563 1703 1617 hanc
1722 1560 1827 1633 regiam

148 1650 271 1705 Audiens
290 1653 398 1721 cupiens
419 1654 569 1722 sapientior
591 1656 644 1709 crit
665 1656 764 1725 (Proo,
781 1672 799 1721 1,
824 1656 860 1721 ct.
883 1654 963 1711 Absit
1014 1659 1114 1714 urbem
1135 1676 1193 1713 una
1207 1674 1272 1712 cum
1290 1660 1348 1711 tuto
1367 1657 1475 1712 oriente
1491 1656 1520 1711 in
1540 1654 1732 1711 ecclesiastice
1748 1655 1827 1710 disci·

148 1747 245 1797 autem
258 1744 336 1815 quod
351 1744 458 1816 aliquid
480 1746 530 1800 tihi
551 1764 567 1801 a
589 1746 715 1818 quolibet
737 1751 901 1805 nostrorum
914 1766 961 1804 uc·
971 1756 1001 1827 B
1013 1753 1090 1826 plina
1105 1749 1350 1825 gubernaverunt,
1363 1766 1485 1822 quorum
1500 1748 1642 1805 memorie
1655 1748 1744 1805 bodie
1757 1748 1827 1821 apud

147 1840 255 1905 calceat,
273 1839 351 1909 qnod
366 1840 410 1894 vel
427 1843 515 1909 teratu,
532 1842 575 1895 sel
599 1844 725 1897 nestram
748 1844 843 1898 minus
864 1845 964 1900 deceat
1014 1853 1133 1915 iicsest,
1151 1852 1179 1900 ct
1200 1846 1228 1900 in
1244 1844 1442 1900 benedictione
1464 1842 1641 1913 celebratur;
1666 1843 1719 1915 qui
1743 1844 1826 1898 etiam

151 1930 342 2000 honestatem,
356 1933 401 1987 vel
417 1932 493 1989 uude
508 1936 538 1989 tu
555 1934 633 2005 justat
650 1935 759 1991 turbari
778 1936 891 2005 debeas,
907 1938 961 1992 nisi
1014 1938 1106 1995 multa
1117 1956 1234 1994 suarum
1258 1954 1403 1993 sacrarum
1424 1936 1635 1992 institutionum
1657 1936 1765 2009 scripta
1779 1952 1827 1991 no·

85 2068 89 2077 .
148 2023 223 2079 forte
244 2026 393 2081 occasione
417 2027 619 2099 disputationis
634 2030 689 2085 hoc
708 2029 769 2097 ilat,
784 2030 860 2103 quud
877 2031 963 2086 etiam
1012 2035 1055 2089 his
1070 2034 1271 2105 reliquerunt:
1287 2032 1339 2103 ipsi
1352 2030 1380 2085 in
1395 2030 1449 2085 bac
1463 2030 1640 2085 institutione
1663 2030 1828 2085 fermentati

148 2117 274 2174 studiose
288 2118 448 2176 carendum
458 2126 509 2176 est.
525 2122 573 2177 liic
587 2137 657 2194 ergo
671 2124 747 2194 quod
759 2124 861 2196 placet.
877 2146 890 2175 u
1014 2133 1043 2183 et
1063 2126 1119 2181 ritu
1141 2124 1352 2191 sacramentali,
1370 2140 1422 2178 ncc
1436 2124 1558 2191 ratione,
1579 2138 1633 2179 nec
1657 2124 1827 2179 anctoritate

432 2234 624 2290 qqppwfflffl
642 2237 675 2291 p,
1013 2220 1136 2277 caruisse
1151 2218 1285 2274 credendi
1300 2222 1376 2287 sarrit,
1390 2218 1425 2272 cb
1437 2233 1559 2288 quorum
1573 2216 1770 2272 reverentiam
1781 2234 1828 2271 nos

150 2325 227 2393 Quod
243 2327 407 2383 untrcrsulis
427 2328 547 2383 Ecclesia
568 2328 655 2384 trihus
673 2330 760 2385 modis
776 2332 889 2387 eaistcrc
901 2333 961 2401 dip-
1014 2330 1046 2370 0³
1066 2330 1130 2386 <1¹1OE
1151 2313 1186 2368 ad
1201 2330 1252 2368 ¹¹⁰⁵
1269 2311 1494 2379 ffflflSfssdl'fflffii
1509 2310 1717 2366 ³¹¹V5⁰¹⁸bi¹5¹⁰f
1733 2316 1762 2365 0²
1781 2310 1827 2365 ἅθ’

185 2412 319 2473 noscitur,
332 2414 488 2466 emetur-um
501 2412 706 2483 Scripturcrum
720 2416 889 2477 cirrctcratotc,
903 2417 964 2470 cni·
1012 2410 1070 2465 hita
1095 2406 1279 2463 veneratione
1302 2410 1446 2471 tenemus,
1464 2420 1518 2460 nec
1541 2420 1573 2459 ea
1597 2420 1614 2459 a
1636 2404 1768 2477 quolibet
1786 2420 1828 2459 re·

182 2495 285 2548 cereoli
300 2495 457 2559 trciditioue,
472 2497 609 2564 stropulcci
621 2498 802 2552 institutione.
1013 2501 1161 2558 tractanda
1173 2501 1343 2572 judicamus,
1358 2498 1534 2571 quantalibet
1546 2498 1632 2553 cilicii
1645 2498 1827 2563 auctoritate,

183 2596 331 2653 huselmus
346 2596 584 2671 llavclbcrgcnsis
599 2600 831 2671 episcopusdixit
844 2616 851 2654 :
864 2622 877 2650 u
894 2600 961 2655 Uni·
1013 2614 1063 2651 scu
1079 2596 1143 2650 vitae
1157 2593 1316 2660 sanctitate,
1330 2610 1381 2647 seu
1393 2592 1549 2647 einiucntia
1563 2590 1694 2647 scientiae
1711 2592 1825 2663 pratul-

146 2690 262 2744 versatis
284 2690 407 2746 Ecclesia
427 2708 479 2763 per
506 2692 606 2746 orbem
631 2692 734 2747 dillusa
759 2694 849 2747 tribus
872 2694 963 2749 modis
1014 2693 1090 2761 grat.
1105 2690 1227 2759 ideoque
1241 2688 1262 2741 si
1277 2688 1407 2742 Romana
1418 2686 1540 2741 Ecclesia
1562 2684 1643 2741 aliud
1668 2689 1759 2753 tenet,
1774 2685 1828 2741 sire

150 2784 271 2839 existere
287 2784 464 2856 dignoscitur
478 2802 484 2840 :
499 2800 566 2841 nana
581 2786 720 2858 quidquid
742 2786 770 2841 in
790 2802 822 2841 ca
838 2790 961 2863 tenetur,
1013 2782 1170 2839 tenendum
1186 2782 1279 2849 dccet,
1292 2781 1359 2835 lacit
1375 2779 1452 2852 quod
1476 2779 1529 2834 sibi
1552 2779 1656 2851 placet,
1673 2782 1704 2833 et
1716 2796 1771 2850 pro
1785 2796 1826 2833 ar-

150 2882 202 2932 aut
225 2878 378 2933 auctoritas
402 2881 445 2933 cst
470 2884 634 2934 sanctarum
660 2880 883 2950 scripturarum,
911 2882 963 2935 aut
1013 2876 1098 2932 bitrio
1113 2891 1164 2930 suc
1180 2875 1264 2930 modo
1279 2874 1359 2945 eligit
1372 2874 1448 2945 quod
1462 2872 1530 2940 rull,
1546 2870 1631 2926 modo
1640 2870 1742 2943 abjicit
1755 2872 1827 2945 quod

150 2970 262 3025 traditio
277 2972 452 3039 universalis,
469 2979 519 3026 aiil
532 2977 609 3026 certe
624 2973 742 3044 propria
762 2976 791 3028 ct
807 2972 964 3044 singularis
1013 2971 1082 3039 rult,
1095 2969 1182 3027 modo
1198 2969 1303 3043 prohat
1316 2968 1391 3041 quod
1407 2968 1478 3037 rult,
1492 2966 1581 3023 modo
1593 2966 1742 3039 improbat
1756 2966 1827 3041 qood

148 3063 306 3131 instituti0;
331 3066 379 3121 scd
397 3066 564 3120 auctoritate
577 3068 637 3121 tota
655 3066 778 3121 Ecclesia
790 3066 961 3137 constringi·
1014 3065 1081 3132 rull,
1105 3063 1190 3118 modo
1210 3062 1306 3118 statuit
1330 3061 1407 3133 quod
1430 3061 1498 3129 vult,
1524 3059 1610 3115 modo
1634 3065 1730 3115 mutat
1756 3060 1827 3132 quod

151 3164 208 3226 tur,
226 3157 379 3212 universali
392 3175 507 3231 quoque
522 3158 675 3215 traditione
694 3160 835 3229 majurum
856 3124 1081 3225 nihilo-Cvult,
1110 3157 1196 3211 modo
1221 3156 1316 3211 scribit
1339 3155 1416 3226 quoa
1445 3155 1514 3222 vult,
1537 3153 1623 3209 modo
1652 3154 1732 3209 dclct
1757 3154 1826 3226 qued

149 3251 246 3305 nsiuus
268 3255 328 3306 tuta
351 3252 501 3323 obligatur,
526 3253 640 3324 privatis
662 3252 910 3307 ccrrrstitutiunibus
934 3259 964 3309 et
1013 3252 1082 3319 vult,
1098 3250 1183 3304 modo
1198 3250 1320 3321 imperat
1332 3248 1408 3320 quod
1420 3250 1489 3314 still,
1506 3248 1590 3302 modo
1603 3248 1742 3319 prohihet
1755 3246 1826 3319 quod

148 3344 272 3415 propriis
295 3346 543 3401 iniornratiuniluis
568 3363 756 3418 rrnaquaeque,
779 3346 825 3417 ,vel
845 3362 898 3417 pro
917 3347 961 3402 lo·
988 3338 1097 3403 .'s'ult':
1113 3348 1143 3401 ct
1154 3342 1184 3401 tu
1195 3342 1242 3401 tus
1257 3342 1389 3397 ominbus
1402 3357 1452 3397 sua
1468 3341 1582 3412 propria
1597 3342 1690 3395 ulitur
1709 3341 1825 3395 auctori·

149 3454 248 3493 corum
272 3440 478 3507 va1·ictote,rel
503 3443 588 3512 prout
609 3440 760 3513 unicuique
782 3440 855 3495 berre
871 3440 961 3495 risum
1014 3442 1081 3508 talc,
1100 3443 1127 3493 et
1141 3437 1248 3493 invenit
1265 3437 1312 3507 qui
1326 3437 1552 3507 camsequautur
1565 3438 1594 3491 ct
1608 3434 1828 3505 indurescant

149 3536 201 3599 est,
232 3532 359 3591 subsistit
388 3539 417 3589 et
445 3535 634 3605 girlicrnatur.
659 3534 738 3595 Unde
766 3535 856 3590 miror
882 3534 963 3591 vulde
1012 3533 1196 3605 simplicitate
1223 3532 1299 3587 boue
1324 3534 1375 3587 aut
1400 3528 1581 3601 simplicitate
1603 3529 1702 3585 asinus
1727 3528 1827 3601 doctu

150 3626 227 3696 quod
242 3627 389 3682 orientalis
402 3629 524 3684 Ecclesia
543 3632 655 3683 tacitum
673 3628 767 3695 dillert
780 3628 816 3685 ah
829 3629 961 3685 occiden-
1012 3627 1090 3701 quod
1104 3627 1190 3682 ctiam
1204 3626 1322 3681 luctasse
1336 3621 1528 3695 aliquandosrt
1538 3622 1827 3694 obtemperandiscla

147 3720 197 3774 tati
213 3721 331 3776 Ecclesia
353 3722 381 3776 in
405 3722 515 3776 diverso
536 3723 592 3776 ritu
613 3722 801 3790 sacriticandi,
818 3723 847 3776 in
869 3739 960 3777 sacra·
1012 3720 1228 3787 cousuetudine,
1242 3718 1393 3790 aliquando
1407 3714 1629 3788 obtemperandi
1649 3716 1826 3772 necessitate.

149 3814 254 3869 mentis
277 3815 382 3880 altaris,
400 3816 428 3869 in
450 3816 627 3871 coniectione
649 3816 773 3886 corporis
795 3819 825 3871 et
843 3816 962 3887 sangni-
1002 3817 1067 3871 'lios
1081 3819 1180 3869 autem
1193 3813 1271 3885 quod
1286 3829 1302 3867 a
1315 3812 1420 3866 sanctis
1432 3809 1564 3866 Patribus
1576 3810 1826 3866 nostrisstatutum

150 3907 193 3961 nis
218 3908 342 3976 Domini,
366 3909 440 3980 quod
467 3926 515 3963 ros
536 3909 641 3963 vocatis
664 3910 874 3977 cucharistiam,
898 3926 961 3965 rna·
1013 3915 1041 3965 ct
1056 3907 1191 3963 traditum
1212 3907 1397 3978 suscepimus,
1412 3905 1553 3962 hactenus
1571 3904 1722 3959 tenuimus
1742 3908 1772 3959 et
1789 3909 1825 3959 te·

149 4001 224 4055 xime
247 4017 313 4057 curn
338 4002 392 4056 ista
421 4002 458 4057 sit
483 4002 648 4057 universalis
672 4003 812 4075 majorum
837 4003 960 4069 traditio,
1012 4019 1127 4069 nemus,
1145 4018 1197 4056 uec
1211 4000 1291 4056 tacite
1305 3998 1375 4054 illud
1398 3996 1544 4054 dimittere
1562 4012 1741 4070 quacunque
1756 4014 1828 4054 occa·

149 4094 292 4165 qui-nimo,
323 4099 354 4149 ut
379 4110 490 4165 verum,
517 4100 547 4151 et
573 4097 648 4168 qucd
672 4098 765 4169 majus
787 4101 839 4165 est,
868 4096 962 4151 dicam
1012 4095 1265 4161 sioneaudemue;
1281 4091 1501 4165 quoniarusiid
1517 4096 1576 4149 tam
1595 4096 1829 4164 presumptuose

147 4188 235 4259 ipsius
261 4188 327 4245 tcsu
353 4190 455 4245 Christi
488 4191 602 4246 Domini
626 4192 718 4247 nostri
739 4189 909 4245 inviolabilis
933 4195 963 4246 ct
1012 4191 1149 4244 vellemus
1169 4188 1330 4259 relinquere
1344 4187 1389 4243 rel
1409 4187 1574 4253 immutare,
1588 4192 1758 4241 sanctorum
1777 4188 1827 4241 Pa·

149 4298 265 4354 semper
288 4283 413 4339 tenenda
436 4284 586 4340 institutio.
606 4286 711 4341 Sancta
736 4286 812 4340 cuim
834 4286 962 4340 Romana
1012 4289 1089 4338 trum
1102 4297 1218 4354 semper
1231 4282 1457 4337 venerandamel
1470 4294 1620 4351 utinquam
1635 4279 1828 4351 spernendum

146 4376 275 4433 Ecclesia
289 4377 425 4433 omnibus
435 4377 581 4434 catholicis
592 4379 657 4451 jure
672 4379 821 4445 imitanda,
839 4378 962 4434 studiose
1014 4376 1202 4432 reverentiam
1218 4376 1437 4441 olicudrremus,
1454 4379 1483 4429 et
1499 4373 1590 4445 ipsius
1605 4374 1780 4429 sacramenti
1793 4374 1829 4428 ri·

146 4475 176 4526 et
200 4486 234 4526 ex
258 4471 376 4543 antiqua
405 4472 584 4527 institutione
608 4473 637 4527 in
662 4478 842 4527 sacramento
865 4473 1084 4565 altuiisDtum,
1101 4486 1187 4542 quem
1214 4470 1350 4524 haetenus
1369 4468 1564 4535 servabamus,
1579 4466 1662 4538 quasi
1689 4468 1789 4523 trullus
1804 4472 1831 4523 et

147 4582 248 4637 azymo
263 4566 364 4635 utitur,
382 4570 560 4637 ettonquem
577 4566 806 4622 matercnruium
822 4566 959 4621 Ecclesia·
1012 4564 1107 4619 inanis
1130 4563 1242 4633 luisset,
1270 4576 1480 4627 evacuaremus,
1505 4563 1534 4614 et
1560 4575 1613 4613 nos
1640 4560 1720 4632 ipsos
1747 4562 1830 4616 totius

146 4674 212 4714 rum
240 4659 374 4714 (mnibus
401 4659 626 4715 occidentalibus
654 4660 785 4715 Ecclesiis
812 4658 840 4715 id
863 4660 959 4732 ipsum
1011 4658 1132 4714 levitatis
1146 4661 1172 4711 ot
1186 4652 1632 4726 instabilitatisreprehensibiles
1649 4654 1705 4709 toti
1720 4655 1826 4710 rrrrrndc

147 4753 302 4809 tradidit.»
991 4736 1235 4808 'ostenderemus
1261 4750 1348 4821 Magis
1379 4756 1476 4804 autem
1505 4748 1639 4803 colonius
1668 4749 1828 4820 praedeces·

424 4846 671 4905 cartenarium.
1011 4861 1109 4901 sorum
1129 4849 1293 4900 nostrumne
1316 4842 1462 4899 inventum
1488 4847 1517 4897 et
1540 4840 1756 4897 institutionem
1780 4843 1828 4897 de·

152 4950 228 5017 Quod
255 4950 343 5007 δῖα-ι’
366 4956 460 5005 coppim
482 4951 663 5005 utrieersplem
691 4950 865 5005 traditionem
890 4966 917 5005 ,ce
942 4966 960 5005 a
1009 4938 1155 4995 fendendt)
1178 4941 1286 5004 tenere,
1312 4939 1342 4992 di
1364 4938 1393 4992 ill
1415 4935 1518 4991 lectulo
1537 4940 1625 4990 hill?
1647 4938 1829 4992 uttclurihiis

179 5032 239 5085 ritu
259 5034 386 5087 ltmocue
404 5032 528 5087 necess
540 5036 720 5101 sequestr-unt,
734 5036 760 5085 et
779 5033 811 5085 iu
828 5033 960 5098 scrmcrctc
1006 5034 1067 5105 jam
1094 5033 1161 5087 lessi
1186 5032 1365 5097 accumbere,
1391 5046 1477 5103 quem
1503 5030 1677 5101 inquirendo
1703 5031 1829 5103 amplius

179 5118 342 5184 ffltl'iifflm‘·
1010 5127 1099 5181 etium
1116 5126 1222 5181 usitate
1234 5125 1398 5197 reprobare,
1411 5130 1438 5179 et
1453 5124 1488 5178 ad
1510 5123 1675 5179 inducenda
1691 5140 1771 5181 nora
1789 5127 1826 5180 la·

136 5290 140 5295 ¹
182 5225 356 5283 «Orientalis
368 5226 495 5283 Ecclesia
509 5227 633 5300 seipsam
648 5227 961 5284 obcbedicntiasacro-
1009 5220 1146 5275 horare.»
1569 5252 1573 5259 ,

146 5322 252 5374 sanctae
267 5318 401 5377 Romane
414 5322 554 5391 Ecclesiae,
569 5326 598 5377 et
611 5322 647 5377 ab
661 5322 770 5379 cnihte
782 5325 868 5377 tautae
882 5338 960 5377 ecm-
1287 5310 1481 5368 CAPITULUU
1495 5312 1538 5366 Ν.

145 5411 289 5467 munionis
301 5416 491 5485 sequestrans,
506 5416 575 5471 dum
588 5415 698 5471 mavirlt
719 5414 827 5488 aliquid
850 5430 959 5471 novum
1009 5416 1087 5485 erod
1111 5416 1205 5472 ruritius
1231 5420 1269 5471 cst
1291 5430 1416 5477 emerem,
1432 5415 1556 5485 quomam
1577 5412 1660 5483 lcopo
1676 5422 1733 5469 eeu
1746 5416 1827 5469 nette

144 5510 172 5561 et
187 5503 330 5576 singulare
345 5507 449 5575 moliri,
463 5524 549 5580 quam
563 5512 664 5565 tenere
678 5509 872 5566 universalem
889 5524 957 5565 ccn·
1045 5506 1115 5568 uim,
1129 5500 1299 5557 considerato
1308 5499 1415 5555 creticis
1424 5500 1534 5553 satiem
1544 5496 1690 5567 monem,
1703 5512 1787 5569 quum
1799 5498 1827 5551 ic
1841 5534 1844 5539 -

135 5598 331 5671 suetndr'ncm,
353 5604 384 5659 at
401 5602 485 5677 qnasi
503 5603 652 5677 sacrilegio
672 5603 782 5677 proprii
801 5602 959 5659 schismatis
1044 5581 1281 5639 mmmmm
1289 5592 1470 5650 timim·
1508 5632 1512 5637 -
1569 5614 1572 5619 ·
1669 5614 1672 5619 ·

115 5690 245 5763 serpsam
257 5697 423 5757 sauciando
438 5699 582 5773 vulnerat,
594 5700 624 5759 iu
635 5700 824 5759 coniectione
833 5697 966 5775 eorporis
1053 5690 1448 5765 huselmcsttaselbecqeusls
1455 5688 1822 5765 episcopusdixiteuttc·

94 5784 224 5847 Domitii
236 5791 429 5855 sermentato
451 5796 587 5877 fautori,
601 5804 631 5865 ct
651 5800 713 5865 hcc
731 5796 976 5871 iacit-studiose,
1025 5788 1222 5853 uso-dutiae
1243 5783 1366 5843 subleb-
1378 5782 1841 5839 fflmssfflm*
