3750 6046
56 218 127 274 ttius

598 220 733 281 REGULA
751 224 886 281 ORbthS
903 222 1076 285 altisaltis
1093 220 1202 281 thSli.
1669 220 1737 280 tttt

53 343 180 409 preterit
200 343 312 395 beatum
336 345 504 397 monachum
525 347 707 411 Bemardum,
726 363 814 401 unum
839 350 873 401 da
885 350 1038 438 ASponse,
1056 363 1102 400 uos
1122 349 1167 415 qui
1189 361 1247 399 cum
1271 351 1385 411 tempore
1406 348 1580 411 preparastis
1603 346 1738 413 taurpadee
1834 366 1838 381 ¹

52 417 154 479 primis
166 414 362 467 fundatoribus
376 430 447 481 quos
460 420 572 468 miserat
584 421 679 469 noster
697 420 874 472 beatissimus
923 426 1037 478 uestras,
1049 422 1196 471 succurrite
1210 418 1285 473 miti,
1299 418 1362 468 dum
1381 422 1587 483 temperentur
1600 418 1668 482 laete
1690 434 1738 471 au-

53 486 147 547 Pater,
163 491 278 552 eratque
292 490 333 537 vir
345 488 467 551 probatae
483 490 682 545 virtutis.arleo
694 494 724 542 ut
738 492 873 543 temdum
923 492 996 540 diam
1007 491 1075 541 illud
1089 491 1187 541 durum
1204 489 1337 554 eloquium
1352 503 1361 537 :
1374 506 1389 537 s
1403 490 1493 539 Nescio
1505 502 1560 540 sios.
1575 507 1588 537 u
1605 491 1635 541 lit
1645 491 1669 541 si
1684 492 1737 541 lle·

53 562 152 623 ageret
172 559 200 608 in
220 558 360 617 humanis,
376 574 459 623 quam
479 564 540 624 post
557 561 749 613 felicissimum
768 576 802 614 ex
820 564 875 614 hoc
924 563 1011 613 mitius
1025 563 1126 612 dederit
1141 575 1222 626 quum
1237 573 1314 625 spero
1326 560 1407 610 lucem
1422 558 1636 621 inaccessibilem,
1653 574 1738 611 meum

52 630 164 681 soeculo
185 631 343 692 transitum,
366 632 510 681 miraculis
531 630 613 682 variis
638 646 788 685 coruscans
814 639 875 684 tan·
925 634 974 682 erit
986 634 1078 684 uestris
1092 646 1143 681 non
1157 633 1243 683 deesse
1257 631 1464 693 necessitatibus,
1479 632 1577 696 quippe
1590 633 1638 696 qui
1651 631 1740 696 trater

53 714 143 765 quam
158 705 272 752 sanctus
287 702 424 752 coleretur
440 716 455 751 a
469 702 581 767 populo.

924 710 948 754 et
960 705 1046 755 socius
1061 708 1146 754 auster
1166 703 1207 765 lui
1231 704 1259 752 iu
1284 702 1510 764 tribulationibus,
1529 716 1575 752 uos
1591 716 1644 754 non
1659 703 1740 755 retiu-

88 771 172 821 Anno
213 773 297 835 igitur
336 773 485 823 millesimo
517 774 670 825 centesimo
701 776 875 839 sexagesimo
925 776 1043 826 turusin
1058 781 1172 839 ternpore
1189 773 1290 838 gaudii.
1307 775 1339 823 Et
1355 773 1578 838 quiaiufirmitas
1599 773 1740 837 labelactat

54 842 149 905 primo
180 842 312 892 monachi
344 845 404 906 ejus
436 845 666 909 resignationem,
693 848 784 897 tristes
815 847 877 911 qui·

53 912 134 971 dem,
149 925 200 963 nec
223 913 283 963 sine
300 913 431 977 lacrymis
445 914 626 975 admiserunt,
644 921 671 966 et
691 918 750 981 ipse
772 917 806 967 ad
826 931 876 967 an-

54 985 170 1048 tiquum
193 983 288 1035 Sancti
310 984 502 1049 christophori
521 999 646 1037 eremum
668 1001 805 1048 reversus,
826 987 876 1037 ibi-

52 1054 180 1122 demque
204 1070 220 1105 a
242 1055 380 1106 Michaele
402 1056 502 1108 abbate
523 1056 640 1121 aliisque
667 1059 799 1109 iratribus
815 1059 876 1108 ¹hu-

52 1126 160 1177 militer
182 1129 342 1190 susceptus,
365 1128 455 1191 spatio
479 1128 561 1177 trium
584 1142 720 1178 annorum
747 1142 812 1180 cum
837 1129 876 1179 di-

53 1198 155 1257 midio,
175 1197 279 1248 crebris
301 1200 416 1261 jejuniis
436 1198 651 1263 incredibilique
674 1202 795 1264 corporis
819 1215 877 1251 ma·

54 1270 210 1328 ceratinae,
222 1282 310 1319 novos
324 1269 487 1320 meritorum
501 1271 657 1335 manipulos
676 1273 820 1336 acquirere
831 1285 876 1322 aa·

54 1340 180 1406 tegebat.

924 845 1118 910 corpusculum,
1132 844 1233 895 salutat
1254 857 1300 894 uas
1322 846 1424 906 anima,
1445 857 1495 908 pru
1519 858 1574 909 qua
1599 846 1740 897 bantinum

925 916 1105 979 deprecemini.

956 987 1027 1037 Cum
1046 999 1111 1037 vero
1126 986 1270 1037 exterioris
1290 985 1443 1036 habitaculi
1466 986 1590 1051 undique
1610 988 1668 1051 jam
1688 1000 1739 1039 ao—

925 1058 984 1108 luta
999 1071 1133 1122 conrpago
1148 1056 1317 1108 desideranti
1337 1058 1437 1107 animae
1458 1057 1578 1107 liberum
1598 1062 1740 1121 praestaret

925 1142 1076 1193 egressum,
1099 1141 1197 1178 omnes
1229 1128 1358 1178 monachi
1392 1129 1550 1192 congregati
1571 1130 1645 1189 sunt,
1668 1143 1739 1194 quos

926 1201 971 1263 pio
984 1212 1112 1250 sermone
1135 1199 1169 1250 ad
1187 1200 1396 1263 perlectionem,
1409 1199 1569 1263 regulaque
1590 1199 1740 1251 observan-

925 1271 991 1319 tiam
1015 1270 1175 1332 exhortans,
1196 1270 1356 1334 eisdemque
1379 1269 1559 1333 benedicens,
1574 1271 1660 1321 sacris
1682 1273 1740 1335 jam

925 1340 1060 1391 Ecclesiae
1079 1342 1259 1390 sacramentis
1279 1341 1402 1390 munitus
1425 1342 1510 1403 coepit
1525 1353 1593 1391 voce
1605 1341 1740 1406 intelllgi·
1833 1398 1836 1403 ,

89 1412 163 1462 Cum
175 1424 241 1463 uero
254 1411 401 1463 deficiente
415 1425 538 1474 corpora,
554 1413 623 1462 mira
638 1414 724 1463 animi
740 1415 876 1465 suavitate
926 1410 975 1460 biti
990 1410 1138 1461 decantare
1150 1409 1287 1473 hymnum
1307 1412 1339 1461 Te
1358 1412 1436 1460 Deum
1456 1411 1607 1471 laudamus,
1625 1417 1653 1463 et
1673 1424 1739 1463 cum

55 1486 86 1535 et
101 1482 253 1534 dulcedine
267 1484 381 1547 spiritus
404 1485 564 1546 exsultaret,
578 1488 603 1534 et
622 1486 696 1548 gravi
716 1486 876 1537 infirmitate
926 1481 960 1531 ad
976 1482 1106 1531 ultimum
1121 1494 1232 1531 versum
1247 1483 1416 1545 pervenisset
1432 1481 1579 1546 eidemque
1592 1482 1677 1532 tinem
1690 1484 1740 1533 im·

56 1557 204 1618 correptus
217 1555 449 1619 appropinquaret
467 1554 502 1604 ad
522 1557 627 1605 exitum
651 1559 677 1605 et
692 1555 765 1606 diem
783 1556 877 1607 obitus
926 1555 1073 1616 posuisset,
1085 1552 1203 1603 feliciter
1223 1552 1391 1602 obdormivit
1405 1553 1435 1602 in
1455 1554 1583 1615 Domino,
1597 1559 1624 1603 et
1639 1554 1675 1603 ab
1693 1567 1741 1604 an·

55 1626 115 1683 sui,
141 1625 261 1675 Domino
286 1625 441 1687 revelante,
471 1630 722 1689 praecognoaceret3
746 1626 780 1677 ad
806 1627 877 1677 filios
926 1623 994 1686 galis
1020 1626 1179 1686 assumptus
1201 1624 1290 1673 victur
1311 1624 1440 1687 migravit
1465 1624 1500 1673 ad
1526 1625 1641 1686 gloriam
1667 1625 1741 1689 vige-

55 1709 128 1747 suos
151 1695 306 1746 monachos
333 1698 428 1746 Sancti
454 1697 570 1746 loannis
596 1695 631 1746 da
658 1697 876 1762 Tarauna,quos
926 1696 995 1743 sima
1015 1694 1093 1745 tertia
1116 1694 1160 1743 die
1180 1693 1350 1753 Decembris,
1364 1707 1438 1743 anno
1453 1694 1565 1744 Domini
1586 1695 1654 1744 titii.
1677 1694 1741 1746 Post

56 1767 160 1817 intimo
183 1767 274 1817 cordis
295 1764 397 1816 affectu
420 1766 562 1831 diligebat,
578 1771 741 1831 sequentem
763 1727 1033 1818 dictaritssobitum
1056 1776 1131 1821 vero,
1154 1764 1236 1814 variis
1263 1763 1406 1814 miraculis
1430 1764 1566 1814 Dominus
1589 1767 1650 1828 ejus
1668 1778 1741 1817 con-

55 1838 224 1904 epistolam,
256 1838 354 1901 paucis
396 1841 459 1889 aute
498 1839 611 1890 felicem
649 1841 755 1889 exitum
792 1853 876 1889 suurn
925 1836 1049 1886 scientiae
1061 1835 1220 1899 puritatem,
1236 1838 1263 1884 et
1277 1835 1437 1885 meritorum
1459 1834 1627 1885 evidentiam
1644 1841 1739 1887 osten-

55 1910 168 1961 diebus.
925 1907 989 1956 dere
1006 1907 1202 1969 dignatusest.
1227 1906 1258 1955 ln
1280 1907 1361 1968 cuius
1385 1907 1502 1964 tumulo,
1519 1907 1628 1971 magnis
1642 1919 1739 1958 exara-

90 1982 226 2033 Joamurs
240 1994 344 2045 pauper
363 1979 492 2031 uirtutum
506 1984 530 2030 et
544 1980 615 2031 diues
635 1980 790 2043 defectuum,
804 1981 877 2031 uubis
925 1982 983 2028 tum
1017 1976 1223 2028 characteribus
1255 1976 1345 2026 simile
1378 1978 1535 2040 appositum
1569 1978 1620 2027 init
1652 1979 1740 2042 epita·

55 2053 197 2117 religionis
218 2054 294 2113 uiris,
316 2053 363 2117 qui
388 2053 499 2102 Domino
524 2050 622 2116 affertis
644 2051 803 2114 sacrificium
827 2054 876 2100 im·
925 2049 1033 2114 phium.

55 2124 234 2184 maculatum,
252 2122 365 2174 salutem
386 2124 572 2187 sempiternam
595 2128 617 2172 et
641 2123 690 2172 mei
714 2122 876 2174 reeordatio-
956 2169 1085 2209 JOANNES
1103 2168 1164 2207 m·
1183 2164 1267 2207 mm
1286 2168 1375 2207 um
1391 2167 1519 2208 nomm
1537 2169 1561 2209 s·
1579 2168 1707 2219 mm,

55 2208 129 2247 nem.
1714 2212 1719 2225 .

92 2264 198 2316 Placuit
221 2266 331 2317 numine
349 2265 412 2317 lesu
428 2265 530 2316 Christo
545 2265 672 2315 deducere
684 2278 725 2314 me
739 2264 775 2315 ad
790 2264 875 2329 finem,
1045 2250 1069 2289 ⁸·
1089 2248 1301 2289 ⁰⁸³¹⁵T⁰¹³³⁰R¹
1318 2246 1467 2298 ⁵⁸¹¹c⁸⁰⁸¹
1485 2248 1509 2288 ⁵·
1528 2249 1620 2290 mm·
1721 2263 1724 2267 ’

56 2350 138 2402 quem
160 2337 342 2388 desiderabam
371 2351 380 2384 .·
404 2337 604 2401 appropinquat
627 2336 682 2385 dies
706 2335 877 2386 resolutionis
926 2329 1038 2370 GLARUS
1063 2329 1141 2376 Vffl·
1164 2328 1275 2369 CLARUS
1297 2329 1423 2379 fflfflsr
1442 2329 1552 2382 GLARUS
1574 2328 1740 2383 fflfflufflsr

56 2412 83 2457 et
111 2408 205 2471 gaudii
226 2408 284 2457 mei.
305 2406 356 2457 Sed
375 2408 440 2471 quia
459 2420 501 2456 me
519 2407 581 2456 noui
601 2408 705 2471 inopem
727 2412 876 2458 uestrarum
1196 2408 1310 2448 GLARBT
1327 2411 1357 2448 itt
1375 2408 1474 2449 efflus-

55 2478 189 2529 uirtutum
214 2483 237 2528 et
264 2479 340 2529 timeo
367 2492 400 2528 ne
424 2478 481 2528 sine
508 2477 564 2528 oleo
592 2490 760 2542 compareum
786 2491 877 2528 coram
1055 2489 1129 2529 oeur
1146 2490 1167 2529 x
1184 2490 1484 2530 KAL.Jettthti11.lttis
1500 2489 1609 2530 manu.

703 2833 829 2979 RE
837 2831 1097 2980 GULA

520 3106 753 3201 ORDINIS
785 3106 1076 3201 ttttltnttts
1103 3108 1278 3202 Avtstt

657 3316 686 3377 A
707 3315 743 3378 B.
764 3314 892 3378 leenae
913 3313 1021 3378 Crmrs
1042 3314 1139 3377 edita.

649 3488 811 3558 (Fasciculus
830 3487 880 3542 SS.
900 3487 1021 3549 cisterc„
1042 3502 1070 3556 p.
1090 3485 1164 3554 ate.)

13 3828 22 3853 ,-
93 3802 127 3859 ln
147 3802 265 3859 nomiae
284 3807 388 3859 sanetae
410 3810 439 3860 et
465 3804 620 3861 individua.
637 3802 792 3874 Trinitatis,
819 3802 1121 3890 Pe-Ciartitudinem
1136 3797 1369 3872 uniuscujusque,
1390 3798 1460 3853 nihil
1480 3802 1626 3869 portantes
1650 3795 1739 3869 insig-

12 3894 18 3927 ”
56 3896 111 3953 tris
125 3898 156 3950 et
170 3896 231 3952 Filii
246 3901 274 3952 et
296 3897 416 3969 Spiritus
439 3898 539 3954 sancti.
564 3899 636 3954 Deus
650 3916 722 3954 uuus
742 3915 825 3954 verus
845 3903 874 3953 et
923 3898 1017 3951 nilum
1030 3911 1100 3950 aura
1114 3900 1218 3966 prater
1233 3910 1316 3949 enses
1332 3900 1360 3948 et
1374 3893 1503 3960 calcaria,
1519 3894 1739 3963 ponentessem-

55 3992 185 4048 essentia
209 3989 416 4062 inseparabilis.
440 3993 494 4046 h'os
517 3994 638 4048 loannes
663 3993 760 4061 cirita,
787 3993 874 4048 abbas
924 4006 974 4061 per
988 4005 1067 4060 spem
1083 4005 1162 4043 suam
1177 3988 1206 4043 in
1224 3991 1370 4042 armatura
1384 3986 1460 4041 iidei.
1482 3988 1511 4040 lu
1528 4001 1598 4056 pace
1620 3987 1743 4054 surgant

10 4066 16 4075 ⁵
54 4082 159 4141 Sancti
179 4083 297 4139 loannis
319 4087 348 4139 et
370 4085 539 4142 Guiscardus
566 4086 721 4140 menachus
745 4086 873 4156 ejusdem
923 4083 1175 4138 adorationemel
1195 4080 1312 4135 audiant
1334 4080 1432 4135 missas
1455 4085 1483 4134 et
1507 4076 1742 4150 jejunentsextis

10 4176 21 4215 ⁵
52 4175 191 4243 coeuobii,
205 4176 399 4249 inpraesentia
420 4179 589 4234 nobilissimi
605 4179 681 4250 regis
699 4178 874 4251 Aidephonsi
922 4176 1011 4240 tertis,
1034 4176 1178 4231 dormiant
1198 4191 1263 4229 cum
1290 4174 1407 4245 caputiis
1431 4173 1534 4245 paruis.
1563 4174 1683 4227 Servent
1701 4172 1740 4225 si·

10 4252 32 4331 .¹.
51 4268 240 4343 aliorumque
265 4270 392 4326 umorum
418 4288 476 4327 suae
500 4288 596 4341 curem,
625 4273 659 4327 de
685 4289 822 4328 censensu
845 4279 874 4329 et
924 4271 1044 4325 lentium
1059 4269 1369 4323 sisimulmanducent.
1389 4267 1548 4338 Suscipiunt
1564 4266 1740 4336 peregrinos,

47 4362 229 4421 anaontate
256 4362 363 4418 domini
384 4365 507 4437 episcopi
534 4365 686 4420 llostieusis
714 4382 789 4420 nunc
824 4382 874 4438 per
923 4364 1064 4419 honorent
1080 4362 1215 4430 seniores,
1236 4365 1264 4417 et
1285 4361 1454 4433 magistrum
1474 4360 1584 4414 militiae
1602 4364 1741 4429 tanquam

44 4459 147 4515 totam
159 4454 322 4527 Hispaniam
335 4458 420 4529 legati
433 4475 450 4513 a
464 4459 561 4528 latere,
583 4459 766 4514 inhonorem
783 4460 829 4515 ltei
845 4462 875 4513 et
925 4462 1034 4528 patrem
1048 4461 1077 4511 et
1093 4457 1195 4511 ducem
1212 4455 1369 4527 suscipiant
1384 4473 1390 4510 :
1406 4460 1434 4509 et
1452 4454 1482 4509 in
1504 4454 1636 4509 omnibus
1657 4468 1742 4525 regu·

43 4532 150 4611 Pistris
165 4550 257 4606 nostri
285 4550 426 4607 Benedicti
455 4553 635 4625 gloriamque
658 4556 763 4608 nostrae
789 4553 875 4608 reior-
924 4552 982 4605 lam
1010 4550 1103 4606 sancti
1127 4549 1218 4605 Patris
1242 4548 1385 4603 benedicti
1411 4564 1470 4620 praa
1496 4547 1584 4603 oculis
1607 4544 1741 4601 habeant.

42 4642 194 4703 metionis
227 4644 432 4714 Cisteraiensis,
462 4650 490 4700 et
519 4650 550 4700 ut
576 4646 679 4701 Christi
711 4647 811 4702 tideles
840 4647 874 4701 ab
926 4650 964 4703 lte
989 4648 1132 4721 acquisitis
1160 4648 1188 4701 iu
1212 4647 1285 4701 bella
1304 4647 1374 4701 dent
1396 4636 1578 4718 pauperibus,
1606 4642 1697 4698 viduis
1715 4645 1745 4699 et

39 4736 523 4805 haumeMaurorumliberentur,
541 4740 873 4795 corretituimusetordi-
925 4743 1059 4809 ecclesiis,
1084 4746 1112 4795 et
1140 4743 1261 4805 blauros,
1289 4756 1359 4810 quos
1385 4741 1413 4794 in
1440 4739 1628 4811 captivitatem
1652 4743 1743 4792 traxe

39 4846 160 4893 manus
172 4830 303 4885 militiam
319 4834 460 4903 equitum,
475 4834 577 4905 quibus
591 4851 696 4888 rrrurrus
710 4835 745 4890 sit
760 4834 874 4906 religio·
925 4837 1003 4903 rint,
1027 4836 1131 4891 sanctis
1156 4834 1399 4890 admonitionibus
1426 4831 1460 4888 ad
1487 4834 1572 4888 iidem
1600 4832 1741 4887 deducere

10 4920 874 4999 ‘memdeiundereinbello,charitatcmexercereinpace,
929 4936 1041 4985 curent.

39 5016 219 5079 mitreum
248 5033 361 5073 servare
388 5020 416 5074 in
444 5025 506 5075 tore
534 5025 562 5075 et
591 5024 681 5074 terras
715 5023 875 5076 llaurorum
963 5024 991 5079 Si
1002 5028 1129 5078 castrum
1145 5023 1189 5077 uel
1205 5022 1349 5076 civitatem
1363 5019 1502 5091 ceperint,
1520 5018 1627 5073 facient
1639 5016 1742 5074 certio-

10 5154 13 5159 -
39 5110 203 5173 matianis
213 5112 425 5169 incursionibus
438 5117 548 5169 vastare
564 5120 593 5169 ct
617 5115 747 5169 habitum
760 5121 876 5185 portare
928 5135 986 5173 rem
1000 5118 1148 5172 dominum
1163 5132 1261 5187 regem
1275 5119 1302 5171 et
1315 5115 1349 5169 de
1366 5114 1500 5169 inundate
1519 5114 1579 5183 ejus
1594 5113 1745 5184 disponent

17 5208 174 5283 {signum
200 5207 349 5279 religionis
374 5225 435 5279 prta
462 5226 491 5263 se
520 5210 660 5264 letantem
691 5228 697 5262 :
728 5197 1032 5280 caputiumDomnia,
1060 5211 1213 5266 existentes
1245 5209 1349 5263 subditi
1383 5208 1521 5276 dominia,
1553 5224 1609 5261 non
1635 5210 1746 5263 tantum

30 5301 175 5369 ‘adlinet
199 5315 293 5372 parvae
317 5303 523 5374 magnitudinis
552 5319 617 5358 cum
644 5305 757 5375 scapula
782 5304 878 5358 taliter
927 5305 1075 5361 laurissed
1096 5305 1184 5360 etiam
1207 5303 1340 5375 dyscolis.
1366 5303 1499 5372 Magister
1523 5307 1660 5371 tanquam
1688 5301 1745 5357 dux

10 5386 144 5465 stacta,
168 5395 245 5466 quod
265 5394 293 5450 iu
307 5397 439 5451 canilictu
462 5402 626 5469 pugnantes
647 5415 706 5453 non
723 5396 873 5469 impediat.
928 5406 1096 5455 craterarum
1113 5402 1254 5470 procuret,
1271 5415 1328 5452 nun
1344 5397 1435 5450 solum
1460 5396 1564 5462 verbim
1587 5395 1742 5451 sedetiam

22 5488 279 5549 &maculosam
305 5493 471 5546 ceterarum
491 5492 682 5547 vestiumnoa
707 5496 872 5561 causentur,
925 5495 1061 5565 exemplis
1084 5494 1213 5548 subditos
1234 5492 1405 5563 gubernare,
1428 5506 1485 5544 nan
1508 5490 1600 5544 sotum
1619 5490 1648 5545 in
1674 5506 1743 5561 pace

10 5564 104 5671 {ud
137 5581 213 5638 ares
238 5584 376 5656 temporie
405 5585 648 5658 opportunitatem
681 5586 737 5641 sint
767 5587 872 5641 omnia.
925 5587 1133 5656 docendo,sed
1158 5586 1288 5641 etiamin
1311 5583 1568 5655 bellupuguando.
1588 5585 1621 5638 Et
1643 5583 1744 5654 siquis

10 5666 189 5761 ssfleapulia
206 5692 273 5733 uero
284 5694 398 5752 semper
409 5680 445 5734 sit
461 5680 538 5752 nigri
552 5681 665 5735 coloris.
925 5682 1046 5736 miiitum
1063 5697 1216 5753 gravamen
1231 5679 1266 5735 de
1279 5678 1327 5733 illu
1338 5677 1470 5733 habuerit
1491 5681 1529 5742 et,
1542 5683 1605 5747 post
1628 5691 1742 5731 excissa-

10 5760 49 5789 ¹¹2*-

10 5786 44 5807 η

10 5800 55 5885 ἐε
90 5768 470 5845 lnbetiuhabeantloricae,
485 5780 514 5830 et
527 5790 619 5847 enses,
635 5775 876 5849 ellanceasjuxts
926 5776 1035 5832 tionem
1050 5792 1108 5831 non
1121 5780 1299 5848 susceptam,
1323 5773 1417 5829 adhuc
1441 5775 1591 5846 gravatum
1614 5768 1744 5841 senserit,
