3750 6046
153 164 204 223 82¹1

837 172 999 229 ornentur
1020 173 1147 231 vimus
1776 180 1821 241 828

157 297 225 352 vela
239 294 373 370 prefecto
391 298 580 371 postulabant.
601 301 773 374 spectabiles
787 319 883 359 eoram
898 305 965 359 l‘cr-
977 315 1006 390 Α
1017 302 1087 358 tiani
1108 302 1169 373 jam
1191 317 1243 374 per
1267 305 1357 359 totam
1383 301 1491 375 Syriam
1503 308 1533 360 et
1551 300 1737 361 Palaestinam
1751 308 1824 379 quasi

156 392 193 447 sis
206 393 407 464 procedebant,
423 400 451 449 ot
463 395 537 450 bledi
553 396 661 451 cultum
676 397 849 453 Francorum
872 398 965 454 admi·

155 493 250 543 rantes
273 489 480 544 collaudabant.
501 490 577 545 Filia·
597 506 697 562 regum
721 491 850 547 decorem
867 510 966 548 eorum

158 581 337 649 affectabant,
347 583 510 654 facetiisque
520 584 692 639 arridebant.
704 584 877 656 lpsiquoque
886 603 968 657 reges

158 683 243 747 atquc
260 676 344 731 duces
359 677 394 732 de
416 679 523 733 semine
539 679 711 733 Francorum
727 681 843 749 nepotes.
864 680 967 735 babere

159 771 406 843 concupiscebant.
434 773 522 827 Nenro
544 778 641 828 tamen
664 791 680 827 a
704 774 780 828 cultu
806 773 907 830 Christi
921 791 967 829 eos

161 864 339 936 aliquatenus
371 866 513 935 recedere,
548 867 591 921 vel
627 885 644 922 a
669 884 719 922 suo
748 867 803 922 ritu
831 869 968 940 compulit

155 959 279 1015 deviare.

192 1055 230 1108 lle
246 1052 352 1108 divitiis
366 1053 478 1108 soldani
491 1053 565 1108 mira
577 1055 715 1123 referunt,
730 1056 802 1111 etde
814 1055 968 1128 incognitis

158 1146 305 1217 speciebus
318 1163 389 1218 quas
403 1147 431 1201 in
447 1147 560 1204 Oriente
581 1149 721 1204 viderunt.
737 1150 875 1205 Soldanus
897 1150 964 1204 dici-

156 1243 203 1294 tur
217 1240 294 1311 quasi
306 1241 381 1295 solus
396 1242 539 1309 dominus,
554 1243 619 1314 quia
633 1244 739 1298 cunetis
750 1249 853 1315 praeest
866 1244 964 1299 Orien·

155 1335 192 1389 tis
208 1335 392 1405 principiBus.
421 1336 527 1399 Quarto
542 1354 626 1405 anno,
653 1339 800 1392 remeandi
822 1338 966 1393 licentiam

155 1427 210 1481 illis
221 1430 369 1497 concessit,
380 1446 553 1501 aureamque
568 1431 710 1502 sagittam,
726 1448 790 1503 quas
802 1431 967 1504 principalis

157 1522 301 1592 specimen
333 1524 569 1593 premonstrabat
599 1524 801 1592 absolutionis,
837 1525 964 1581 contulit.

155 1616 419 1671 l‘otcutissimorum
436 1617 506 1672 lilias
521 1619 690 1688 optimatum
704 1619 767 1687 illis,
783 1619 805 1673 si
817 1636 966 1676 reinancre

1018 396 1148 467 neglecto
1172 413 1239 469 rege
1252 397 1371 453 viriliter
1394 397 1571 469 restiterunt,
1595 398 1759 455 veredarios
1779 418 1824 473 per
1852 442 1857 449 .

1017 490 1116 546 orbem
1136 490 1267 562 gentium
1283 491 1318 545 ad
1342 508 1423 561 reges
1443 508 1474 547 ac
1489 492 1655 548 admiralios
1669 491 1823 552 destinarit.

1018 584 1126 648 Quibus
1141 584 1311 654 convocatis,
1335 601 1399 641 cum
1424 586 1587 657 legionibus
1601 586 1660 642 suis
1672 604 1770 644 rursus
1781 606 1823 645 ur·

1016 677 1082 735 bem
1111 679 1224 735 blonhec
1245 678 1367 734 obsedit.
1388 680 1543 735 loscelinus
1567 685 1665 736 autem
1688 686 1717 737 et
1732 698 1823 737 omnes

1017 772 1190 828 Christicolae
1203 773 1349 829 audientes
1373 772 1427 829 hoc
1440 773 1529 845 gavisi
1554 776 1632 841 sunt,
1658 778 1688 829 et
1701 774 1823 831 alacriter

1016 866 1052 921 ad
1083 866 1273 938 praeliandum
1305 872 1405 922 contra
1431 866 1492 923 illos
1518 872 1733 923 convenerunt.
1757 869 1824 925 Tunc

1017 960 1115 1028 etiam,
1138 959 1251 1015 volente
1265 959 1312 1031 pio
1336 960 1483 1016 Salvatore
1497 966 1603 1032 nostro,
1617 961 1750 1034 quinque
1764 978 1825 1033 pre
1871 990 1873 1027 :

1017 1053 1087 1108 clari
1111 1053 1214 1108 milites
1229 1054 1393 1121 adfuerunt,
1409 1054 1457 1127 qui
1473 1053 1574 1109 eadem
1601 1054 1778 1127 septimana,
1800 1060 1826 1112 ut

1014 1147 1074 1217 jam
1089 1147 1223 1214 diximus,
1238 1147 1273 1202 de
1287 1146 1437 1203 barbarica
1446 1147 1608 1219 captivitate
1619 1154 1825 1205 remeaverunt

1016 1242 1093 1296 Inter
1107 1240 1221 1295 blonbec
1234 1244 1262 1297 et
1276 1241 1422 1296 castellum
1437 1239 1576 1297 Trahaled
1590 1240 1622 1297 in
1636 1240 1752 1314 ingenti
1772 1244 1825 1315 pla·

1016 1333 1085 1389 nitie
1099 1333 1230 1404 pralium
1242 1334 1343 1405 ingens
1353 1335 1460 1389 factum
1481 1338 1532 1389 est.
1546 1336 1618 1390 Cum
1633 1335 1733 1398 Balad,
1748 1336 1827 1391 llusci

1015 1432 1045 1482 cl
1060 1428 1163 1497 lleron,
1180 1428 1266 1483 frater
1280 1429 1351 1499 ejus,
1364 1429 1470 1500 aliique
1479 1429 1576 1501 plures
1595 1428 1743 1485 admiralii
1760 1445 1828 1502 pug-

1017 1537 1098 1590 nare,
1116 1522 1238 1593 totisque
1251 1520 1357 1577 viriBus
1371 1522 1466 1577 eonati
1492 1526 1559 1577 sunt
1570 1521 1750 1579 Christianos
1774 1541 1830 1597 pes

1017 1615 1150 1670 sundere.
1177 1615 1218 1669 lbi
1232 1620 1298 1669 tarne
1314 1615 1397 1670 Balad
1410 1615 1553 1671 Goisfredo
1565 1616 1723 1685 monacho,
1737 1616 1828 1672 comiti

154 1709 315 1777 voluissent,
331 1715 359 1765 et
380 1712 511 1782 ingentes
533 1728 625 1781 gazas,
650 1730 681 1766 ac
705 1713 891 1783 possessiones
917 1713 965 1767 ob·
978 1686 1004 1757 B
1017 1708 1051 1762 de
1067 1709 1174 1776 blateis,
1199 1709 1344 1764 mandavit
1363 1712 1395 1763 ut
1414 1709 1484 1763 (tuos
1507 1708 1600 1764 asinos
1629 1726 1702 1765 amo
1718 1716 1831 1767 onustos

155 1802 229 1857 tulit.
246 1802 331 1857 autre
355 1804 470 1858 tandem
497 1805 655 1859 volentibus
670 1805 802 1875 ingentes
817 1806 963 1860 thesauros

153 1894 302 1966 vadasque
321 1896 431 1951 divitias
451 1914 515 1952 saras
531 1899 663 1953 ostendit.
688 1899 823 1971 Benique,
838 1900 965 1970 pluribus

153 1988 244 2043 xersiis
266 1992 454 2057 remunerati,
477 1995 560 2046 notos
573 1995 601 2046 ct
614 1993 808 2047 lieuefactores
827 1994 965 2048 salutave-

151 2088 229 2151 runt,
248 2088 275 2138 ot
298 2101 348 2154 per
369 2085 540 2140 conductum
556 2084 651 2154 Bavid,
675 2086 853 2157 Grrorgicusis
878 2087 963 2157 regis,

152 2178 309 2234 etl'uroldi
326 2179 360 2232 de
386 2180 525 2233 blontunis
535 2180 714 2235 Antiochiam
743 2181 898 2245 redierunt,
920 2181 966 2235 lae-

154 2271 232 2342 tique
245 2270 342 2325 amicis
358 2272 517 2327 retuterunt
529 2274 650 2345 qualiter
664 2274 691 2328 in
705 2273 803 2328 Ninive
820 2277 848 2328 ct
863 2274 965 2329 Baldsc

153 2368 181 2418 et
207 2364 357 2437 Babylonia
383 2366 546 2421 commorati
562 2367 691 2436 fuissent,
717 2372 744 2421 et
769 2368 860 2422 inulta
884 2368 965 2423 nobis

152 2458 262 2528 ignota,
277 2475 340 2529 qum
349 2459 379 2513 in
390 2460 454 2514 Eois
468 2460 595 2531 partibus
606 2460 748 2516 vidissent.

185 2553 262 2607 Tunc
275 2551 313 2606 ibi
328 2553 562 2625 audieruntquod
578 2555 666 2609 Balad
678 2555 796 2610 blonbec
812 2555 963 2622 obsideret,

152 2649 181 2700 et
209 2646 377 2700 Balduinum
400 2664 507 2718 regem,
531 2648 627 2702 occisis
646 2648 797 2715 sodalibus,
824 2650 915 2703 adhuc
934 2650 964 2703 in

150 2743 228 2793 aveto
239 2755 349 2793 carcere
358 2742 542 2795 constrictum
555 2741 700 2798 retineret.
712 2742 865 2797 tescelinus
875 2743 964 2809 enim,

154 2832 201 2903 qui
229 2832 264 2886 de
285 2833 419 2902 Carpetra
442 2850 570 2905 egressus
585 2835 688 2902 fuerat,
704 2839 732 2889 ct
748 2836 851 2906 legatos
867 2836 963 2890 fideles

150 2928 276 2997 Augusto
302 2928 404 2981 loanni
419 2929 447 2981 et
471 2928 573 2983 Graecis
600 2934 626 2983 et
646 2929 787 2983 Armeniis
810 2929 962 2997 direxorat,

151 3024 215 3091 post
242 3027 304 3075 octo
320 3037 434 3076 menses
450 3038 514 3076 cum
539 3021 649 3093 ingenti
671 3023 795 3077 exercitu
819 3022 854 3076 ad
869 3023 960 3076 subsi·
986 3058 989 3063 -

151 3114 231 3169 dium
251 3114 357 3169 obsessi
383 3115 459 3186 regis
481 3118 622 3186 properat,
645 3132 732 3187 quem
755 3116 783 3169 in
812 3116 881 3170 turri
896 3118 961 3171 Car-

150 3211 248 3279 pctrae,
260 3213 289 3262 ut
300 3208 406 3263 dictum
418 3213 469 3276 est,
481 3209 640 3280 reliquerat.
654 3210 762 3265 lnterea
773 3209 857 3263 Balad
870 3226 964 3264 arcem

150 3300 269 3370 obsedit,
296 3304 325 3356 ct
349 3302 432 3356 Gazin
448 3308 584 3373 nepotem
601 3320 697 3372 svium,
716 3309 743 3357 et
756 3304 963 3358 Bursechinum

147 3397 296 3467 juvenem,
320 3396 490 3467 magistrum
508 3396 642 3466 militum,
657 3396 718 3467 regi
733 3397 899 3468 frequenter
919 3398 961 3450 di-

148 3490 230 3555 rcxit‚
260 3492 288 3543 el
313 3506 379 3544 eum
403 3490 591 3561 jurejurando
620 3490 767 3545 mandavit
794 3496 835 3560 ut,
862 3492 885 3544 si
910 3491 963 3545 sihi

150 3582 267 3655 pacifice
291 3600 385 3639 arcem
405 3584 549 3651 redderet,
565 3584 728 3639 libertatem
742 3584 866 3638 aberrasti
890 3601 962 3656 quo·

149 3695 263 3750 curaque
286 3679 378 3745 vellet,
404 3695 468 3732 cum
487 3678 621 3733 omnibus
642 3678 699 3732 suis
723 3683 751 3733 ct
775 3684 878 3732 clariola
899 3696 962 3750 quse

148 3775 271 3843 peteret,
287 3773 322 3825 ab
347 3789 380 3828 co
393 3771 544 3843 reciperet.
568 3771 625 3825 Rex
650 3775 755 3839 sulcem,
771 3773 855 3842 longa
870 3772 961 3826 inclar-

148 3866 229 3920 sione
246 3867 390 3937 fatigatus,
409 3872 436 3920 ct
450 3864 543 3919 fallaci
568 3882 682 3937 pagano
704 3882 888 3938 praepropere
901 3883 960 3921 cre·

149 3961 242 4025 dulus,
253 3975 346 4014 arcem
361 3958 495 4026 reddidit,
511 3958 545 4012 ad
560 3959 723 4013 scandalum
734 3959 959 4014 Christianorum

148 4059 175 4107 ct
189 4053 346 4124 tripudium
359 4068 546 4124 paganorum.
564 4054 682 4124 Egresso
696 4053 795 4124 itaque
809 4054 869 4125 rogi
878 4055 963 4124 jussit

147 4146 231 4202 Balad
258 4151 378 4218 ‹piatnor
402 4146 503 4200 dentes
528 4146 649 4213 extrahi,
676 4152 702 4201 et
729 4147 910 4202 Gualcranno
927 4148 961 4203 de

147 4240 263 4296 Pusaeio
288 4240 433 4294 sinistrum
460 4239 573 4295 oculum
599 4239 670 4307 erui,
701 4244 729 4294 et
758 4257 842 4295 venas
870 4241 962 4295 ‹iextri

148 4333 267 4405 hraehii,
283 4350 318 4388 ne
345 4334 470 4388 lanceam
485 4332 606 4387 ulterius
634 4332 730 4399 ferret,
747 4335 871 4405 praecidi,
898 4352 960 4390 oui-

1016 1801 1164 1873 reciperet,
1189 1807 1216 1856 et
1235 1803 1270 1856 de
1290 1802 1365 1857 bello
1391 1803 1466 1857 solus
1491 1802 1550 1875 ipse
1573 1803 1734 1873 recederet,
1754 1805 1830 1859 nein

1015 1894 1091 1949 bello
1109 1899 1227 1967 uterque
1240 1896 1342 1951 eodem
1359 1896 1532 1968 disperiret.
1553 1895 1643 1951 Soror
1656 1897 1737 1952 enim
1762 1898 1829 1969 ejus,

1016 2005 1080 2061 quae
1096 1990 1232 2061 sortilega
1245 1990 1417 2061 peritissima
1429 1995 1500 2057 erat,
1513 1990 1541 2044 in
1556 1990 1830 2059 constellationibus,

1016 2083 1267 2154 quodGoisfredus
1293 2089 1321 2138 et
1347 2084 1432 2138 Balad
1461 2084 1568 2139 mutuis
1596 2082 1701 2140 ictibus
1724 2101 1831 2142 occum-

1015 2176 1114 2231 berent
1136 2177 1195 2247 ipso
1224 2177 1279 2245 dic,
1304 2178 1476 2249 inspexerat,
1502 2178 1641 2249 fratrique
1654 2194 1720 2247 suo,
1737 2180 1831 2235 mathi

1016 2274 1201 2341 praecaveret,
1233 2272 1347 2342 plorans
1376 2270 1556 2328 indicaverat.
1581 2272 1746 2344 Rehgiosus
1769 2290 1832 2329 sero

1015 2380 1109 2420 conies
1144 2380 1265 2419 munera
1300 2366 1413 2436 tyranni
1442 2371 1472 2420 ut
1502 2369 1611 2420 stercus
1642 2367 1831 2439 contempsit,

1016 2474 1132 2528 seseque
1161 2459 1190 2511 iu
1214 2459 1394 2514 corifessione
1419 2459 1470 2514 ilci
1493 2459 1529 2514 ad
1551 2459 1725 2515 sacrificium
1752 2461 1832 2516 latus

1015 2551 1127 2606 obtulit.
1145 2551 1296 2606 blultorum
1312 2554 1482 2623 sanguinem
1497 2559 1663 2609 sauctorum
1680 2554 1830 2623 ulciscens,

1015 2645 1099 2699 balad
1126 2644 1278 2712 interfecit,
1303 2650 1330 2699 et
1353 2645 1414 2716 ipse
1427 2663 1479 2717 pro
1500 2646 1611 2701 Christo
1627 2647 1732 2703 devote
1750 2648 1828 2703 diuii·

1015 2755 1081 2792 cans
1105 2738 1227 2809 gloriose
1252 2739 1390 2794 occubuit.
1416 2740 1555 2794 b'erillum
1582 2741 1644 2812 ejus
1667 2740 1696 2795 in
1713 2758 1831 2815 corpore

1015 2832 1101 2886 Balad
1127 2838 1271 2904 repertum
1292 2837 1350 2901 est;
1368 2849 1424 2905 quo
1439 2833 1567 2900 cadeilte,
1579 2833 1678 2889 dirum
1702 2842 1732 2890 ct
1748 2852 1828 2908 grave

1015 2941 1086 2979 onus
1115 2927 1149 2980 de
1174 2925 1329 2981 cervicibus
1355 2926 1579 2983 Christianorum
1604 2927 1754 2999 abjectum
1781 2933 1828 2984 est.

991 3059 1000 3083 .
1014 3019 1052 3073 lbi
1065 3026 1131 3074 terrie
1147 3022 1287 3091 nongenti
1298 3021 1401 3075 milites
1421 3020 1571 3077 Christiani
1591 3028 1692 3077 contra
1705 3026 1829 3079 trecenta

1014 3113 1094 3167 milia
1108 3130 1284 3185 paganorum
1307 3119 1519 3185 pugnaverunt,
1541 3114 1759 3187 fortissimoque
1777 3118 1828 3173 Deo

1014 3207 1099 3260 lsrael
1112 3224 1176 3261 srvos
1189 3212 1322 3279 potenter
1335 3208 1462 3279 juvante,
1488 3207 1625 3263 vicerunt.
1642 3210 1681 3264 ue
1694 3211 1827 3267 Christia-

1014 3301 1058 3353 nis
1085 3318 1109 3354 vv
1127 3302 1230 3355 milites
1244 3307 1271 3356 et
1292 3319 1317 3355 ιι
1334 3301 1442 3373 pedites
1458 3301 1639 3371 ceciderunt3
1656 3303 1692 3358 de
1715 3304 1828 3377 paganis

1013 3400 1107 3449 autem
1122 3411 1169 3449 xm
1184 3394 1272 3449 millia
1282 3412 1353 3449 cansa
1369 3401 1444 3463 siant,
1458 3412 1580 3467 quorum
1593 3397 1716 3453 nomina
1729 3398 1760 3453 iu
1775 3416 1827 3453 ma·

1014 3488 1112 3541 trieula
1129 3487 1212 3543 Balad
1236 3488 1341 3560 scripta
1354 3495 1382 3544 ot
1409 3490 1524 3543 inventa
1537 3491 1613 3545 sunt.
1640 3491 1826 3563 Omnipotens

1014 3580 1194 3649 Emmanuel,
1221 3582 1333 3636 intactae
1362 3582 1486 3654 Virginis
1511 3582 1595 3651 filius,
1623 3584 1747 3641 feliciter
1767 3602 1826 3641 suos

1015 3676 1152 3731 israelitas
1166 3676 1344 3746 confortavit,
1366 3677 1506 3748 superatis
1521 3677 1664 3748 hostibus,
1679 3696 1734 3751 por
1749 3697 1825 3753 quos,

1013 3769 1099 3824 veluti
1111 3769 1212 3824 malleo
1227 3787 1276 3825 seu
1290 3769 1371 3842 virga
1387 3771 1488 3825 furoris
1502 3771 1554 3840 sui,
1570 3788 1635 3827 reos
1658 3789 1823 3847 conquassa-

1012 3868 1101 3930 verat,
1109 3864 1286 3933 exhilaravit,
1299 3870 1326 3919 et
1339 3870 1402 3936 post
1416 3864 1630 3920 tribulationum
1645 3871 1825 3939 tempestates

1013 3957 1210 4029 prosperitatis
1252 3958 1484 4029 tranquillitatem
1528 3959 1731 4031 suppeditavit.
1769 3964 1825 4018 lam

1012 4067 1118 4105 eornm
1133 4052 1272 4122 gentium,
1288 4051 1436 4107 intonante
1450 4054 1515 4122 Beo,
1530 4052 1675 4109 confracta
1689 4058 1769 4121 sunt,
1784 4055 1824 4109 in·

1012 4145 1177 4217 victumque
1192 4162 1290 4216 regem
1306 4145 1427 4202 Sabaoth
1449 4146 1650 4215 collaudantes,
1676 4147 1826 4205 Christiani

1012 4242 1098 4311 caput
1111 4246 1272 4294 erexerunt.

1048 4333 1125 4387 Gazis
1152 4333 1328 4401 admiralius,
1360 4349 1451 4405 nepos
1473 4338 1501 4389 et
1525 4334 1616 4391 haeres
1642 4337 1731 4393 Balad
1755 4337 1826 4411 regis

148 4445 256 4501 nesquo
272 4428 360 4483 socios
373 4444 472 4500 eorum
495 4427 639 4482 ‹tescotlari
657 4427 738 4492 Otiosi
754 4434 781 4483 et
796 4428 836 4483 ita
854 4429 960 4483 factum
971 4432 999 4503 Ι)
1012 4427 1113 4498 bleph,
1135 4427 1162 4481 ei
1176 4427 1324 4493 svrecessit3
1341 4427 1390 4482 sed
1404 4429 1528 4484 novitate
1541 4430 1788 4501 permutationum
1802 4438 1827 4488 ct

147 4530 197 4579 est.
225 4523 420 4579 Gualerannus
443 4521 506 4593 post
519 4520 746 4576 debilitationem
761 4522 959 4578 membrorum

147 4623 276 4673 mortims
289 4621 341 4683 est,
364 4616 526 4686 iterumque
543 4614 633 4669 resin
651 4630 764 4669 carcere
781 4615 959 4683 1·eelusus,1v

148 4711 231 4767 annis
250 4711 349 4782 pejora
376 4708 516 4781 prioribus
540 4724 691 4778 perpessus
717 4714 766 4762 est.
792 4710 877 4763 Porro
895 4726 960 4765 xxiv

147 4805 252 4859 milites
264 4808 293 4859 et
304 4820 353 4859 crs
362 4802 434 4874 Syri,
442 4802 486 4856 vel
494 4800 635 4866 Arinenii,
647 4800 787 4871 capitibus
795 4803 958 4872 amputatis,

147 4897 291 4971 perempti
302 4903 377 4951 sunt.
395 4896 451 4951 Sed
467 4911 532 4948 cum
548 4894 656 4949 Christo
670 4893 773 4962 vivant,
788 4911 873 4965 quern
890 4913 958 4951 con·

144 4992 210 5047 fessi
239 4995 315 5059 sunt,
341 4994 369 5045 ct
393 4991 438 5044 cui
466 4989 591 5044 viventes
607 4987 780 5043 servierunt!
804 4989 960 5045 lescelinus

144 5091 252 5153 aulem,
270 5088 297 5139 ut
313 5085 390 5156 regis
405 5083 592 5139 delectionem
606 5087 634 5137 et
647 5098 763 5136 suorum
777 5083 886 5138 cladem
899 5083 958 5139 obi·

144 5186 189 5234 ter
203 5178 321 5247 audivit,
336 5178 421 5232 vitiatis
438 5177 548 5248 ejulans
563 5193 628 5230 cram
643 5176 720 5231 onrni
734 5176 858 5231 exercitu
868 5178 961 5234 Chris-

146 5272 226 5326 tiano
253 5271 387 5336 substitit,
408 5271 599 5342 ventilatoque
625 5269 731 5325 ibidem
754 5270 884 5339 consilio,
911 5287 960 5325 sua

145 5365 262 5438 negotia
271 5365 390 5437 quisque
403 5364 513 5435 repetit.
525 5363 715 5419 Intortunium
731 5363 894 5434 hujusmodi
908 5381 960 5436 per

146 5462 237 5515 totum
252 5458 393 5513 mundum
404 5458 532 5513 auditum
553 5464 603 5523 est,
619 5460 648 5511 et
660 5456 832 5512 Christicolis
853 5457 960 5514 lamen-

146 5553 283 5620 tantibus,
298 5552 424 5606 Ethnicis
438 5551 539 5622 ingens
558 5551 656 5605 latitia
671 5556 732 5607 orta
745 5556 796 5607 est.

182 5647 271 5702 Balad
292 5646 389 5717 igitur,
406 5649 556 5717 postquam
573 5645 624 5700 sibi
651 5645 686 5699 ad
702 5649 798 5700 votum
820 5646 916 5701 omnia
930 5646 959 5701 in

145 5742 199 5813 his,
214 5758 277 5817 qua
288 5739 347 5811 jam
363 5737 589 5815 pratasavimus,
604 5743 804 5811 provenerunt,
821 5746 848 5796 et
861 5741 956 5799 Chris·

1011 4520 1204 4577 diminutione
1230 4538 1365 4593 gazarum
1393 4522 1481 4578 ardua
1509 4525 1617 4578 tentare
1649 4528 1680 4579 et
1703 4526 1828 4582 diflicilia

1010 4614 1149 4669 sustinere
1166 4615 1304 4687 nequivit,
1319 4632 1383 4688 quse
1399 4619 1559 4671 antecessor
1583 4617 1645 4688 ejus
1665 4618 1755 4691 longo
1780 4637 1827 4675 usu

1011 4709 1178 4763 exercitatus
1210 4709 1306 4777 inivit,
1342 4711 1516 4783 ingenioque
1547 4711 1699 4784 multiplici
1724 4714 1827 4771 callens

1011 4802 1094 4857 fortia
1109 4802 1185 4858 ferre
1200 4808 1228 4858 et
1242 4820 1325 4876 agere
1338 4804 1441 4875 potuit.
1465 4805 1543 4861 [inde
1559 4805 1640 4861 Gazis
1655 4806 1827 4865 Balduinum

1011 4911 1109 4966 regem
1120 4912 1171 4967 pro
1180 4896 1378 4968 redemptione
1389 4901 1506 4953 centum
1516 4898 1732 4972 quinquaginta
1741 4902 1827 4958 millia

1010 4989 1205 5045 bizanteorum
1220 4990 1255 5045 de
1268 5007 1382 5046 carcere
1406 4990 1522 5059 dimisit,
1537 4998 1564 5047 et
1582 5009 1617 5047 xc
1631 4994 1747 5051 obsides
1761 4998 1827 5053 elec·

1011 5086 1054 5138 tos
1071 5085 1105 5139 de
1121 5084 1271 5156 praecipuis
1286 5086 1530 5158 ierosolymorum
1543 5090 1571 5143 et
1598 5086 1826 5161 circumjacentis

1010 5178 1162 5248 provinciae
1182 5179 1278 5249 pueris
1294 5179 1411 5251 aceepit,
1428 5180 1668 5253 securitatemque
1687 5183 1827 5241 reddendi

1013 5287 1114 5327 emises
1128 5289 1268 5344 paganos,
1282 5290 1352 5345 quos
1374 5274 1528 5331 incarcere
1547 5273 1646 5330 fidelos
1670 5276 1825 5345 habebant,

1010 5364 1169 5436 requisivit.
1187 5366 1234 5421 llis
1251 5366 1346 5438 itaque
1366 5367 1513 5436 concessis,
1538 5384 1638 5439 regern
1654 5369 1774 5439 dimisit,
1799 5374 1827 5427 et

1010 5460 1085 5529 apud
1099 5460 1147 5515 Gis
1161 5467 1285 5515 castrum
1303 5461 1330 5515 in
1345 5462 1462 5533 regione
1469 5462 1602 5519 Cesarea
1618 5462 1739 5536 Philippi
1766 5481 1827 5521 con·

1010 5552 1108 5608 stituto
1135 5559 1268 5627 tempore
1284 5556 1464 5628 exspectavit.
1480 5557 1558 5612 Tame
1580 5556 1735 5615 Christiani
1760 5576 1825 5615 cnm

1009 5632 1091 5715 auro,
1114 5648 1190 5720 quod
1213 5665 1264 5720 pro
1295 5648 1492 5722 redemptione
1514 5649 1591 5723 regis
1611 5654 1729 5723 paetum
1751 5660 1823 5723 erat,

1008 5746 1211 5817 perrexerunt,
1228 5746 1256 5800 ct
1277 5744 1382 5803 assultu
1398 5741 1427 5804 iu
1455 5744 1572 5807 nomiae
1584 5744 1690 5807 Christi
1712 5746 1826 5811 toruae
