3750 6046
148 192 197 250 ut
829 201 992 259 ORDERtCt
1014 200 1142 257 arratis
1775 205 1828 260 tte

146 319 347 375 multitudinem
367 323 454 392 rumbis
477 325 505 378 iu
526 339 558 380 ca
575 339 670 396 patrem
691 326 814 381 lmtentis
829 333 855 383 et
872 342 961 382 rerum
971 323 1075 411 Atrion
1098 323 1334 392 collimitaneum,
1356 322 1497 395 positione
1520 339 1586 379 vero
1612 324 1665 396 toci
1685 328 1714 381 et
1738 327 1830 381 muris

145 412 358 472 abunduntiam.
374 417 465 472 Floras
478 422 568 474 autern
586 426 650 475 surrt
669 421 792 484 ecclesia,
813 422 859 476 ubi
870 438 961 477 muna·
1010 434 1042 472 ac
1052 417 1275 490 propugnaculis
1282 416 1481 473 fortissimum.
1494 417 1583 473 Helias
1592 434 1706 491 quoque
1718 419 1828 476 vicedo-

144 507 255 562 euornm
278 514 303 564 ot
326 510 491 576 amicorum,
518 514 818 585 sanctimonialiumque
837 522 900 572 eunt
920 532 960 571 ao·
1011 511 1104 566 minus
1119 527 1184 565 cum
1197 510 1321 583 compari
1334 528 1385 564 suo
1403 513 1548 585 gratanter
1564 513 1693 567 exsulem
1712 512 1827 585 regium

146 601 234 657 bertas
249 604 367 674 pudure,
386 605 435 661 ubi
449 607 540 676 fideles
560 610 658 663 (animm
679 608 859 664 indesenenter
879 611 960 666 innn-
1009 604 1140 675 suscepit,
1162 605 1270 676 illique,
1294 604 1408 677 suisque
1430 604 1617 676 complicibus
1637 604 1777 662 auritium
1798 607 1827 662 in

146 701 206 751 reni
223 697 299 766 fideti
315 700 432 755 tmoriae.
452 704 535 756 Porro
555 702 662 770 effrenis
679 703 800 759 caballus
820 706 960 773 portendit
1009 697 1141 753 omnibus
1160 697 1324 770 spopondit.
1339 698 1423 753 tiaris
1440 697 1518 752 enim
1532 701 1574 754 est
1585 697 1660 753 itlius
1674 699 1768 769 castri,
1795 704 1829 754 ut

146 790 320 848 duillelmum
343 809 431 864 renem
452 796 614 862 brentorum,
635 797 685 851 sut
703 798 781 866 cujas
805 798 960 865 defensione
1008 790 1114 846 ibidem
1134 791 1189 846 duo
1204 806 1287 863 pares
1303 790 1413 846 domini
1426 791 1493 857 sint,
1507 796 1536 847 at
1547 807 1646 847 omncs
1659 790 1766 848 ibidem
1778 793 1825 848 iu·

142 898 217 939 sacer
234 886 300 939 crdo
319 886 476 942 devotorum
491 903 582 944 secure
600 890 701 945 militat
718 893 776 959 reni
791 893 957 960 namnetorum.
1009 884 1089 956 silivi
1099 883 1298 956 suspiciantur,
1310 884 1498 957 undecunque
1510 883 1687 941 advenerint.
1700 885 1740 941 tbi
1753 885 1826 941 uod-

146 977 237 1034 Auida
251 994 312 1033 uero
328 980 472 1043 animatio,
493 997 554 1051 qua
572 984 758 1048 circumstant,
776 990 841 1039 sunt
859 987 961 1041 Fracnci
1008 977 1104 1034 bertus
1119 980 1264 1052 gregarios
1285 979 1396 1050 equites
1416 979 1540 1051 collegit,
1562 979 1660 1052 eisque
1681 984 1710 1035 et
1729 979 1828 1035 multis

143 1073 169 1124 et
185 1071 317 1137 britones,
332 1075 433 1128 iterim
449 1081 474 1128 ot
496 1076 712 1144 Andepnoenses,
734 1078 847 1149 otiaque
869 1084 958 1149 pentes
1008 1070 1162 1127 baronibus
1175 1072 1272 1127 Gallias
1284 1071 1307 1127 si
1323 1071 1377 1126 sibi
1390 1072 1535 1144 suppetias
1546 1072 1714 1128 advenerint
1733 1072 1827 1129 mutto

42 1222 47 1229 ,
141 1162 339 1228 collimitanea,
353 1182 413 1236 oua
434 1170 515 1224 nirnis
538 1171 661 1225 inuideat
678 1172 808 1237 felicitati
827 1174 958 1229 iturman-
1009 1165 1118 1237 majora
1137 1182 1226 1237 quam
1242 1165 1311 1221 dare
1325 1166 1421 1238 posset
1439 1165 1580 1237 promisit.
1601 1167 1656 1221 ttae
1675 1165 1766 1238 igitur
1780 1182 1825 1222 uc-

46 2176 49 2181 ·
137 2100 311 2170 piuritr'aque
328 2105 435 2166 emunt,
454 2109 480 2158 et
498 2107 555 2174 ipse
566 2107 672 2175 primus
688 2107 877 2162 catalecticus
897 2122 957 2178 opes

143 1257 210 1319 nim,
225 1261 250 1312 et
258 1264 368 1328 parntae
380 1267 453 1327 sunt,
468 1262 540 1317 netur
556 1263 615 1334 tupi
628 1264 665 1319 ad
678 1265 809 1334 padam,
826 1280 886 1335 opes
903 1266 958 1336 epm
1007 1259 1121 1314 cesione
1137 1258 1226 1313 multa
1246 1259 1320 1314 mata
1338 1258 1525 1332 pullularunt,
1541 1263 1570 1315 at
1588 1258 1639 1314 aru
1656 1259 1827 1332 perditionis

143 1351 271 1407 ennean-o
279 1370 288 1418 ‚·
302 1354 350 1408 sed
364 1354 501 1411 Gusrnrms
512 1359 583 1426 repas
600 1360 711 1426 pennus
729 1359 900 1428 reperiuntur
916 1362 957 1414 ip.
1006 1351 1108 1407 fraude
1120 1351 1162 1407 rol
1173 1352 1308 1407 utcontra
1320 1351 1445 1408 inermes
1458 1351 1633 1409 etinnocuos
1646 1352 1827 1424 prodierunt,

142 1444 264 1500 vincibili
281 1448 453 1513 tortitudine.
476 1451 576 1505 Verum
593 1456 736 1521 postquam
753 1455 809 1523 ipso
830 1453 957 1520 aaronem
1007 1449 1037 1500 et
1053 1445 1218 1501 innumeras
1235 1445 1401 1519 iniquitates
1421 1444 1553 1519 nequiter
1573 1446 1729 1502 machinati
1747 1451 1825 1503 suut.

138 1553 191 1607 pro
205 1540 324 1595 burnana
337 1542 498 1605 conditione,
514 1545 663 1600 Rodbutus
676 1546 749 1613 tilius
763 1547 820 1615 ejus
834 1549 859 1601 ei
872 1562 957 1602 succe·
1005 1538 1083 1594 ttulit
1098 1539 1133 1594 du
1152 1539 1205 1603 hii»
1229 1541 1277 1613 ‘tut
1300 1539 1408 1611 1)ί1011ὶοί
1433 1538 1611 1607 Videbantur·
1635 1546 1664 1595 θῑ
1687 1540 1750 1613 fedi
1772 1557 1823 1596 ⁵⁰¹¹

142 1632 187 1687 det
200 1634 231 1687 in
251 1635 355 1690 ducatu
373 1639 557 1695 Narmauniae.
577 1640 641 1693 tlon
657 1640 778 1709 aridique
796 1641 882 1695 trustes
897 1655 956 1694 eom
1007 1632 1157 1689 clientibus
1178 1633 1238 1704 ejus
1259 1632 1460 1701 adulabantur,
1481 1649 1516 1689 ex
1541 1632 1684 1706 insperato
1700 1633 1826 1690 inimicis

141 1726 360 1793 circumdabunt,
374 1734 408 1792 ci,
430 1735 516 1786 tutore
534 1731 618 1801 lapso,
633 1733 748 1789 nobilem
762 1738 788 1788 et
802 1705 995 1803 opulentomss
1007 1725 1169 1798 reipublicae
1187 1726 1401 1798 jungebantur3
1419 1743 1435 1780 a
1454 1726 1557 1798 quibus
1579 1725 1689 1797 attineo,
1705 1727 1826 1783 domini-

141 1821 275 1886 repionem
294 1823 448 1886 minabunt,
468 1823 733 1896 dispendiorumque
752 1826 959 1896 spoliationem
1009 1836 1064 1893 qua
1079 1820 1123 1875 sui
1137 1818 1345 1875 exhaereditatis
1360 1819 1565 1875 vendebantur.
1586 1820 1630 1876 Sic
1649 1819 1826 1877 Narmannia

141 1916 290 1983 contempto
307 1917 432 1986 pnnmpe
449 1917 544 1981 stulto,
566 1924 650 1973 aarum
663 1920 862 1975 Nonmnnninm
877 1922 958 1991 impin
1008 1913 1090 1985 pejus
1104 1930 1120 1968 a
1132 1913 1190 1968 suis
1209 1929 1297 1985 quam
1316 1912 1351 1968 ab
1369 1912 1493 1969 externis
1510 1913 1673 1983 vexabatur,
1690 1920 1718 1970 et
1740 1913 1827 1971 intes-

142 2007 348 2063 concutcabunt.
370 2012 444 2078 lpse,
467 2011 541 2066 uelut
564 2027 646 2066 uacca
668 2013 825 2076 lasciviens,
848 2013 959 2069 libidini
1006 2006 1066 2061 tina
1079 2008 1157 2078 ueste
1170 2004 1389 2062 demoliebatur·

1042 2102 1078 2154 ht
1103 2100 1303 2171 magnanimus
1329 2116 1378 2155 rex
1403 2098 1510 2155 validos
1537 2100 1679 2156 exercitus
1705 2103 1825 2174 provide

82 2242 86 2249 .
142 2191 271 2262 diripiet,
294 2198 453 2265 spurcisque
475 2198 634 2261 lenonibus,
658 2200 774 2270 aliisque
796 2201 957 2256 locutoribus
1006 2193 1193 2266 proeuuruvit,
1218 2193 1249 2248 iu
1276 2192 1380 2248 fluibus
1408 2192 1559 2265 uruvtuctae
1581 2193 1709 2250 huitibus
1735 2197 1826 2251 conti-

141 2284 295 2342 distribuet.
314 2289 423 2344 i'ulr'bus
439 2292 625 2361 principatum
636 2307 716 2348 snum
729 2295 860 2363 pompat,
882 2299 908 2349 er
922 2294 956 2350 ai
1007 2303 1070 2360 guae
1090 2303 1142 2359 per
1162 2287 1276 2342 castella
1294 2286 1442 2360 disposuit,
1465 2291 1561 2343 conus
1581 2304 1680 2344 omncs
1696 2288 1826 2347 adversa·

139 2378 181 2433 tris
195 2382 339 2437 ouantium
352 2384 381 2437 in
395 2386 594 2441 necnsirnttnns
613 2388 670 2442 ann
688 2389 786 2458 mmai,
806 2390 840 2443 tn
855 2388 957 2445 ananan
1006 2380 1062 2436 rios
1080 2380 1200 2436 viriliter
1214 2380 1340 2453 undique
1357 2381 1469 2449 restitit,
1491 2397 1543 2437 nac
1564 2381 1691 2456 aliquem
1715 2386 1825 2441 terram

140 2473 270 2530 nometi
291 2479 427 2541 calamita
445 2482 471 2533 et
489 2479 637 2548 effaninati
659 2481 883 2545 dominabuntur,
904 2484 955 2537 sub
1005 2490 1087 2530 suam
1107 2474 1226 2546 impune
1247 2473 1369 2547 praedari
1391 2474 1531 2546 permisit.
1547 2476 1602 2531 ttae
1625 2475 1722 2542 ctiam,
1746 2478 1825 2551 quod

139 2580 254 2635 qnorum
267 2568 451 2625 dominatione
462 2575 585 2643 nequitia
594 2578 620 2629 ot
629 2577 739 2629 miseren
747 2575 954 2643 pensabuntur,
1005 2572 1064 2622 tam
1079 2584 1170 2640 propa
1185 2567 1306 2624 limitem
1321 2584 1403 2623 suum
1419 2568 1515 2623 hostes
1528 2568 1571 2623 sui
1584 2570 1681 2625 sedem
1695 2570 1749 2626 sibi
1765 2571 1823 2626 ele-

142 2660 223 2715 Urbes
242 2666 268 2716 et
286 2663 360 2718 uilla
380 2665 584 2729 armabuntur,
606 2667 722 2723 bassilica
742 2673 898 2725 structorum
920 2675 956 2724 te·
1006 2677 1056 2734 ΕΘΓ
1058 2665 1116 2730 8111,
1131 2660 1282 2733 indignum
1298 2661 1387 2731 duffii
1402 2678 1456 2717 1¹0⁰
1467 2661 1530 2717 ⁵1⁰⁰
1544 2663 1665 2719 terribili
1678 2664 1825 2720 ⁰²l¹¹¹11¹¹t³

137 2769 209 2809 mere
235 2756 420 2812 nutabantur.
447 2758 536 2815 cutus
559 2760 682 2828 Mettum
709 2764 850 2832 neriusque
875 2779 955 2819 conns
1005 2754 1110 2810 diutius
1122 2754 1248 2827 pertulit.
1263 2754 1343 2810 Unde
1352 2760 1416 2828 post
1428 2756 1524 2811 Notata
1539 2756 1662 2825 Domini,
1677 2757 1708 2812 in
1721 2756 1820 2812 hiber·

138 2847 342 2918 disperpontnr,
374 2850 561 2924 mminnmqna
587 2854 675 2909 mnttn
699 2856 788 2911 mittin
811 2857 888 2922 repro
912 2858 955 2911 nol
1004 2847 1048 2902 nis
1071 2846 1226 2916 mensibus,
1246 2848 1362 2902 ferratas
1384 2848 1540 2920 phalanges
1564 2849 1708 2919 adunavit,
1728 2854 1758 2907 et
1771 2852 1824 2908 ini-

137 2943 247 3009 llammo
260 2945 443 3012 perimentum·
464 2961 497 3002 aa
510 2948 608 3018 quidm
626 2949 706 3003 multi
722 2951 780 3005 sine
796 2952 954 3019 penitentie
1004 2940 1091 2996 micus
1117 2940 1180 2996 dira
1207 2940 1260 2995 sibi
1281 2941 1488 2997 comminantes
1511 2942 1589 3014 apud
1613 2942 1823 3003 Gerbarracum

138 3040 163 3090 ct
182 3037 282 3091 uiatico
302 3037 439 3103 labentur,
461 3045 487 3095 et
504 3056 556 3111 pro
574 3042 693 3097 rentibus
711 3045 766 3098 anis
789 3044 826 3099 nn
846 3048 953 3099 tanturn
964 3071 991 3146 C
1004 3034 1093 3090 visere
1113 3034 1201 3103 vadit,
1226 3036 1255 3089 et
1273 3035 1333 3089 iere
1352 3034 1440 3089 tribus
1460 3035 1630 3108 septimanis
1642 3054 1708 3092 cum
1729 3037 1824 3095 valida

138 3143 209 3185 enon
226 3131 378 3186 tranuntur.
392 3134 592 3191 Enenriansnie
604 3137 776 3194 Nnmnnnin
789 3137 950 3208 semitonum
1004 3144 1093 3183 manu
1113 3131 1268 3183 castrenses
1287 3127 1434 3184 obsidione
1453 3130 1587 3185 coercuit.
1605 3130 1745 3204 l’raecipui
1767 3150 1821 3206 pu-

137 3229 162 3278 er
178 3225 330 3290 maeotim,
348 3227 501 3282 vicinarum
517 3230 618 3285 vacrin
631 3233 760 3299 penarum,
780 3231 953 3287 immoderate
1002 3222 1073 3294 giles
1097 3222 1127 3276 in
1157 3225 1274 3295 utraque
1298 3229 1378 3294 parte
1401 3221 1576 3292 militabant,
1601 3227 1630 3280 et
1652 3224 1822 3298 frequenter

138 3319 247 3380 tumuit,
259 3320 298 3373 sic
310 3319 358 3373 sub
370 3319 438 3376 duce
453 3321 554 3376 lubrico
567 3327 593 3377 et
610 3325 686 3392 senui
700 3323 870 3395 despmutilis
889 3327 951 3388 erit,

137 3415 163 3465 et
184 3411 244 3466 telis
257 3412 408 3468 uicinorum
428 3416 620 3471 miserabiliter
637 3417 738 3487 dinque
752 3418 865 3488 patebit.
884 3420 952 3473 insi-

132 3505 212 3573 piens
226 3505 402 3562 dannomine
423 3512 530 3563 tantum
546 3511 680 3581 principis
699 3512 951 3581 connominabitur3

136 3597 183 3652 sed
197 3598 360 3655 nebulonum
373 3602 413 3656 uis
427 3604 452 3656 ei
465 3602 615 3675 deditaque
627 3606 787 3675 prouincia,
807 3605 845 3660 ad
856 3605 953 3661 multo-

137 3706 199 3746 rum
210 3694 364 3762 perniciem,
379 3694 577 3752 dominabitur.
594 3718 608 3748 n

176 3797 250 3852 Visiu
266 3796 421 3864 huiusmodi
439 3815 525 3870 nuper
543 3802 611 3855 mibi
624 3801 794 3871 supplicanti
809 3804 951 3872 apparuit,

136 3891 278 3959 ipsamque
295 3891 362 3945 milri
379 3893 535 3960 spiritualis
557 3893 652 3956 induor,
677 3899 708 3947 ut
732 3897 884 3964 inpositum
902 3900 951 3958 est,

135 3983 251 4053 npnud.
279 3984 471 4039 Verumtamen
493 3985 565 4049 duc,
582 4002 643 4055 quac
663 3988 801 4041 immutent
820 3989 952 4043 Normuu-

136 4077 188 4138 nis,
204 4076 392 4131 numerabilis
404 4077 479 4140 bern,
495 4094 549 4133 nun
561 4079 673 4134 uidebis
686 4082 758 4136 uon
774 4085 835 4149 post
856 4080 952 4136 bunum

134 4169 325 4234 muressionem
341 4172 370 4224 in
385 4184 454 4239 pace
466 4173 590 4241 quiesces,
606 4178 631 4226 et
645 4188 699 4226 non
710 4174 805 4228 mariti
816 4188 949 4237 occasum,

134 4276 181 4315 nec
193 4262 279 4332 prolr's
293 4263 486 4328 infortunium,
509 4280 555 4320 nec
575 4265 668 4320 dilecti
685 4268 792 4336 cespitis
812 4267 952 4323 desolatio·

1003 3315 1084 3371 electi
1095 3315 1273 3386 surdiudiue,
1289 3315 1448 3388 peritiaque
1463 3315 1591 3382 militari,
1602 3316 1639 3372 ad
1653 3318 1821 3376 conflictum

1002 3408 1218 3464 conveniebant.
1241 3409 1309 3465 ilinc
1336 3410 1490 3465 Narmanni
1511 3415 1540 3466 et
1564 3411 1664 3484 Angli,
1691 3412 1820 3488 regiique

1003 3502 1154 3559 auxiliares
1178 3508 1207 3557 et
1229 3502 1358 3558 finitimis
1384 3502 1550 3575 regionibus
1572 3503 1676 3560 acriter
1702 3504 1816 3564 insiste-

1001 3595 1086 3666 bant3
1107 3595 1184 3651 illine
1203 3596 1319 3651 Gallici
1342 3595 1426 3651 vicini
1446 3597 1543 3652 hostes
1564 3597 1708 3655 liudberto
1728 3601 1819 3657 coha-

1002 3694 1108 3759 rentes,
1122 3690 1235 3746 turtitar
1247 3690 1426 3746 resistebant.
1441 3688 1667 3763 confligentibus
1682 3691 1738 3748 iltis
1754 3695 1818 3767 ptu-

1002 3799 1048 3838 res
1074 3783 1295 3856 dejiciebantur,
1325 3783 1477 3856 sonipedes
1503 3784 1764 3858 interficiebantur,
1793 3791 1820 3844 et

1002 3877 1091 3933 multa
1104 3876 1277 3933 carentibus
1293 3876 1401 3933 damna
1413 3877 1663 3935 coacervabantur.

1037 3975 1175 4043 Regressa
1201 3987 1269 4043 rege
1297 3972 1519 4045 Rothomagum,
1546 3973 1656 4046 providi
1685 3992 1819 4048 proceres

1001 4065 1128 4121 inierunt
1142 4066 1292 4122 consitium
1312 4066 1437 4141 qualiter
1455 4067 1636 4138 pacificarent
1657 4073 1771 4141 patrem
1792 4074 1819 4125 et

1000 4158 1104 4215 titium.
1124 4159 1167 4215 hd
1191 4160 1246 4216 hoc
1270 4159 1368 4234 itaque
1391 4160 1542 4216 consitium
1561 4162 1700 4234 nogarias
1724 4179 1818 4220 comes

1001 4252 1273 4323 scrobesburiensis,
1295 4255 1429 4327 liugada
1450 4255 1708 4327 Grentemaisnitiu,
1725 4253 1816 4332 Roge-

135 4370 195 4411 nem
208 4357 364 4426 conspicies.
1000 4347 1059 4402 rius
1071 4348 1106 4403 de
1122 4348 1295 4404 bellomonte
1308 4365 1375 4404 eum
1392 4348 1457 4404 titiis
1469 4349 1527 4403 suis
1541 4349 1684 4407 liudberto
1699 4354 1729 4407 et
1744 4354 1816 4408 Hen-

169 4442 218 4498 tlis
240 4443 336 4517 itaque
361 4444 396 4500 ab
423 4445 595 4502 anachoreta
615 4446 705 4519 dictis,
727 4449 820 4505 nuntii
845 4438 1070 4511 rovorsibrica
1092 4441 1197 4513 illique
1213 4442 1310 4514 111111188
1329 4441 1494 4512 adfuerunt,
1516 4443 1636 4515 ‘⁰8thss
1658 4444 1814 4502 dixerunt:

132 4543 209 4605 sunt,
230 4542 259 4593 et
281 4537 447 4595 vaticinium
469 4539 536 4596 lato
558 4556 623 4595 eum
638 4541 775 4598 tristibus
799 4545 949 4601 continens
998 4537 1197 4593 sublimium
1224 4540 1356 4599 uestram,
1387 4539 1560 4607 mittimini
1587 4553 1651 4602 iii»
1677 4538 1817 4595 'lumiliter

131 4632 241 4703 regines
255 4633 427 4688 retuterunt.
443 4633 578 4689 Homines
592 4650 659 4690 veru
672 4636 872 4709 subsequentis
886 4640 949 4709 oevi,
999 4630 1116 4693 adimus,
1131 4635 1156 4685 61
1168 4636 1303 4702 1111116061
1315 4636 1422 4686 ²²⁰⁸th
1436 4631 1576 4687 illidium
1594 4632 1728 4689 millitis
1750 4634 1817 4689 Otii·

132 4725 180 4797 qui
200 4726 336 4781 tieustriae
350 4730 459 4797 strages
475 4728 603 4799 perpessi
622 4734 697 4797 sunt,
717 4732 758 4785 vel
776 4730 908 4787 monodia
922 4738 950 4789 at
999 4738 1114 4779 dumus·
1128 4726 1216 4780 Pissv⁰
1231 4739 1419 4796 perversurum
1434 4727 1540 4780 1110111111
1553 4726 1690 4795 iuvenum
1701 4728 1817 4785 11θᾶ101·

131 4822 235 4875 caetera
252 4819 425 4875 detrimenta
444 4827 606 4892 senserunt,
625 4823 752 4878 cladibus
769 4825 825 4880 suis
839 4831 868 4882 et
881 4826 947 4882 hur·
1000 4823 1044 4873 1118
1054 4818 1164 4888 intimi
1175 4818 1246 4874 miti
1263 4818 1390 4889 (1908111113
1412 4822 1462 4882 0⁸⁸>
1486 4825 1512 4874 ei
1532 4820 1595 4875 indi
1616 4821 1711 4876 militi
1724 4822 1817 4892 11196713

132 4911 230 4967 randis
242 4912 407 4968 infortuniis
417 4913 573 4970 veridicum
585 4920 680 4971 vatam
690 4917 826 4973 veraciter
839 4919 949 4992 experti
998 4910 1141 4967 &titutum
1157 4917 1183 4967 ei
1200 4912 1391 4968 detrimentum
1408 4918 1531 4969 emortum
1548 4918 1597 4968 isi·
1616 4914 1700 4970 litum
1720 4918 1818 4971 multi

134 5004 211 5056 sunt.
998 5008 1041 5061 sui
1055 5007 1179 5076 penitet,
1195 5006 1242 5061 sed
1260 5007 1312 5060 truc
1331 5008 1390 5062 sinc
1410 5012 1496 5062 uestro
1512 5008 1594 5077 iussu
1617 5008 1742 5065 amedera
1763 5025 1817 5065 nuri

170 5089 298 5160 lienique
318 5090 506 5163 liudbertum,
521 5096 584 5165 post
602 5094 706 5150 multas
723 5099 752 5152 et
765 5097 878 5154 inutiles
893 5098 947 5154 air·
999 5099 1090 5155 nudet.
1110 5100 1232 5155 Vestram
1250 5101 1428 5168 clementiam,
1442 5107 1472 5156 ut
1492 5103 1644 5157 miserearis
1660 5103 1694 5165 ei,
1715 5102 1819 5175 suppli·

132 5181 312 5251 onmitiones,
338 5184 519 5241 hebetudinis
537 5205 597 5244 suae
617 5189 765 5260 poenituit3
788 5191 838 5247 sed
861 5192 949 5249 libere
998 5195 1066 5248 citer
1085 5199 1191 5256 ramat,
1206 5197 1232 5248 et
1249 5209 1300 5265 per
1320 5209 1378 5261 nos,
1398 5210 1464 5265 quos
1486 5195 1536 5249 tibi
1554 5194 1646 5264 fideles
1666 5199 1752 5260 nouit,
1772 5197 1818 5252 tuo

133 5274 169 5330 ad
190 5275 294 5332 iratum
314 5282 424 5349 patrem
441 5296 529 5351 quam
549 5285 679 5353 prolerre
696 5284 852 5358 reliquerat
868 5303 950 5359 repe·
998 5289 1143 5359 impetrare
1158 5291 1255 5343 tentat.
1268 5290 1338 5344 Reus
1355 5293 1404 5352 est,
1421 5294 1446 5343 et
1464 5291 1494 5342 in
1511 5289 1603 5345 multis
1616 5292 1759 5359 pascariis
1772 5290 1819 5348 sed

132 5369 199 5425 dare
221 5370 359 5443 nequivit.
377 5371 458 5430 Unde
474 5374 510 5429 ad
529 5375 692 5450 Philippum
712 5394 811 5451 regem
832 5380 949 5435 Franco
994 5382 1107 5453 penita
1132 5396 1206 5444 eum,
1234 5386 1259 5436 et
1283 5381 1409 5436 iduum
1431 5381 1643 5437 emendationem
1666 5385 1815 5455 promittit.

132 5479 209 5535 rum,
236 5465 438 5522 consobrinum
465 5468 572 5526 scilicet
587 5487 680 5540 suum,
706 5471 835 5541 divertit;
860 5478 889 5530 et
912 5474 948 5530 ab
998 5474 1095 5531 Omnes
1118 5476 1205 5544 ipitau
1224 5490 1273 5532 nos
1292 5480 1412 5531 nese-am
1432 5490 1577 5531 rueramus
1595 5475 1768 5534 clementium
1787 5483 1817 5534 ut

133 5572 167 5613 eo
195 5558 403 5617 adminiculum
429 5561 481 5617 sibi
505 5562 608 5621 obnixe
633 5566 770 5638 poposcit.
790 5566 879 5633 Quem
902 5568 949 5625 ille
997 5569 1233 5641 mpplicantittliu
1246 5569 1391 5626 encratitis
1399 5568 1593 5643 piscandancs
1607 5568 1816 5642 indulemtium.

131 5653 265 5724 suscepit,
280 5658 308 5710 et
328 5653 358 5709 in
378 5658 504 5711 cestrum
523 5656 728 5715 Gerberreoum
747 5658 860 5717 direxit.
876 5661 949 5718 titud
997 5662 1153 5719 Dmiantem
1178 5664 1338 5735 procopium
1364 5664 1478 5733 corripe,
1509 5654 1667 5731 rcatcnntens
1695 5665 1817 5739 maius,

125 5745 239 5815 usurpa
247 5749 374 5805 castrum
383 5749 499 5825 inpage
511 5751 671 5809 tielvacensi
680 5753 769 5813 sitnm
777 5757 856 5813 estut
864 5755 949 5815 Naus-
996 5759 1139 5835 penitenti
1163 5757 1313 5833 bmmniter
1334 5772 1426 5833 parce.
1452 5757 1505 5813 Pro
1530 5756 1597 5819 titiis
1619 5758 1651 5817 st
1671 5756 1818 5830 minsas,

1518 5892 1537 6010 1
