3750 6046
36 191 109 251 loos
546 195 717 254 EPISTOLAE
737 197 781 253 ET
797 194 1001 253 Parrhasia.
1017 224 1050 236 ·-
1064 195 1118 251 ΑΝ.
1140 191 1218 250 libi.
1487 248 1491 255 ,
1652 195 1720 251 roca

73 320 135 391 Ego
156 321 279 377 loannes
303 319 438 375 diaconus
461 318 614 377 cardinalis
637 321 687 378 SS.
713 321 805 393 Sergii
830 325 858 376 et
867 342 896 415 Α
945 323 1002 392 Ego
1018 321 1047 376 B.
1064 318 1213 391 presbyter
1227 317 1378 374 cardinalis
1388 317 1432 374 tit.
1449 316 1476 374 S.
1490 316 1600 374 calixti.

35 413 150 470 Bacchi.
452 438 457 453 ¹
942 415 1032 470 Gnido
1053 414 1202 485 presbyter
1223 412 1374 468 cardinalis
1395 411 1471 467 tituli
1489 414 1517 468 S.
1533 413 1720 484 Chrysogoni.

73 511 178 564 batum
193 508 335 577 Laterani,
352 525 404 580 per
416 525 533 564 manum
548 510 666 566 Rolaudi
680 514 783 565 sanctae
799 511 855 565 lto·
941 507 1097 566 Umbaldus
1115 507 1262 579 presbyter
1278 506 1427 562 cardinatis
1445 506 1560 562 titulis.
1578 507 1721 563 praxedis.

33 619 133 658 manae
152 604 282 658 Ecclesiae
300 604 461 676 presbyteri
476 604 628 659 cardinalis
643 611 671 660 el
686 603 855 673 cancellarii,
941 602 1097 659 aubericus
1119 600 1268 674 presbyter
1288 600 1436 657 cardinalis
1457 600 1533 656 tituli
1552 602 1580 657 S.
1603 604 1723 657 Anasta·

34 713 85 753 vur
113 697 232 752 ltalend.
256 697 329 763 binii,
353 697 451 753 indict.
476 715 505 765 ιι,
528 698 732 753 iucarnationis
757 698 855 754 Domi·
907 695 966 752 sia.

34 791 110 847 nicae
127 807 203 846 anno
224 791 302 858 1151,
319 791 498 863 pontificatus
517 809 583 847 vero
601 792 699 847 domni
717 792 856 847 anastasii
940 791 1030 846 tulius
1043 789 1190 862 presbyter
1202 789 1353 844 cardinalis
1364 789 1439 844 tituli
1453 791 1481 845 S.
1496 789 1628 845 Marcelli.

34 900 120 958 papae
132 886 177 954 1v,
193 901 267 940 anno
280 885 383 956 primo.
942 886 1081 940 lordanus
1096 883 1243 955 presbyter
1260 882 1412 938 cardinalis
1429 883 1505 938 tituli
1523 885 1570 939 SS.
1586 885 1723 940 Susanna

406 979 491 1034 Llilll.
907 977 1109 1035 etl'elicitatis.

35 1073 120 1131 aetla
133 1073 226 1128 Ataeo
245 1075 364 1144 episeopo
379 1073 608 1128 antissiodorensi
628 1074 705 1129 data.
722 1103 757 1114 -
771 1076 820 1129 lus
833 1075 859 1129 et
943 1073 1003 1144 Ego
1025 1073 1056 1126 B.
1079 1071 1226 1142 presbyter
1248 1070 1399 1127 cardinalis
1418 1071 1461 1127 tit.
1483 1073 1510 1127 S.
1531 1069 1666 1142 Stephani
1687 1070 1723 1126 de

183 1157 324 1223 confimat
342 1155 372 1208 in
390 1154 513 1208 abbatem
529 1156 558 1211 S.
579 1156 714 1211 Germani.
907 1165 1100 1221 nontamen&

287 1242 440 1312 (1111613111,
455 1241 541 1312 April·
557 1244 612 1313 251
943 1260 1087 1314 lohannes
1100 1259 1247 1332 presbyter
1262 1259 1341 1315 card.
1355 1262 1383 1316 S.
1396 1260 1531 1315 lobannis
1544 1262 1573 1314 et
1586 1257 1664 1313 Pauli
1679 1258 1724 1313 tit.
1830 1298 1837 1307 .

251 1335 334 1406 [Gall.
362 1335 476 1403 Christ,
505 1335 560 1402 llll,
589 1337 661 1407 tta]
908 1353 1060 1408 pamachii,

75 1445 243 1499 dursrssros
263 1442 421 1513 episcopus,
440 1459 538 1497 servus
560 1459 704 1497 servornm
728 1442 789 1510 liei,
810 1459 856 1497 ve·
942 1446 1088 1503 lohannes
1109 1446 1259 1518 presbyter
1279 1448 1356 1503 card.
1380 1447 1455 1503 tituli
1476 1449 1522 1503 SS.
1544 1444 1675 1518 Sylvestri
1697 1448 1725 1501 et

35 1536 162 1592 nerabili
176 1535 257 1591 fratri
269 1539 364 1591 Arane
379 1535 619 1591 autissiodorensi
634 1537 767 1609 episcopo
782 1536 856 1606 ejus·
908 1541 1032 1595 ltartiui.

35 1647 97 1703 que
117 1630 328 1685 successoribus
343 1629 478 1685 canonice
492 1630 697 1686 substituendis
711 1630 742 1685 in
755 1646 857 1701 perpe·
944 1636 1053 1690 lmarus
1067 1635 1240 1690 Tusculanus
1253 1634 1412 1706 episcopus.

35 1727 134 1780 tuum.
869 1731 898 1803 Β
945 1729 1025 1800 liuga
1038 1728 1177 1784 Ostiensis
1192 1729 1351 1800 episcopus.

74 1819 173 1882 Ossaea
188 1817 442 1890 praedecessoribus
462 1819 567 1874 nostris
588 1834 640 1889 per
656 1818 794 1889 judicium
815 1819 859 1874 vel
945 1822 1062 1878 Gensius
1075 1822 1237 1879 Portuensis
1249 1823 1408 1894 episcopus.

36 1913 224 1968 concordiem
246 1918 310 1968 acta
333 1929 395 1968 esse
418 1917 582 1979 noscuntur,
606 1913 635 1967 in
658 1929 708 1967 sua
729 1913 860 1968 volumus
945 1916 1097 1988 Gregorius
1122 1917 1257 1973 diaconus
1284 1917 1436 1972 cardinalis
1461 1920 1489 1972 et
1515 1917 1619 1973 electus
1646 1915 1724 1973 Sabi-

36 2006 193 2062 stabilitate
217 2007 378 2078 persistere,
405 2010 435 2061 ut
461 2007 648 2077 imposterum
674 2006 763 2063 robur
786 2006 858 2063 obti·
909 2011 1015 2067 nensis.

36 2104 129 2155 neant
154 2100 377 2155 confirmationis
400 2106 507 2155 nostrae
533 2100 694 2156 munimine
716 2102 858 2158 roborari.
947 2104 1114 2176 Rodulphus
1134 2103 1285 2159 cardinalis
1309 2105 1382 2160 tituli
1404 2105 1495 2162 Lucia
1517 2106 1546 2161 iu
1567 2107 1655 2177 Septa
1678 2121 1724 2161 so·

37 2195 210 2266 Eapropter‚
232 2194 333 2249 dilecte
356 2195 384 2248 in
407 2195 521 2249 domino
543 2195 583 2249 tlli
604 2195 693 2251 blane
716 2196 858 2269 episcope,
910 2198 954 2254 lis.

36 2290 98 2345 tuis
105 2290 189 2360 justis
199 2288 380 2360 petitionibus
390 2294 502 2359 gratum
514 2290 759 2345 accommodantes
769 2308 861 2346 assen-
946 2292 1036 2348 Guido
1051 2292 1186 2349 diaconus
1199 2292 1275 2347 card.
1290 2294 1317 2349 S.
1331 2292 1425 2348 itariae
1441 2293 1470 2348 in
1483 2294 1604 2351 Portica.

38 2400 118 2453 sum,
132 2382 313 2439 concordiam
333 2399 419 2454 quam
436 2383 631 2453 prodecessor
647 2387 861 2440 nostersanctae
944 2388 1068 2442 loannes
1090 2387 1227 2442 diaconus
1252 2386 1406 2441 cardinalis
1428 2388 1473 2443 SS.
1499 2390 1591 2460 Sergii
1613 2396 1641 2448 ct
1663 2394 1727 2450 Eac-

37 2477 193 2534 memorire
215 2493 287 2549 papa
308 2477 462 2547 Eugenius‚
483 2493 568 2547 super
588 2479 862 2550 controversiaque
911 2480 968 2535 chi.

41 2571 210 2643 agitabatur
230 2569 267 2624 de
287 2571 460 2625 monasterio
476 2573 505 2626 Β.
521 2571 655 2626 Germani
671 2571 746 2626 inter
763 2575 859 2644 liugo·
946 2573 1024 2629 Oddo
1038 2573 1172 2628 diaconus
1186 2575 1213 2628 S.
1229 2573 1333 2629 Nicolai
1348 2574 1376 2628 in
1392 2577 1511 2630 Carcere
1524 2577 1664 2636 Tulliano.

38 2681 110 2721 nem
125 2665 208 2719 bouae
221 2665 369 2718 memoriae
380 2664 619 2735 predecessorem
635 2670 716 2720 tuum
730 2669 759 2720 et
772 2666 860 2721 dilec-
947 2668 1049 2721 Datum
1076 2667 1207 2721 Laterani
1234 2683 1284 2739 per
1308 2683 1426 2723 manum
1450 2670 1568 2726 Rolandi
1594 2673 1728 2732 Romanae

37 2763 104 2815 turn
119 2758 209 2813 lilium
223 2764 354 2813 uestrum
369 2759 483 2812 Petrum
498 2759 714 2814 Cluniaceusem
727 2759 860 2815 abbatem
911 2760 1036 2817 ecclesiae
1052 2759 1209 2832 presbyteri
1224 2760 1375 2816 cardinalis
1392 2766 1422 2816 et
1434 2765 1607 2837 cancellarii,
1624 2784 1658 2822 vu
1671 2769 1728 2824 lla-

39 2859 71 2910 et
98 2853 254 2908 monachos
278 2852 371 2908 Sancti
394 2852 525 2906 Germani
550 2853 649 2907 fecisse
675 2853 860 2924 dignoscitur,
911 2854 989 2909 lend.
1014 2853 1086 2918 blaii,
1108 2852 1265 2909 indictione
1292 2871 1321 2921 ιι,
1344 2855 1548 2913 lucarnationis
1572 2861 1729 2919 Dominicre

39 2963 96 3004 uos
114 2947 176 3017 ejus
192 2946 317 3017 vestigiis
334 2947 502 3001 inherentes
521 2947 683 3017 apostolicae
704 2947 777 3001 sedis
795 2963 859 3002 auc·
912 2964 989 3003 anno
1013 2948 1090 3013 1151,
1112 2947 1292 3019 pontificatus
1314 2965 1381 3005 vero
1403 2949 1513 3007 domini
1534 2955 1673 3011 anastasii
1697 2957 1729 3011 tv

40 3042 159 3097 toritate
181 3040 340 3110 firmamus,
363 3040 562 3112 praecipientes
588 3046 619 3094 ut
643 3041 672 3095 in
697 3041 809 3095 abbatia
832 3044 860 3096 S.
912 3058 993 3115 papae
1006 3058 1082 3097 anno
1097 3043 1200 3113 primo.

40 3135 178 3191 Germani
199 3136 259 3189 sine
281 3134 476 3191 cluniacensis
501 3134 612 3189 abbatis
635 3134 751 3189 consilio
775 3106 900 3189 abbasC
1283 3138 1356 3193 Lllll.

40 3230 208 3286 nullatenus
229 3229 369 3300 eligatur3
391 3229 510 3284 electum
534 3244 600 3282 vero
622 3229 798 3299 approbandi
819 3230 861 3283 vel
911 3231 1037 3288 Ecclesia
1049 3231 1257 3300 aardiaateesis
1273 3233 1419 3302 pmutlepiu
1435 3240 1461 3289 et
1476 3239 1653 3305 possessiones
1666 3255 1730 3295 cau·

42 3322 215 3394 reprobandi
230 3324 376 3391 canonice,
393 3326 421 3376 et
433 3323 455 3377 si
471 3321 575 3394 dignus
590 3322 716 3377 fueritin
730 3322 862 3378 abbatem
1270 3315 1371 3381 Ermai-

41 3416 241 3485 benedicendi,
258 3421 318 3472 tam
339 3423 370 3472 tu
385 3433 471 3487 quam
486 3431 658 3471 successores
678 3415 719 3470 tui
735 3415 862 3471 habeatis
1158 3406 1309 3473 (Laterani,
1324 3406 1483 3479 ’11111151

41 3510 164 3567 liberam
180 3511 361 3576 facultatem3
376 3509 544 3565 benedictus
559 3515 654 3565 autem
667 3509 862 3565 obedientiam
1105 3498 1209 3571 ifflbsb
1235 3499 1348 3561 Officii-2
1372 3501 1438 3567 xxi,
1466 3501 1539 3571 783·]

42 3604 178 3677 episcopo
193 3603 432 3660 antissiodorensi
450 3605 608 3675 promittat.
628 3604 768 3676 Depositio
789 3620 861 3675 quo·
948 3610 1115 3662 antestatus
1129 3606 1288 3677 episcopus,
1304 3623 1401 3662 servus
1413 3622 1559 3662 servorum
1574 3608 1634 3677 liei,
1648 3625 1733 3666 vene-

42 3715 101 3772 qne
115 3699 212 3769 ipsius,
226 3698 248 3753 si
264 3698 336 3766 talis,
351 3699 426 3770 quod
440 3698 522 3766 absit,
533 3698 701 3770 apparuerit
709 3696 862 3768 judiciario
912 3699 1050 3756 rabilibus
1064 3699 1200 3755 fratribus
1214 3699 1354 3756 Gausnroo
1369 3700 1574 3772 burdegalensi
1589 3703 1730 3775 archiepi-

43 3793 146 3849 ordine
160 3792 302 3859 facienda,
314 3797 343 3846 et
358 3799 416 3847 tam
430 3792 542 3847 abbatis
556 3808 642 3863 quam
658 3790 862 3847 monachorum
913 3811 1007 3865 scopo,
1033 3793 1152 3865 ejusque
1178 3792 1364 3863 suffraganeis
1392 3793 1530 3865 episcopis
1557 3798 1732 3868 agennensi,

43 3886 180 3944 canonica
207 3886 344 3941 correctio
372 3886 408 3941 ad
430 3891 458 3942 te
486 3886 674 3942 nihilominus
698 3886 861 3957 pertinebit.
913 3887 1129 3959 Engolismeusi,
1154 3887 1338 3953 Xantonensi‚
1362 3887 1540 3955 Pictaviensi,
1567 3891 1731 3962 Petragori-

44 3980 187 4048 chrisma,
207 3981 303 4034 oleum
325 3983 464 4048 sanctum,
485 3981 711 4036 consecrationes
729 3979 862 4036 altarium
913 3982 1002 4051 censi,
1022 3985 1051 4038 et
1069 3981 1207 4037 universis
1226 3981 1376 4037 abbatibus
1398 3998 1449 4054 per
1471 3983 1598 4039 eamdem
1619 3984 1733 4055 provin·

43 4075 91 4131 vel
104 4073 296 4142 basilicarum,
313 4073 508 4129 ordinationes
522 4074 729 4130 monachorum
745 4075 788 4129 vel
805 4075 862 4130 cle·
913 4077 987 4133 ciam
1007 4075 1166 4132 constitutis
1185 4081 1245 4132 tam
1266 4076 1455 4148 presentibus
1475 4093 1561 4149 quarn
1579 4078 1684 4135 tuturis
1703 4079 1733 4136 iu

43 4170 181 4235 nieorum,
197 4170 247 4240 qui
260 4168 293 4223 ad
311 4184 403 4223 sacros
417 4168 531 4223 ordines
545 4168 653 4223 luerint
665 4169 862 4241 promovendi,
912 4174 1094 4244 perpetuum.

45 4262 134 4318 abbas
155 4268 184 4316 et
205 4262 337 4317 monaehi
359 4265 385 4317 S.
410 4262 543 4318 Germani
565 4262 600 4317 ab
624 4261 864 4318 antissiodorensi
950 4265 1065 4330 Quoties
1086 4264 1184 4333 aliqua
1207 4265 1391 4321 ecclesiarum
1415 4266 1623 4322 conditionibus
1647 4285 1732 4323 sacu-

45 4357 182 4428 episcopo
203 4363 352 4428 tamquam
379 4374 395 4409 a
419 4357 578 4412 dicecesarro
599 4356 750 4428 accipiant,
773 4356 864 4412 donec
914 4359 990 4414 rium
1011 4359 1135 4413 virorum
1159 4375 1212 4430 per
1230 4359 1433 4415 catholicorum
1454 4360 1617 4432 principum
1640 4363 1732 4433 provi·

46 4451 169 4522 gratiam
186 4450 345 4521 apostolica
365 4450 439 4505 sedis
458 4451 621 4506 habuerint.
641 4452 784 4506 Praeterea
803 4466 862 4506 me·
873 4480 903 4553 D
915 4452 1023 4508 sionem
1037 4451 1173 4507 eximitur
1186 4455 1215 4507 et
1227 4458 1310 4523 grata
1324 4453 1350 4509 ci
1362 4453 1526 4509 conceditur
1541 4454 1671 4511 libertate
1685 4473 1733 4528 po

44 4544 153 4600 morati
172 4543 389 4615 praedecessoris
408 4544 496 4598 nostri
518 4560 597 4615 papae
618 4544 739 4615 Eugenii
761 4546 865 4599 statuta
915 4546 972 4613 tiri,
985 4549 1092 4600 sancte
1108 4546 1247 4601 Romanae
1266 4546 1396 4602 Ecclesia
1412 4545 1610 4603 universorum
1628 4549 1732 4606 Christi

45 4644 210 4710 sequentes,
234 4637 380 4708 praesentis
401 4637 498 4708 scripti
521 4638 629 4710 pagina
649 4638 863 4708 confirmamus,
915 4639 1043 4694 fidelium
1065 4639 1149 4694 matri
1167 4639 1376 4711 providendum
1398 4639 1532 4696 imminet
1550 4642 1686 4698 attentius
1704 4646 1734 4699 el

44 4749 85 4790 ne
101 4732 179 4805 quod
189 4749 203 4785 a
214 4732 333 4804 praelato
347 4731 523 4788 cluniacensi
537 4732 639 4788 abbate
653 4732 689 4787 de
700 4732 866 4787 investitura
915 4733 1059 4804 agendum
1071 4737 1212 4807 quatenus
1225 4734 1299 4806 quod
1312 4733 1349 4789 ad
1360 4735 1500 4790 honorem
1513 4735 1562 4791 Dei
1573 4741 1601 4790 et
1612 4738 1732 4792 salutem

45 4842 101 4900 per
123 4826 256 4881 baculum
279 4826 332 4897 ipsi
356 4825 453 4880 abbati
476 4826 503 4880 S.
527 4826 659 4881 Germani
681 4827 788 4882 lactum
811 4831 864 4895 est,
916 4828 1045 4884 Ecclesiae
1059 4845 1118 4884 suae
1131 4829 1238 4883 tactam
1254 4843 1314 4883 esse
1327 4828 1512 4901 dignoscitur,
1527 4830 1620 4887 taliter
1634 4834 1731 4887 aucto·

47 4920 98 4975 tibi
119 4920 162 4974 vel
179 4918 305 4974 ecclesiae
329 4922 384 4974 tuae
403 4919 590 4990 imposterum
611 4920 809 4991 praejudicium
828 4921 866 4975 la·
915 4922 1000 4977 ritate
1022 4921 1173 4994 apostolica
1196 4922 1348 4978 roboretur
1366 4928 1398 4978 ut
1416 4940 1472 4978 uon
1495 4924 1596 4979 debeat
1614 4925 1735 4981 Ecclesia

46 5014 113 5080 ciat,
128 5014 172 5068 vel
187 5012 303 5084 aliquod
318 5013 422 5067 inferat
439 5013 654 5082 detrimentum,
670 5018 749 5072 etue
764 5016 800 5070 de
815 5031 867 5070 cae·
916 5015 978 5085 Dei,
992 5033 1057 5088 quoe
1070 5016 1196 5071 libertati
1210 5016 1321 5072 reddita
1335 5016 1491 5085 videbatur,
1506 5034 1559 5089 per
1572 5018 1734 5091 aliquorum

47 5114 110 5162 tero
130 5106 219 5162 abbas
236 5107 263 5161 S.
279 5106 413 5162 Germani
435 5108 641 5163 aCluniacensi
656 5108 754 5164 abbate
774 5108 865 5164 inves-
916 5109 1054 5164 malitiam
1075 5109 1207 5165 recidivis
1227 5109 1323 5164 denuo
1344 5109 1552 5166 condiionibus
1573 5115 1733 5186 aggravari.

48 5201 166 5257 lituram
183 5217 236 5272 per
250 5201 381 5256 baculum
400 5200 535 5273 suscipiat
548 5202 741 5273 probibemus.
756 5203 783 5259 si
803 5204 867 5275 quis
917 5202 1167 5269 eremadmodum
1184 5204 1261 5258 enim
1276 5203 1415 5259 catholica
1430 5209 1521 5260 mater
1533 5206 1665 5278 Ecclesia,
1679 5215 1734 5266 etc.

47 5303 146 5351 autem
162 5295 247 5365 hujus
264 5300 367 5351 nostrae
381 5295 607 5350 confirmationis
626 5296 759 5367 paginam
775 5297 867 5353 sciens
917 5315 970 5354 nos
997 5298 1236 5370 predecessorum
1266 5300 1429 5353 nostrorum
1460 5297 1549 5353 felicis
1575 5302 1734 5374 memoria,

47 5392 148 5445 contra
172 5405 235 5444 eam
258 5395 366 5444 temere
393 5389 489 5444 venire
511 5388 672 5457 tentaverit,
697 5389 815 5446 honoris
840 5397 868 5446 et
916 5393 1076 5449 innocentii
1095 5390 1238 5460 videlicet,
1252 5391 1330 5447 Lucii
1354 5396 1383 5446 et
1400 5392 1520 5463 Eugenii
1538 5394 1735 5452 Romanorum

48 5484 136 5539 otilcii
156 5483 201 5537 sui
221 5484 378 5554 periculum
398 5484 531 5554 patiatur,
548 5489 598 5539 aut
616 5488 742 5538 extrema
761 5484 867 5540 ultione
917 5487 1087 5558 pontificum
1101 5485 1225 5557 vestigiis
1238 5485 1422 5555 inherentes,
1434 5487 1522 5541 nostri
1533 5488 1636 5544 favoris
1648 5506 1737 5545 asser-

48 5578 200 5649 pleetatur‚
221 5576 276 5631 nisi
298 5577 551 5649 presumptionem
573 5593 654 5633 suam
676 5575 766 5648 digna
785 5577 866 5634 satis·
917 5580 997 5635 hone
1020 5579 1178 5647 firmamus,
1202 5585 1231 5634 et
1253 5584 1343 5635 ratam
1366 5584 1395 5636 et
1418 5579 1610 5636 inconvulsam
1632 5583 1741 5636 tutaris

48 5670 176 5728 tectione
189 5670 352 5725 correxerit.
918 5673 1100 5748 tenporibus
1114 5673 1265 5730 observari
1279 5671 1775 5746 precipiens.usvsaeusaxsxa

86 5766 147 5831 Ego
157 5764 318 5819 anasmsius
331 5764 478 5820 catholicae
489 5766 624 5824 Ecclesia
638 5767 802 5844 episeopus.
924 5771 958 5832 iu
976 5770 1198 5847 burdegalensi
1219 5769 1294 5827 sede
1313 5783 1411 5841 auara
1427 5764 1469 5818 'ru
1487 5762 1558 5815 saihs
1578 5747 1806 5823 chfflSffi*

193 5859 320 5926 Parnor
361 5848 577 5935 camvill.
1631 5846 1686 5901 Ἃ
