3750 6046
572 139 741 195 Eristoluh
759 141 801 196 ΕΤ
821 140 1021 196 rlthlhhulh.
1042 169 1076 179 -
1095 140 1150 195 AN.
1172 140 1248 194 lita.
1682 138 1748 194 lats

61 244 246 318 necessitatis
268 268 405 335 tempore,
421 280 488 320 eum
511 266 595 335 forte,
612 267 696 322 modo
719 267 814 338 aliqua
838 284 886 322 ne·
899 280 928 353 A
943 266 1024 321 sione
1038 266 1214 338 pontificum,
1230 264 1383 336 largitione
1399 278 1502 336 regum
1515 263 1558 319 vel
1580 263 1754 337 principum,

65 357 184 412 cessitas
215 374 271 412 non
305 357 465 427 immineat,
493 360 611 415 discrete
643 378 676 414 ao
703 360 888 416 laudabiliter
938 360 1080 415 oblatione
1093 360 1231 427 tldclium,
1246 376 1296 415 seu
1310 359 1371 413 aliis
1383 358 1581 430 justismodis,
1599 362 1754 429 praestante

68 449 244 522 disposueris
258 451 427 523 adimplere.
937 454 1068 523 Domino,
1087 453 1190 525 poterit
1201 453 1327 525 adipisci,
1345 454 1428 507 firma
1442 453 1492 507 tibi
1508 453 1619 523 tuisque
1636 470 1749 508 succos·

106 545 225 599 litteras
253 551 368 618 antem,
397 548 426 602 iu
452 549 554 619 ‹pribns
579 565 702 622 regnum
728 555 809 605 tuuni
835 549 887 604 sub
937 549 1083 603 soribuset
1092 548 1196 603 illibata
1205 550 1398 620 pcrnmueant.
1407 547 1603 603 immunitates
1612 551 1753 618 praeterea

67 638 144 693 beati
166 639 242 695 l'etri
263 647 291 695 et
316 645 411 696 nostra
434 642 608 713 protectione
632 645 816 716 suscepimus,
841 644 886 699 bis
938 648 966 697 et
988 642 1136 709 terminos,
1160 641 1293 695 videlicet
1314 641 1349 695 ab
1375 640 1453 697 attia
1475 641 1593 696 humine
1615 642 1752 697 deorsum
1817 714 1824 719 -

68 733 119 805 qui
135 750 255 805 regnum
271 735 363 806 ipsum
380 752 469 808 usque
488 736 524 790 ad
540 737 663 791 reditum
680 744 761 793 tuum
782 755 887 810 praesu·
937 752 1026 808 usque
1047 736 1083 790 ad
1099 752 1179 790 mare
1192 735 1345 803 Oceanum,
1361 739 1390 789 et
1403 751 1515 791 sursum
1526 752 1577 806 per
1590 736 1752 793 suavorum

69 832 185 882 merent
198 827 458 899 impugnare.iram
473 832 502 884 et
516 830 744 902 indignationem
756 832 887 904 apostoli·
936 829 1111 902 provinciam
1139 845 1228 900 nsque
1253 829 1287 883 od
1309 829 1427 883 llurinm
1457 831 1543 898 Pane,
1567 833 1595 882 et
1616 845 1667 900 per
1689 828 1751 899 ejus

68 937 136 976 cam
158 928 359 993 proponentes,
371 923 528 978 secundum
543 925 708 995 petitionem
725 926 812 997 regiae
825 926 886 997 dig·
936 926 1086 979 decursum
1100 924 1237 994 usquead
1252 939 1330 977 mare
1342 923 1490 977 orientale.
1504 922 1623 978 Paludes
1636 939 1752 994 quoque

68 1015 165 1069 nitatis
183 1021 214 1071 ut
231 1016 268 1071 ad
290 1032 416 1088 praesens
442 1018 574 1071 dnxinnrs
597 1019 805 1075 concedendas.
830 1022 886 1074 Nos
937 1018 1025 1072 cultas
1038 1021 1067 1072 et
1086 1018 1205 1072 incultas
1227 1017 1299 1071 infra
1322 1016 1381 1070 sive
1399 1016 1484 1087 Juxta
1503 1015 1614 1071 Albium
1636 1016 1751 1087 positas,

69 1109 158 1179 enim,
174 1115 201 1163 tc
217 1110 303 1164 etiam
318 1111 463 1179 reticente,
481 1115 509 1166 et
523 1128 538 1164 a
552 1113 634 1166 nobis
650 1113 812 1167 nullatenus
827 1114 887 1168 exi·
937 1112 1101 1167 sicutbuure
1112 1111 1260 1167 memoriae
1274 1109 1752 1181 bodonicusqtrondamimperator

70 1208 165 1274 gente,
194 1220 245 1274 pro
271 1204 348 1258 illins
371 1204 482 1259 fervore
507 1206 676 1277 dilectionis,
699 1224 785 1277 quam
815 1224 885 1278 erga
937 1206 1165 1277 llumaburgensi
1181 1204 1312 1260 Ecclesia
1325 1203 1534 1259 rationabiliter
1550 1203 1636 1268 dedit,
1651 1209 1679 1258 ct
1690 1205 1751 1275 ipsa

69 1302 148 1351 tuam
168 1296 373 1352 sublimitatem
392 1298 538 1366 babemus,
555 1299 696 1372 quidquid
713 1301 832 1356 honoris
856 1304 886 1356 et
937 1299 1058 1353 Ecclesia
1069 1298 1203 1370 possidet,
1217 1297 1382 1354 auctoritate
1397 1298 1548 1370 apostolica
1563 1297 1751 1353 nihilomiuus

70 1390 249 1445 exaltationis
268 1391 319 1445 tibi
339 1396 368 1446 ct
387 1408 477 1462 regno
498 1396 548 1447 tuo
571 1393 706 1449 exhibere
728 1411 884 1466 possemus,
934 1393 1147 1448 confirmamus.

68 1489 204 1555 prompto
232 1484 329 1539 animo
357 1502 521 1541 curaremus
553 1487 667 1541 efficere
698 1494 726 1543 et
752 1487 885 1559 operibus
971 1486 1154 1541 Decernimus
1170 1503 1250 1558 ergo,
1267 1490 1319 1541 etc.

68 1577 236 1649 adimplere.
253 1581 325 1634 Sane
339 1579 469 1634 discretio
483 1585 531 1634 tua
545 1584 574 1634 et
586 1587 712 1636 nostram
735 1582 885 1639 dissuasio·
972 1581 1073 1634 llatrrrn
1086 1579 1231 1633 lateranis
1246 1596 1298 1650 per
1312 1595 1430 1633 manum
1447 1579 1576 1647 Rolarrdi,
1591 1577 1750 1650 presbyteri

68 1688 234 1743 nem,quam
242 1672 885 1747 rationabilitercredimusuosfecisse,provida
897 1650 923 1722 Β
935 1673 1121 1727 cardinalisel
1133 1672 1300 1739 carreellarii,
1308 1673 1586 1740 mlialondasllartii,
1594 1671 1749 1727 indictione

67 1765 275 1821 deliberatione
286 1767 453 1837 consideret,
465 1771 549 1839 atque
559 1768 623 1836 alia,
636 1785 760 1841 perane
770 1771 805 1825 ad
815 1771 886 1827 illud
936 1784 980 1834 vu,
996 1765 1202 1822 iucarnationis
1216 1766 1370 1821 Dominieoe
1387 1768 1463 1832 ¹¹58,
1486 1765 1669 1837 pontificatus
1682 1782 1750 1821 teto

67 1858 122 1912 iter
137 1864 194 1913 tam
207 1859 377 1914 festinanter
390 1862 508 1932 aspiras,
524 1862 654 1934 inspiciat
665 1867 694 1917 et
703 1864 839 1918 attendat.
853 1866 886 1919 Et
936 1861 1033 1916 domni
1047 1860 1163 1914 Adriani
1178 1861 1211 1915 lv
1226 1876 1301 1914 anno
1315 1877 1342 1913 ι’.

65 1952 138 2007 illud
165 1954 283 2007 tandem
308 1954 357 2008 tibi
395 1955 550 2028 consilium!
575 1973 660 2027 snper
685 1957 801 2028 negotio
824 1957 884 2029 ipso
1277 1954 1407 2009 ccllltl.

67 2046 167 2117 eligas,
189 2048 265 2117 qum
288 2048 379 2119 magis
402 2049 437 2103 de
457 2049 564 2120 judicio
583 2050 699 2105 rationis
718 2052 884 2121 cognoveris
1040 2049 1215 2115 Prteilrpc'um
1225 2063 1276 2118 pro
1291 2048 1629 2102 rnortustcrioJericlteensi.

66 2140 884 2215 eligendumllecantermeaquremerueratusfraternoster
1190 2140 1359 2210 (Laterani,
1391 2140 1489 2209 Febr.)

65 2235 215 2305 episcopus
224 2251 256 2288 ex
264 2240 449 2309 nostraperte
457 2238 544 2309 rogiae
552 2238 880 2309 proposueritdignilali,
1234 2235 1324 2306 pitia,
1338 2252 1365 2305 p·
1376 2237 1449 2298 202]

67 135 138 189 loti

64 2328 142 2381 velut
167 2329 191 2382 si
213 2330 248 2383 ab
274 2347 323 2384 ore
348 2334 443 2386 nostro
471 2333 669 2403 procederent,
693 2334 798 2405 absque
825 2335 882 2389 ulla
967 2331 1105 2383 Atintanes
1121 2329 1277 2399 episcopus,
1295 2344 1391 2382 servus
1404 2344 1547 2383 sorvorum
1563 2327 1620 2396 llei,
1638 2327 1746 2383 dilectis

63 2423 247 2478 hesitatione
266 2424 411 2495 suscipias,
432 2431 460 2480 et
481 2427 567 2497 ipsius
587 2426 689 2493 anchis,
706 2431 843 2498 tanquam
857 2429 881 2482 si
931 2420 995 2475 titiis
1010 2423 1125 2490 lesurae,
1140 2422 1293 2493 preposito
1305 2422 1505 2477 ierichontiuae
1517 2421 1657 2489 Ecclesia,
1674 2422 1746 2493 ejus-

63 2517 248 2588 contingeret
274 2534 326 2573 uos
349 2535 384 2573 ea
410 2521 547 2591 proferre,
573 2519 660 2575 tidem
685 2537 742 2575 non
769 2521 881 2576 dubites
931 2532 985 2586 que
998 2516 1133 2570 fratribus
1146 2520 1207 2570 tam
1222 2516 1411 2587 praesentibus
1432 2532 1519 2587 qrram
1536 2515 1641 2570 futuris
1658 2532 1741 2570 cano·

63 2610 213 2665 adbibere.
229 2612 289 2681 lpse
310 2628 433 2683 namque
450 2613 608 2683 injunctam
632 2613 684 2668 sihi
704 2615 879 2685 legationem
930 2608 1026 2663 nicam
1042 2609 1127 2663 vitam
1143 2609 1284 2679 professis,
1300 2610 1328 2664 in
1345 2612 1526 2680 perpetuum.

63 2704 102 2757 ita
116 2703 274 2775 prudenter
287 2705 342 2760 fnit
357 2712 384 2759 et
396 2706 514 2760 sollicito
528 2712 688 2776 exsecutus,
703 2708 780 2778 quod
792 2725 878 2763 omne
964 2704 977 2757 J
982 2703 1050 2756 ustis
1074 2702 1271 2773 religiosorum
1294 2702 1440 2758 desideriis
1461 2702 1620 2757 consentire
1644 2719 1676 2757 nc
1702 2718 1745 2757 ra-

61 2797 132 2851 illnd
154 2814 169 2851 a
190 2797 274 2852 nobis
288 2799 383 2854 studio
404 2816 462 2854 suoe
475 2800 623 2871 probitatis
644 2807 672 2856 et
697 2801 878 2858 discretionis
929 2796 1113 2851 tionabilibns
1128 2813 1229 2851 cortun
1244 2796 1427 2867 petitionibus
1440 2797 1741 2864 clementerannuere,

62 2890 206 2957 obtinuit,
239 2892 378 2964 quidquid
407 2911 458 2965 per
487 2894 635 2949 sollicitam
670 2898 699 2950 at
729 2896 877 2966 providam
928 2890 1089 2961 apostolicae
1113 2891 1197 2958 sedis,
1221 2890 1275 2959 cni,
1298 2890 1439 2961 largiente
1461 2891 1593 2957 Domino,
1616 2890 1741 2945 deservi·

60 2984 238 3055 vigilantiam
254 2986 371 3041 deberet
380 2988 501 3058 quilibet
515 2989 586 3044 alius
600 2989 739 3045 obtinere.

96 3081 198 3133 ilatum
214 3080 342 3135 laterani
356 3098 394 3136 ιιι
409 3082 467 3136 lial.
479 3083 578 3137 blartii.

412 3176 530 3231 ccxlii.

173 3268 349 3337 Pricilept'nm
357 3284 408 3339 pro
424 3270 543 3325 Ecclesia
557 3271 766 3337 llumtnrpensi.

306 3363 455 3431 (Laterani,
473 3362 551 3417 Febr.
567 3363 623 3431 il.)

143 3452 341 3521 [turrenorum
355 3455 505 3522 humburo.
524 3454 658 3516 Urlund„
678 3456 696 3522 l,
709 3454 784 3525 idn]

94 3552 230 3604 Annianus
243 3551 402 3622 episcopus,
416 3568 514 3607 seruus
528 3569 674 3608 servorum
689 3554 749 3621 llei,
765 3553 868 3609 dilecto

56 3641 117 3697 filio
146 3644 298 3714 llaararco,
327 3646 473 3701 Bremensi
502 3647 726 3720 archiepiscopo,
755 3648 874 3720 ejusque

56 3738 267 3793 suecessoribus
281 3740 311 3793 in
324 3744 509 3811 perpetuum.

93 3828 162 3882 Cum
177 3843 210 3881 cx
226 3828 353 3899 injuncto
371 3829 452 3885 nobis
472 3848 488 3884 a
511 3832 567 3886 [leo
582 3832 755 3903 apostolatus
770 3830 871 3901 officio,

57 3936 116 3992 quo
140 3922 249 3976 cttnctis
270 3923 373 3977 Christi
395 3923 528 3979 fidelibus
553 3942 585 3979 ex
608 3927 726 3997 superni
754 3926 872 3997 disposi-

55 4016 133 4082 tione
156 4015 267 4071 arbitrii
295 4017 528 4089 praeeminemus,
553 4020 732 4091 singulorum
760 4021 821 4092 paci
844 4026 872 4076 et

56 4109 148 4180 quieti
162 4109 317 4165 debeamus
331 4112 490 4181 intendere,
507 4113 667 4184 prasertim
683 4131 734 4185 pro
758 4115 871 4170 illorum

55 4205 262 4275 tranquillitate
278 4221 329 4260 nos
346 4211 460 4277 oportet
473 4222 534 4261 esse
548 4207 691 4274 sollicitos,
707 4209 756 4281 qni
777 4215 871 4279 pasto·

55 4297 104 4350 ruli
117 4297 256 4367 dignitate
272 4302 339 4354 sunt
349 4299 462 4371 praediti
476 4303 505 4354 et
517 4300 553 4354 ad
569 4300 692 4355 officium
709 4302 870 4373 pontificale

887 2999 1002 3090 Cuius,
1026 2985 1179 3038 auctoritas
1200 2991 1228 3039 ct
1247 2985 1381 3039 fraternae
1403 2984 1547 3039 charitatis
1574 2985 1667 3038 unitas
1689 3000 1742 3039 nos

927 3078 1069 3131 hortatur.
1092 3078 1239 3145 Quocirca,
1255 3077 1348 3133 dilecti
1371 3078 1401 3131 in
1425 3078 1545 3132 [lomina
1566 3077 1626 3145 lilii,
1641 3078 1741 3133 restris

922 3170 1007 3242 justis
1022 3172 1259 3241 postulationibus
1278 3173 1439 3227 clementer
1458 3173 1611 3226 annuimus
1626 3178 1655 3227 et
1669 3189 1741 3244 prae·

926 3265 1014 3318 fatam
1029 3264 1193 3333 Ecclesiam,
1208 3264 1236 3319 in
1251 3282 1305 3336 qua
1317 3265 1413 3319 divino
1428 3266 1581 3335 mancipati
1598 3266 1666 3321 estis
1686 3265 1738 3321 ob·

926 3358 1035 3429 sequio,
1052 3357 1103 3412 sub
1117 3357 1192 3413 beati
1210 3358 1283 3413 Petri
1299 3364 1327 3414 et
1339 3362 1435 3413 nostra
1453 3359 1632 3430 protectione
1647 3375 1740 3413 susco-

926 3452 1021 3522 pimus
1035 3454 1064 3504 et
1076 3452 1227 3521 praesentis
1242 3451 1335 3522 scripti
1351 3450 1499 3523 privilegio
1515 3453 1737 3519 communimus;

924 3549 1065 3620 imprimis
1086 3549 1228 3621 siquidem
1250 3554 1417 3615 statuentes,
1432 3554 1462 3604 nt
1482 3550 1553 3605 ordo
1574 3549 1736 3622 canonicus,

924 3643 974 3714 qui
993 3643 1150 3699 secundnm
1175 3642 1283 3698 domiui
1296 3648 1325 3698 et
1338 3643 1412 3698 beati
1426 3644 1580 3715 Augustini
1596 3644 1736 3716 Regulam

924 3742 953 3791 et
978 3737 1098 3793 fratrum
1123 3737 1438 3793 Pramoustratensium
1465 3737 1678 3793 institutionem
1706 3739 1736 3794 iu
1823 3774 1826 3779 -

923 3831 1022 3887 eodem
1044 3832 1105 3887 loco
1131 3832 1259 3886 noscitur
1282 3832 1436 3899 institutus,
1460 3833 1604 3903 perpetuis
1627 3833 1736 3889 ibidem

923 3925 1097 3997 temporibus
1129 3925 1333 3981 inviolabiliter
1375 3928 1565 3980 conservetur.
1598 3928 1737 3981 l‘rmterca

923 4036 1105 4092 quascunque
1128 4020 1333 4090 possessiones,
1348 4036 1534 4091 quaecunque¹
1544 4020 1618 4075 bona
1634 4021 1736 4076 eadem

921 4114 1045 4169 Ecclesia
1061 4114 1319 4184 impresentiarum
1329 4114 1404 4184 juste
1419 4117 1447 4169 ot
1461 4114 1598 4169 sarranice
1609 4115 1736 4186 possidet

921 4215 971 4262 aut
993 4209 1021 4263 iu
1043 4208 1170 4263 futrnum
1192 4208 1369 4263 concessione
1390 4209 1567 4279 pontificum,
1582 4210 1734 4282 largitione

923 4318 1023 4373 regum
1038 4303 1080 4355 rel
1101 4303 1274 4374 principum,
1291 4301 1433 4357 oblatione
1451 4302 1588 4370 fidelium,
1603 4321 1652 4359 scu
1672 4303 1735 4359 aliis

55 4391 190 4459 promoti.
207 4391 264 4445 Nisi
286 4393 363 4447 enim
387 4411 437 4448 nos
459 4410 561 4449 eorum
585 4394 754 4449 utilitatibus
775 4389 1002 4466 iuteo-Diuslis
1024 4397 1126 4465 modis,
1149 4399 1205 4451 lieo
1228 4396 1362 4467 propitio,
1382 4397 1484 4467 poterit
1506 4397 1633 4468 adipisci,
1650 4398 1734 4452 firma

56 4482 166 4545 dentes,
180 4483 308 4554 ipsorum
322 4486 473 4557 dignitates
485 4495 512 4543 et
523 4489 589 4559 jura
604 4487 631 4542 in
646 4495 797 4560 quantum,
813 4490 869 4546 Deo

54 4576 255 4649 permittente,
279 4594 445 4649 possumus,
474 4583 588 4653 integra
615 4598 816 4638 conservemus
841 4590 870 4640 et

53 4670 219 4726 auctoritate
237 4672 391 4742 apostolica
409 4690 458 4729 eos
476 4676 512 4731 ab
530 4676 697 4748 iniquorum
717 4677 869 4733 hominum

52 4765 210 4820 incursibus
224 4765 420 4835 defendamus,
435 4767 471 4823 de
486 4769 600 4825 illorum
613 4771 702 4826 saluto
720 4788 777 4826 non
803 4788 869 4827 vere

51 4865 206 4931 potuerunt
220 4877 282 4916 esse
296 4860 420 4931 solliciti,
432 4863 481 4933 qui
493 4864 547 4918 sibi
560 4864 596 4918 ad
611 4866 769 4936 regendum
790 4869 867 4934 suut,

51 4954 169 5010 Domino
184 4955 380 5027 disponente,
403 4957 556 5012 commissi.
586 4958 676 5029 liujus
702 4959 799 5031 itaque
828 4961 869 5016 rei

51 5048 291 5119 consideratione,
303 5052 392 5105 frater
404 5051 628 5122 archiepiscope,
640 5054 795 5123 provocati,
812 5054 868 5110 tuis

48 5142 133 5213 justis
159 5144 421 5214 postulationibus,
450 5145 609 5200 clementer
632 5146 805 5215 annuimus,
838 5151 867 5202 ct

50 5237 213 5308 praefatam,
239 5238 295 5307 cui,
319 5240 374 5293 lieo
397 5243 522 5307 auctore,
545 5256 669 5312 praeesse
692 5240 868 5312 dignosceris

51 5331 214 5398 Ecclesiam,
236 5333 288 5387 snb
312 5333 387 5387 beati
418 5335 493 5389 l’etri
515 5339 543 5389 et
566 5340 664 5391 nostra
688 5335 867 5406 protectione

53 5425 221 5496 suscipimus
238 5430 267 5482 ct
286 5428 432 5498 praesentis
452 5429 548 5500 scripti
566 5429 717 5500 privilegio
736 5445 866 5483 commu-

53 5519 169 5588 nimus,
191 5525 355 5588 statuentes,
387 5525 419 5576 ut
450 5539 636 5595 quascunque
664 5522 866 5594 possessiones,

50 5629 227 5686 prracuuque
248 5615 321 5670 bona
343 5615 445 5672 eadem
468 5616 585 5672 ecclesia
606 5616 868 5689 impraesentiarum

46 5708 123 5779 juste
136 5710 165 5763 et
185 5710 321 5767 canonice
345 5711 473 5784 possidet
488 5715 537 5767 aut
553 5711 580 5766 in
602 5711 731 5767 farianum
753 5729 867 5770 cences-

920 4491 999 4546 robis
1025 4493 1180 4561 vestrisque
1203 4489 1412 4545 successoribus
1438 4496 1466 4545 et
1486 4490 1593 4545 illibata
1618 4506 1733 4560 perma-

919 4588 1015 4639 neant.
1030 4587 1061 4640 ln
1075 4584 1177 4656 quibus
1191 4585 1251 4639 lraec
1265 4584 1386 4656 propriis
1399 4583 1532 4639 duximus
1546 4584 1734 4656 exprimenda

919 4678 1087 4733 vocabulis:

955 4772 1095 4839 Fundum,
1116 4772 1144 4826 in
1166 4790 1223 4845 quo
1241 4773 1360 4845 praefata
1382 4772 1501 4827 eeclesia
1524 4773 1578 4827 sita
1599 4775 1651 4843 est,
1667 4789 1734 4829 cnm

920 4867 1050 4921 oatnibus
1071 4866 1250 4938 pertinentiis
1272 4867 1338 4935 suis,
1365 4883 1429 4939 qua*
1455 4867 1639 4935 llartbn'icus,
1664 4872 1732 4921 trmc

919 4960 1099 5032 prepositus,
1119 4978 1194 5017 nunc
1210 4960 1372 5015 bremensis
1381 4960 1619 5032 archiepiscopus,
1636 4977 1733 5016 assen-

918 5055 1008 5110 tiente
1022 5058 1112 5108 matre
1127 5071 1177 5108 sna
1188 5054 1325 5110 Richards
1339 5054 1493 5122 cenritissu,
1507 5054 1541 5110 de
1557 5054 1732 5125 patrimonio

918 5165 981 5216 suo,
996 5164 1061 5202 cum
1076 5147 1166 5202 tribus
1183 5148 1267 5216 villis,
1282 5148 1385 5204 scilicet
1405 5149 1545 5216 Wulkow,
1564 5149 1689 5205 ll'ulkow
1704 5155 1732 5205 et

918 5243 1092 5313 lt'itzeatorp,
1120 5259 1184 5314 quas
1209 5243 1264 5297 alio
1292 5244 1408 5299 nominc
1437 5243 1578 5299 Gardckin
1605 5249 1731 5314 vocatur,

919 5336 1078 5391 devotionis
1094 5336 1198 5392 intuitu
1217 5338 1296 5392 vobis
1312 5337 1431 5393 contulit
1440 5355 1449 5407 ;
1475 5338 1545 5392 duos
1568 5354 1683 5394 mansos
1697 5340 1732 5395 ad

917 5429 1069 5485 luminaria
1084 5430 1211 5501 ejusdem
1227 5431 1351 5486 ecclesiae
1373 5432 1403 5486 in
1421 5432 1601 5501 Erkscbleve,
1614 5433 1649 5487 de
1667 5432 1733 5506 qui-

918 5524 971 5579 bus
985 5540 1086 5579 census
1100 5541 1155 5579 xxv
1168 5524 1326 5581 solidorum
1338 5526 1487 5583 annuatim
1498 5526 1576 5585 vobis
1597 5527 1714 5582 solvitur
1721 5545 1730 5597 ;

919 5622 1029 5674 curtem
1043 5620 1079 5675 de
1093 5619 1260 5677 burcwardo
1276 5620 1415 5690 llobelitz,
1430 5621 1480 5694 qni
1489 5627 1517 5679 et
1527 5621 1730 5693 llarieuburgk

920 5713 1035 5783 dicitur,
1052 5713 1125 5771 intra
1141 5716 1245 5773 sallum
1269 5715 1420 5790 atttiquurn
1434 5716 1528 5787 sitam,
1545 5733 1609 5772 cum
1632 5718 1733 5788 stagno
