3750 6046
54 212 87 272 ts
499 213 657 274 utsrouta
676 212 944 276 ECCLESlASTlCA.
960 245 994 258 -
1009 216 1096 276 PARS
1114 217 1136 274 1.
1152 247 1187 261 -
1202 218 1265 277 hill.
1287 214 1307 277 i.
1709 214 1744 282 86

54 338 132 396 inter
159 336 300 397 harltmos
326 338 480 397 innumere
504 341 631 414 quotidie
660 341 772 398 diaholo
794 342 878 398 detri-
888 343 1131 428 Agabardorum,
1151 346 1255 402 multas
1274 350 1367 403 curma
1387 350 1417 403 ct
1433 341 1607 420 patrimonia
1628 344 1742 422 Alpium

55 441 167 502 menta,
187 438 216 490 et
237 434 408 492 Christiana
432 434 499 490 fidei
520 435 587 491 facit
611 442 776 510 augmenta.
796 436 878 492 lusti·
927 438 1095 509 Cottiarum,
1115 456 1179 512 quae
1198 440 1345 512 quondam
1365 441 1465 513 adjus
1487 443 1649 515 apostatica
1670 444 1743 500 sodis

56 530 162 585 manus
181 528 217 584 ob
240 529 356 601 culpam
377 528 506 602 perfidiae
525 530 606 603 regni
631 530 720 601 gloria
740 529 877 602 privatus,
928 533 1121 604 pertinebant,
1155 533 1203 589 sed
1232 551 1249 589 a
1276 535 1469 606 Langobardis
1497 537 1587 593 multo
1614 542 1743 610 tempore

58 624 139 678 exsut
170 623 200 679 in
230 625 352 680 Pontum
384 623 508 696 secedit,
536 640 659 697 eumque
682 626 771 697 Cyrus
791 623 878 680 abhas
928 625 1157 695 ablatafuerant,
1172 627 1300 699 ejusdem
1315 628 1390 684 sedis
1400 630 1459 701 juri
1480 631 1614 699 restituit,
1628 633 1742 687 ethanc

58 719 140 774 aluit.
929 718 1112 774 donatiouem
1126 721 1220 775 aureis
1235 721 1368 793 scriptam
1379 722 1483 778 litteris
1496 724 1615 780 Romam
1629 724 1741 781 direxit.

92 812 149 868 heo
163 811 247 867 annis
260 828 302 869 ur.
319 814 393 885 Papa
411 811 527 885 Sergius
546 812 575 867 iu
597 813 723 868 sacrario
743 813 820 869 Beati
831 815 879 869 Pe·
962 813 1137 869 lastinianus
1156 814 1281 871 secundo
1301 831 1366 871 cum
1380 816 1493 873 Tiberio
1510 817 1579 886 filio,
1600 819 1683 873 annis
1704 835 1741 875 vr.

57 908 93 963 tri
119 906 244 979 apostoli
267 922 381 978 capsam
409 909 591 980 argenteam,
619 923 684 979 quae
715 907 746 962 in
772 907 877 979 angulo
928 907 978 962 Hie
990 908 1096 964 auxilio
1108 908 1228 964 Tarbelli
1245 910 1436 981 Bulgaromm
1446 912 1524 984 regis
1537 928 1661 983 reguum
1674 913 1745 969 reci·

59 1000 261 1056 obscurissimo
276 1000 326 1056 diu
335 1001 475 1072 jacuerat,
492 1004 520 1056 et
534 1000 564 1056 in
580 1017 613 1057 eo
627 1017 742 1057 crucem
761 1000 879 1056 dirersis
927 1001 1019 1073 piens,
1043 1001 1147 1058 occidit
1167 1018 1216 1058 eos
1239 1003 1289 1075 qui
1309 1019 1339 1057 se
1362 1005 1531 1075 expulerant
1551 1006 1694 1077 patricios,
1715 1012 1745 1064 et

57 1112 87 1150 ae
112 1094 247 1167 pretiosis
272 1094 416 1167 lapidibus
440 1094 621 1163 adornatam,
645 1094 769 1150 Domino
793 1110 877 1150 rave·
928 1095 1067 1164 heonem,
1082 1096 1131 1167 qui
1153 1096 1246 1151 locum
1268 1096 1329 1166 ejus
1347 1102 1544 1169 usurpaverat,
1560 1104 1744 1157 etsuccesso·
1848 1102 1856 1111 ”

56 1191 133 1244 lente
147 1189 267 1261 reperit.
282 1190 321 1245 lle
334 1205 393 1261 qua
405 1188 502 1244 tractis
511 1195 635 1261 quatuor
648 1188 759 1261 petalis,
772 1188 878 1260 quibus
928 1203 991 1243 rem
1004 1189 1065 1260 ejus
1076 1188 1233 1257 Tiberium,
1249 1189 1298 1261 qui
1312 1205 1378 1244 eum
1392 1190 1427 1245 de
1442 1207 1532 1263 regno
1545 1192 1670 1263 eJ'ectum
1682 1197 1743 1251 toto

57 1299 180 1355 gemm
196 1284 316 1339 inclusae
334 1290 417 1338 eraut
439 1282 521 1338 mira
539 1281 757 1355 magnitudinis,
772 1282 879 1354 portio·
929 1299 986 1355 quo
1004 1283 1065 1355 ipsc
1088 1282 1228 1355 regnabat
1245 1287 1377 1355 tempore
1404 1285 1434 1341 in
1457 1285 1556 1341 eadem
1581 1285 1692 1343 civitate
1711 1288 1742 1343 in

56 1394 122 1433 uem
136 1377 211 1448 ligni
226 1377 368 1433 salutiferi
385 1376 541 1433 Dominicra
558 1376 648 1432 crucis
661 1376 783 1432 interius
798 1392 881 1448 repo·
929 1378 1056 1434 custodia
1077 1381 1220 1434 tenuerat.
1243 1377 1432 1434 callinichum
1460 1396 1526 1435 vero
1547 1381 1742 1452 patriarcham

59 1472 143 1527 uum
163 1471 299 1544 inspexit.
316 1471 386 1536 Ouae
399 1477 575 1544 extempore
588 1470 638 1526 illo
651 1470 877 1527 annisomnibus
928 1473 1017 1528 emtis
1037 1471 1124 1527 oculis
1144 1473 1266 1528 Romam
1287 1473 1374 1541 misit,
1396 1476 1424 1529 et
1446 1473 1637 1547 episcopatum
1658 1477 1741 1548 Cyro,

58 1565 86 1620 in
107 1565 230 1620 basilica
252 1565 417 1635 Salvatoris,
441 1582 507 1638 quae
531 1566 693 1636 appellatur
711 1564 875 1620 Constanti·
929 1566 978 1638 qui
998 1570 1061 1621 eret
1077 1567 1164 1622 abbas
1183 1566 1212 1621 in
1232 1569 1332 1636 Ponto,
1352 1584 1476 1639 eumque
1499 1568 1591 1624 alebat
1608 1570 1741 1639 exsulem,

56 1661 155 1727 niana,
170 1659 220 1715 die
235 1658 417 1714 exaltationis
432 1659 493 1731 ejus
505 1658 540 1714 ab
554 1659 633 1714 omui
645 1658 751 1731 populo
766 1658 875 1715 oscula·
929 1660 1016 1716 dedit.
1036 1661 1085 1716 flio
1105 1661 1324 1716 Constantinum
1343 1678 1450 1733 papam
1473 1662 1510 1717 ad
1530 1678 1561 1716 se
1582 1663 1680 1720 venire
1694 1664 1741 1735 ju-

58 1757 105 1807 tur
116 1756 205 1824 atque
217 1752 364 1809 adoratur.
887 1728 1006 1825 Bbens,
1022 1754 1178 1811 honorifice
1194 1756 1364 1827 suscepitur
1381 1754 1492 1811 remisit
1499 1774 1508 1828 3
1523 1756 1562 1810 ita
1574 1761 1605 1812 ut
1616 1774 1683 1814 cum
1697 1758 1743 1814 die

90 1849 121 1902 ln
132 1847 285 1902 britannia
297 1845 553 1902 reverendissimus
569 1845 700 1902 Ecclesia
723 1845 876 1902 Lindisfar·
927 1849 1076 1905 [lominica
1088 1849 1188 1905 missas
1202 1849 1256 1905 sihi
1268 1850 1362 1906 facere
1377 1849 1491 1921 jubens,
1504 1852 1742 1908 communionem

55 1941 154 1996 nensis
171 1957 206 1997 cx
226 1941 398 1997 anachoreta
418 1940 537 1995 antistas
555 1939 727 1995 Cuthbertus
739 1943 828 1996 totam
841 1939 877 1995 ab
928 1943 963 1999 de
976 1960 1063 1999 manu
1076 1944 1137 2015 ejus
1151 1944 1303 2016 acceperit.
1322 1946 1413 2010 Quem
1428 1948 1584 2016 prostratus
1606 1945 1635 2001 iu
1654 1950 1741 2014 terra,

54 2035 177 2091 infanda
190 2051 281 2108 usque
295 2035 332 2090 ad
346 2034 457 2091 senium
470 2034 557 2090 vitam
573 2033 878 2108 miraculorumsiguis
926 2053 979 2109 pro
1005 2038 1064 2093 suis
1087 2038 1208 2109 peccatis
1233 2037 1411 2095 intercedere
1433 2039 1552 2112 rogarit,
1576 2045 1605 2095 et
1631 2046 1741 2096 cunctae

55 2130 192 2202 inclytam
210 2129 302 2185 duxit.
321 2129 407 2201 Cujus
428 2129 498 2184 dum
520 2145 548 2186 x1
569 2128 652 2184 anuis
674 2144 777 2200 corpus
803 2133 876 2184 emet
926 2131 1056 2187 Ecclesia
1076 2131 1226 2203 privilegia
1247 2132 1401 2187 renovarit.
1423 2133 1475 2197 Oui
1498 2149 1563 2188 cum
1583 2134 1740 2190 exercitum

55 2224 220 2291 humatum,
246 2224 446 2296 incorruptum
473 2226 539 2296 post
563 2222 636 2292 haec,
665 2222 747 2295 quasi
772 2221 877 2278 eadem
927 2225 1056 2282 mitteret
1073 2225 1102 2280 in
1120 2227 1254 2294 Pontum,
1268 2240 1345 2298 pape
1364 2227 1489 2282 multum
1503 2226 1684 2299 probibente,
1706 2229 1741 2284 ad

55 2319 129 2374 hora
142 2317 283 2388 defuncti,
299 2318 387 2373 simul
404 2333 469 2373 cum
487 2320 574 2386 reste,
589 2332 646 2390 qua
659 2316 820 2389 tegebatur,
836 2316 877 2371 in·
927 2319 1230 2391 comprehendendum
1246 2319 1447 2391 Philippicum,
1469 2336 1556 2393 quem
1576 2320 1615 2376 ihi
1634 2322 1743 2394 relega·

56 2416 173 2467 rentum
190 2419 243 2466 est.
267 2412 390 2468 Ceduval
416 2427 465 2468 rex
481 2410 701 2467 occidentalium
729 2409 876 2465 Saxonum
926 2417 1023 2480 rerat;
1043 2428 1196 2468 conversus
1217 2413 1311 2468 omnis
1328 2413 1467 2469 exercitus
1487 2414 1524 2468 ad
1538 2417 1651 2486 partem
1674 2415 1740 2471 Phi·

57 2507 113 2560 fuae
126 2521 253 2578 regnum
264 2512 367 2578 sponte
382 2506 546 2578 reliquit,et
558 2506 681 2560 Romam
695 2505 874 2576 perveniens,
925 2507 1033 2578 lippici,
1047 2507 1113 2562 fecit
1133 2523 1200 2562 eum
1220 2505 1434 2578 imperatorem.
1456 2509 1656 2580 lterersusque
1675 2526 1740 2564 oum

58 2601 186 2672 aSergio
199 2616 276 2672 papa
288 2599 409 2657 Sabbata
424 2599 539 2655 Pascha
552 2600 710 2670 baptizatus
728 2601 786 2666 est;
804 2604 833 2654 ct
845 2598 876 2653 iu
927 2617 961 2656 eo
976 2599 1258 2672 Constantinopolim,
1274 2601 1414 2672 pugnavit
1428 2604 1530 2656 contre
1548 2602 1739 2659 fustinianum

57 2695 125 2749 albis
139 2694 237 2750 adhuc
255 2694 372 2766 positus,
386 2694 526 2766 languore
543 2695 703 2765 correptus,
724 2709 761 2748 xrr
773 2692 877 2748 Kalen·
926 2695 963 2750 ad
973 2694 1173 2750 duodecimum
1186 2693 1222 2749 ab
1237 2693 1307 2748 urbe
1324 2694 1506 2763 milliarium3
1521 2700 1550 2751 et
1564 2696 1638 2752 ricto
1652 2700 1738 2769 atque

58 2791 106 2846 das
124 2788 190 2844 tlaii
213 2787 294 2845 obiit.
307 2787 429 2844 lubente
443 2804 530 2860 papa,
543 2787 594 2860 qui
611 2803 678 2844 eum
690 2788 721 2842 in
732 2786 875 2859 baptismo
927 2788 1018 2845 occiso
1030 2786 1199 2856 tustiniauo,
1211 2803 1333 2859 regnum
1347 2789 1471 2860 suscepit
1484 2788 1668 2861 Philippicas.

59 2885 173 2939 Petrum
203 2882 415 2950 nominaverat,
437 2883 467 2936 in
489 2882 608 2938 ecclesia
633 2882 721 2936 sancti
745 2881 875 2952 Apostoli
961 2882 1134 2954 Philippicas
1142 2898 1219 2938 anuo
1230 2898 1287 2937 uuo
1301 2884 1329 2937 et
1341 2882 1487 2938 mansibus
1499 2899 1560 2938 sex,
1575 2883 1624 2941 llic
1637 2884 1740 2956 Cyrum

58 2977 183 3049 sepultus
205 2980 258 3045 est,
272 2981 301 3032 ct
319 2976 496 3049 epitaphium
510 2976 540 3030 in
555 2976 617 3047 ejus
631 2979 822 3031 monumento
835 2975 875 3030 sic
925 2976 961 3032 de
979 2976 1145 3048 pontificatu
1160 2975 1253 3048 ejecit,
1265 2992 1390 3048 eumque
1409 2976 1444 3032 ad
1460 2976 1679 3048 gubernandum
1695 2979 1743 3034 ab

59 3076 203 3126 exaratum
215 3075 279 3125 est:
886 3071 997 3171 Chatis
1007 3071 1073 3142 jure
1087 3069 1291 3125 monasterium
1311 3087 1405 3140 suum,
1420 3071 1544 3126 Pontum
1560 3071 1654 3127 redire
1667 3089 1740 3144 praa-
1844 3062 1847 3067 ’

86 3187 208 3247 cmm,
220 3201 292 3252 θρα,
303 3186 428 3248 „gopm'
441 3187 569 3252 popm
584 3200 676 3251 rm„
688 3187 844 3251 ,mmm
926 3164 1012 3236 cepit.
1028 3165 1106 3221 ldem
1116 3162 1303 3220 Constantino
1317 3180 1397 3236 papae
1410 3164 1520 3221 litteras
1533 3166 1612 3235 pravi
1623 3166 1742 3239 dogma·

116 3259 253 3319 Pausias,
265 3260 516 3323 praememorato,
529 3264 628 3317 austro,
644 3257 723 3310 lares.
925 3260 962 3314 tis
984 3258 1072 3328 misit,
1089 3274 1161 3330 quas
1183 3257 1230 3312 ille
1252 3273 1318 3312 eum
1341 3258 1598 3330 apostolicaesedis
1621 3261 1740 3317 consilio

90 3332 471 3413 Wu⁶P⁶⁸WP¹⁰5'‘”⁸›,⁶⁸
481 3345 544 3414 ,W
557 3335 725 3411 ⁶⁰”9⁶⁸⁸,⁶''⁰⁸
739 3330 802 3395 ΨΜ
925 3351 1048 3425 respuit·
1075 3357 1103 3408 et
1125 3351 1211 3423 hujus
1238 3352 1279 3407 rei
1304 3368 1388 3407 eausa
1412 3352 1547 3423 picturas,
1574 3354 1603 3409 in
1629 3355 1741 3425 porticu

116 3403 237 3454 Cedrosi
247 3408 409 3468 armipotens
419 3403 496 3469 loquat
512 3415 605 3455 omero
616 3403 664 3452 Dor

89 3475 552 3540 111p03mm„,g,mq„,p„„m
564 3479 680 3526 amm,
696 3473 796 3539 powg,
924 3448 1018 3504 Sancti
1038 3445 1114 3501 Petri
1132 3445 1208 3513 fecit,
1233 3460 1298 3517 quae
1321 3451 1382 3501 acta
1404 3462 1451 3502 sex
1474 3453 1639 3504 sanctarum
1658 3465 1743 3521 syno-

118 3545 203 3609 Cajas
214 3544 287 3608 (oete
300 3558 390 3597 meros
401 3551 514 3598 comeret
528 3545 617 3597 otmru
628 3558 725 3609 oqaos.
926 3541 1029 3596 dorum
1050 3539 1252 3596 universalium
1274 3539 1463 3596 continerent.
1490 3541 1561 3596 Nam
1587 3546 1616 3597 et
1639 3543 1741 3614 hujus-

240 3687 246 3698 .
341 3689 346 3698 .
704 3687 709 3697 ,
782 3690 787 3701 ,
924 3635 1002 3690 modi
1027 3634 1170 3707 picturas,
1197 3649 1262 3688 cum
1296 3631 1471 3689 haberentur
1497 3633 1528 3689 iu
1555 3635 1625 3691 urbe
1649 3637 1740 3708 regia,

92 3685 796 3826 &xvffimmssmffimmm'
923 3728 1098 3800 Philippicas
1121 3727 1246 3799 jusserat
1276 3726 1393 3783 auferri.
1426 3726 1585 3799 Statuitque
1618 3730 1742 3801 populus

90 3831 182 3882 t'rteru
196 3831 349 3883 samaram
360 3831 427 3883 cidit
438 3832 615 3898 templumque
627 3830 770 3883 arcadum
924 3824 1069 3879 Romanus
1083 3837 1119 3877 ue
1133 3836 1237 3877 nomen
1248 3820 1376 3876 haretici
1390 3820 1573 3893 imperatoris
1587 3821 1616 3877 in
1628 3822 1742 3880 chartas

116 3904 227 3967 A‘ow'l
242 3905 322 3965 PM,
335 3905 645 3969 maatttodouoqsrm,
924 3923 974 3971 aut
1006 3917 1129 3987 figuram
1162 3913 1245 3970 solidi
1279 3913 1464 3987 susciperent.
1496 3915 1575 3971 Unde
1608 3931 1661 3972 nec
1681 3916 1742 3989 ejus

88 3973 314 4111 &gdffltffi
324 3974 779 4113 ffiwmfffflfflffl
924 4009 1033 4082 effigies
1055 4008 1086 4063 in
1107 4007 1226 4064 ecclesia
1248 4007 1410 4064 introducta
1430 4012 1483 4078 est,
1503 4025 1556 4064 uec
1579 4025 1687 4067 nomen
1705 4011 1742 4066 ad

86 4116 266 4168 commutasse
276 4118 362 4181 mapsa
375 4124 539 4185 caspar-orum
551 4117 668 4183 impura
679 4116 773 4170 arada,
923 4103 1076 4160 missarum
1092 4101 1231 4158 solemnia
1240 4101 1386 4174 prolatum
1400 4105 1452 4157 est.

115 4190 321 4254 va‘lfwm
334 4190 432 4241 Chffflf'
445 4192 716 4256 Promerar‘aaeoidsa.
959 4197 1122 4253 Anastasius
1152 4195 1235 4251 aunis
1266 4213 1305 4250 ur.
1335 4196 1384 4251 Hic
1409 4196 1598 4269 Philippicum
1624 4202 1742 4270 captum

925 4290 1013 4347 oculis
1032 4290 1162 4363 privarit,
1177 4306 1230 4345 uec
1249 4290 1360 4345 occidit.
1383 4290 1461 4346 ldem
1481 4291 1588 4347 litteras
1606 4292 1743 4350 Constan-

925 4385 986 4439 tino
1009 4401 1093 4456 papae
1111 4385 1231 4440 Romam
1251 4400 1305 4456 per
1326 4384 1529 4440 Scholasticum
1547 4385 1698 4456 patricium
1714 4391 1743 4443 et

883 4469 1079 4542 Dexarchum
1097 4477 1185 4532 ltaliae
1200 4477 1312 4547 direxit,
1326 4478 1428 4549 quibus
1446 4494 1476 4533 se
1491 4479 1630 4533 fautorem
1644 4479 1740 4535 catho-

89 4568 222 4626 liherius
241 4568 324 4625 anuis
344 4586 392 4627 vu.
411 4570 542 4642 Synodus
562 4572 700 4644 Aquileia
721 4573 806 4642 facta,
837 4575 874 4631 ob
924 4572 985 4626 lica
999 4570 1066 4628 fidei
1080 4571 1230 4644 sanctique
1247 4571 1317 4626 serti
1325 4571 1435 4627 concilii
1448 4570 1664 4643 praedicatorem
1680 4588 1740 4629 csse

59 4338 141 4394 mv,
173 4338 362 4410 Aquileienses
384 4341 514 4410 synodus.
540 4344 719 4414 Imperatores
747 4346 873 4400 Romani.

275 4432 388 4490 Carolus
401 4435 553 4492 lfortetlas.
568 4437 650 4493 Beda.

58 4662 237 4735 imperitiam
261 4663 339 4732 fidei,
367 4664 500 4737 quintum
533 4665 693 4721 universale
721 4667 874 4723 concilium
925 4665 1031 4721 docuit.
1053 4664 1254 4736 liudprandus
1275 4680 1322 4719 rex
1342 4663 1594 4736 Langobardorum
1613 4665 1740 4722 donatio·
1844 4694 1848 4699 ·

58 4757 202 4829 suscipere
215 4756 332 4825 diffidit,
340 4757 430 4814 donec
441 4758 612 4814 salutaribus
626 4759 700 4815 beati
716 4776 799 4834 papae
813 4778 875 4817 mo·
926 4776 993 4814 nem
1006 4757 1172 4831 patrimonii
1185 4757 1298 4831 Alpium
1310 4758 1477 4827 Cottiarum,
1492 4774 1579 4830 quam
1592 4759 1742 4832 Aripertus

58 4851 120 4906 aitis
134 4851 287 4916 instructa,
304 4854 334 4906 et
349 4851 409 4923 ipsa
423 4852 490 4908 huie
504 4869 571 4908 cum
586 4854 697 4909 caeteris
708 4854 813 4910 Christi
827 4856 875 4910 Ec
924 4853 1032 4909 fecerat
1049 4860 1078 4908 et
1100 4853 1148 4909 ille
1167 4851 1331 4924 repetierat,
1356 4851 1550 4909 admonitione
1572 4854 1743 4911 venerahilis

58 4945 147 5001 clesiis
164 4961 297 5002 annuere
310 4945 460 5002 consentit.
475 4946 608 5015 Cisulfus,
624 4946 682 5003 dux
697 4948 790 5020 gentis
805 4949 875 5005 Lau·
925 4964 1007 5019 papa
1022 4947 1153 5019 Gregorii
1167 4946 1353 5002 conflrmaait.
1370 4946 1555 5003 wulfrannus
1570 4947 1741 5006 Sunonensis

10 5044 12 5057 '
60 5040 255 5110 gobardorum
274 5039 438 5110 Beneventi,
454 5040 640 5113 Campaniam
654 5042 722 5114 igne
736 5042 829 5114 gladio
848 5047 877 5099 et
924 5041 1153 5113 archiepiscopus
1173 5044 1202 5096 et
1221 5039 1435 5096 Fontinelleusis
1457 5042 1616 5097 monachus
1633 5043 1740 5113 floruit,

10 5176 14 5193 .
58 5135 220 5206 captivitate
236 5133 363 5189 vastarit.
377 5135 505 5207 Cumque
518 5151 576 5190 uon
591 5136 730 5208 essetqui
744 5137 805 5207 ejus
819 5137 875 5193 im·
926 5141 955 5191 et
972 5135 1090 5192 verbum
1114 5133 1225 5191 Domim
1253 5133 1433 5190 Presionibus
1457 5136 1627 5206 praedicans,
1652 5137 1742 5192 multa

10 5214 12 5219 ⁵
58 5229 132 5300 potui
145 5226 304 5297 resisteret,
320 5230 543 5301 loannespapa,
557 5229 607 5301 qui
620 5229 719 5302 Sergio
734 5245 874 5288 successe·
924 5230 1063 5286 miracula
1087 5229 1164 5285 lecit.
1187 5227 1355 5283 Echerectus
1379 5228 1423 5283 rir
1449 5233 1560 5284 sauctus
1592 5229 1740 5303 degente

59 5330 108 5394 rat,
121 5322 223 5379 missis
236 5321 274 5378 ad
286 5338 354 5378 eum
367 5323 561 5379 sacerdotibus
577 5340 609 5378 ac
624 5323 750 5380 donariis
763 5325 877 5397 perplu-
924 5323 1092 5396 Anglorum,
1116 5327 1145 5378 et
1168 5321 1359 5378 sacerdotium
1384 5323 1548 5379 monachica
1574 5323 1630 5379 rita
1655 5324 1740 5381 etiam

60 5418 134 5474 rimis
147 5416 300 5475 uniuersos
313 5416 442 5488 captivos
453 5416 586 5486 redemit,
601 5421 631 5473 et
644 5418 740 5475 hostes
756 5418 876 5474 domum
925 5435 977 5490 pro
1004 5417 1110 5473 caelesti
1134 5416 1228 5489 patria
1254 5416 1424 5489 peregrinus
1448 5433 1602 5489 exornans,
1633 5418 1742 5489 primas

60 5512 150 5569 redire
171 5509 251 5568 fecit.
274 5510 325 5567 Cui
340 5509 475 5567 successit
495 5509 569 5565 alius
591 5513 724 5580 loannes,
740 5510 789 5585 qui
800 5512 877 5568 inter
926 5511 1041 5568 Scoticae
1062 5511 1154 5584 gentis
1173 5509 1333 5582 provincias
1356 5509 1392 5565 ad
1412 5511 1579 5566 canonicam
1600 5512 1742 5585 paschalis

60 5609 145 5663 multa
154 5621 282 5679 operum
291 5604 700 5673 illustrium,fecitoratorium
711 5609 814 5662 sanctae
825 5606 877 5661 liei
926 5604 1063 5677 temporis
1073 5603 1320 5673 observantiama
1334 5619 1391 5676 qua
1401 5602 1507 5660 diutim
1522 5605 1740 5678 oberraverant,

61 5700 202 5771 timitrici,
218 5714 306 5773 opere
320 5698 523 5771 pulcherrimo,
537 5697 613 5755 iutra
628 5698 776 5756 ecclesiam
796 5698 877 5756 Beati
926 5699 972 5771 pia
1000 5698 1204 5771 predicatione
1226 5697 1367 5754 convertit
1388 5715 1464 5757 anuo
1485 5698 1521 5755 ab
1542 5700 1742 5759 iucarnatiouc

61 5794 129 5855 Petri
141 5794 344 5873 apostotomm
356 5793 502 5868 principis.
517 5791 733 5866 hereberectus,
742 5809 794 5852 rsx
804 5793 875 5855 Lan·
926 5792 1041 5853 Domini
1051 5796 1114 5855 717.
