3750 6046
97 198 168 256 asoa
601 196 772 256 arrsroua
791 198 833 255 ur
852 198 1054 255 rarvruaau.
1074 228 1108 240 -
1127 186 1183 255 ait.
1204 194 1284 255 alst.
1712 192 1781 257 talo

96 327 203 381 tiaram
212 326 289 398 juste
308 330 337 382 et
359 322 492 383 canonice
510 325 634 398 possidet
655 327 753 383 autin
776 328 907 384 futurum
919 341 1070 416 Ascopus,
1084 328 1240 401 imperator
1261 332 1310 385 aut
1333 345 1394 400 rex,
1414 329 1547 400 princeps
1567 332 1617 384 aut
1636 329 1779 398 marchio,

95 421 277 475 concessione
292 421 468 493 pontificum,
483 421 634 492 largitione
651 436 754 492 regum
769 423 812 476 rel
828 422 908 493 prin·
961 437 1066 491 comes,
1090 423 1255 491 vicecomes,
1275 422 1376 495 judex,
1398 439 1447 478 seu
1469 422 1566 493 aliqua
1589 421 1780 479 ecclesiastica

96 514 204 585 cipum,
223 513 368 569 oblatione
388 514 527 582 fidelium,
548 531 597 571 seu
620 515 683 570 aliis
701 515 784 585 justis
808 515 911 581 modis,
961 515 1138 571 secularisve
1169 532 1300 587 persona,
1331 516 1404 571 hauc
1433 519 1539 571 nostre
1568 515 1781 572 constitutionis

95 611 252 679 praestanto
277 608 408 674 horisius,
437 609 542 679 poterit
571 608 700 681 adipisci,
728 608 809 664 tlrma
835 609 912 665 vobis
964 609 1099 680 paginam
1126 609 1226 676 sciens,
1250 616 1348 666 contra
1379 626 1442 665 eam
1466 615 1573 665 temere
1598 610 1697 665 venire
1718 615 1780 665 teu·

95 702 251 774 vestrisque
274 702 498 769 suceedentibus,
523 709 551 757 et
576 702 685 758 illibata
713 708 910 775 permaneant,
961 703 1073 771 taverit,
1087 702 1212 758 meando
1227 703 1344 759 tertiove
1359 702 1544 770 commonita,
1556 703 1611 758 nisi
1624 718 1780 775 praesump-

96 811 129 851 ex
143 795 247 867 quibus
262 796 323 851 haea
341 796 463 868 propriis
476 796 611 852 duximus
628 797 815 868 exprimenda
827 813 910 853 voca·
962 796 1071 851 tionem
1110 813 1192 852 suain
1224 813 1351 869 congrua
1386 796 1579 853 satisfactione
1614 796 1780 867 correxerit,

96 891 170 945 bulis
185 909 192 945 :
963 890 1110 962 potestatis
1124 890 1298 963 honorisque
1311 890 1353 945 sui
1369 890 1507 962 dignitate
1521 895 1625 959 eareat,
1640 906 1780 962 reamque

132 985 318 1040 Territorium
338 985 415 1057 quod
438 985 524 1042 habet
544 985 745 1042 Romaricense
764 990 910 1042 monaste·
961 1000 992 1038 se
1014 983 1110 1039 divino
1125 983 1235 1055 judicio
1249 983 1370 1039 existere
1386 983 1421 1039 de
1445 987 1610 1056 perpetrata
1632 983 1782 1056 iniquitate
1861 1040 1864 1047 ,

95 1079 171 1133 rium
185 1079 288 1135 ddocei
301 1082 331 1133 et
350 1079 476 1134 redditus
491 1079 525 1134 de
547 1079 721 1136 llaudasmei
741 1096 813 1151 quos
833 1079 911 1151 guir·
961 1082 1123 1149 cognoscat,
1146 1083 1175 1134 et
1197 1093 1214 1133 a
1236 1077 1425 1133 sacratissimo
1448 1094 1567 1149 corporo
1589 1082 1617 1132 et
1638 1077 1781 1148 sauguine

98 1172 162 1244 puit
174 1172 340 1227 Guilleimus
355 1172 390 1227 de
404 1173 520 1240 arches,
533 1173 631 1228 villam
648 1172 684 1228 de
697 1173 829 1245 Goheray
841 1174 912 1228 Can·
961 1170 1013 1225 Dei
1031 1177 1059 1226 et
1078 1171 1192 1227 Domini
1213 1171 1312 1240 nostri,
1329 1177 1357 1228 et
1376 1171 1576 1245 Redemptoris
1588 1172 1655 1227 iesu
1677 1169 1781 1227 Christi

96 1266 196 1335 durau,
212 1272 349 1338 punctum
372 1266 567 1335 (landricourt,
584 1268 783 1336 Bussoucoart,
799 1266 910 1323 Guislo-
961 1264 1126 1334 alienafiat,
1142 1268 1228 1337 atque
1244 1265 1274 1320 in
1295 1269 1425 1322 extremo
1439 1265 1571 1321 examino
1590 1264 1726 1321 districtae
1740 1265 1780 1320 ul·

97 1358 210 1425 villard,
225 1362 255 1414 et
273 1363 365 1414 terras
388 1359 423 1414 de
442 1359 627 1428 blandasmei,
643 1376 774 1416 mansum
794 1360 824 1415 in
843 1360 909 1415 civi·
961 1358 1030 1413 tioai
1059 1358 1221 1430 subjaceat;
1246 1359 1355 1415 cunctis
1381 1364 1478 1415 autem
1505 1359 1600 1415 eidem
1628 1356 1781 1415 venerabili

96 1457 153 1508 tate
175 1453 308 1521 latiensi,
328 1468 414 1524 quern
439 1453 531 1509 tenuit
553 1455 634 1525 llugo
652 1455 686 1510 de
709 1453 910 1522 Gondrioourt,
961 1450 1023 1506 laco
1050 1467 1101 1506 sua
1120 1451 1187 1522 jura
1210 1452 1389 1508 servantibus
1413 1452 1450 1507 sit
1472 1469 1527 1524 pax
1553 1452 1668 1508 Domini
1690 1449 1781 1508 nostri

95 1546 192 1601 vineas
212 1562 284 1617 quas
296 1546 408 1601 hahetis
422 1546 451 1601 in
466 1548 562 1615 barro,
576 1552 684 1602 terram
697 1563 785 1618 quam
800 1547 912 1603 habetis
960 1545 1024 1599 lesu
1047 1544 1161 1613 Christi,
1176 1549 1315 1617 quatenus
1328 1552 1356 1600 et
1372 1545 1418 1601 hic
1439 1545 1563 1601 fructum
1586 1546 1668 1601 bonae
1688 1544 1778 1602 actio·

95 1640 125 1694 in
148 1639 292 1695 territorio
313 1640 447 1695 Tutiensi.
464 1643 498 1697 Ut
517 1644 614 1696 autem
637 1641 665 1696 in
680 1641 850 1697 monialium
865 1658 909 1697 re·
960 1638 1006 1693 nis
1025 1638 1190 1710 percipiant,
1206 1642 1235 1693 et
1248 1640 1324 1711 apud
1338 1638 1496 1695 districtam
1512 1640 1640 1711 judicem
1656 1639 1780 1712 praemia

94 1733 221 1788 cassibus
242 1733 374 1806 populari
400 1734 552 1790 conventui
576 1750 704 1791 accessus
723 1752 779 1790 non
801 1740 908 1806 pateat,
919 1709 949 1781 Β
961 1735 1075 1787 aeteruoe
1088 1731 1164 1805 pacis
1176 1732 1335 1788 inveniant.
1350 1735 1454 1801 Amen,
1471 1748 1567 1801 amen,
1581 1749 1679 1789 amen.

93 1826 130 1881 ab
152 1826 248 1898 aliquo
270 1827 403 1899 episcopo
422 1828 522 1883 missas
544 1827 672 1901 publicas
693 1828 844 1891 celebrari,
862 1834 911 1884 aut
997 1826 1054 1897 Ego
1067 1825 1205 1880 Adrianus
1221 1824 1385 1898 apostolica
1401 1826 1530 1882 Ecclesiae
1544 1826 1705 1898 episeopus.

94 1936 193 1975 rerum
206 1920 337 1992 ejusdem
348 1920 402 1976 loci
412 1921 625 1993 dispositionem
640 1921 701 1977 lieri
712 1921 908 1994 prohibemus,
995 1919 1055 1990 Ego
1071 1919 1230 1974 ldantredus
1243 1920 1393 1991 presbyter
1405 1919 1560 1975 cardinalis
1575 1920 1603 1976 S.
1617 1919 1740 1977 Sabine.

94 2014 150 2068 nisi
164 2014 199 2068 ab
218 2031 251 2069 co
265 2031 351 2086 quem
371 2014 406 2070 ad
421 2015 481 2070 hec
495 2014 623 2086 ejusdem
636 2016 688 2070 loci
709 2015 851 2071 abbatissa
866 2015 910 2071 vel
995 2013 1056 2083 ligo
1068 2012 1158 2068 tutius
1172 2013 1319 2084 presbyter
1331 2013 1437 2068 cardin.
1455 2013 1533 2068 tituli
1547 2013 1576 2069 S.
1593 2013 1727 2070 Marcelli.

94 2123 227 2163 sororum
264 2110 421 2162 conventus
458 2107 626 2164 invitaverit.
659 2108 790 2165 Ghrisma
829 2125 908 2177 vero,
996 2107 1054 2177 Ego
1080 2105 1224 2161 liubaldus
1243 2106 1391 2178 presbyter
1411 2106 1519 2162 cardiu.
1536 2107 1612 2162 tituli
1633 2108 1661 2164 S.
1675 2107 1778 2166 bucias.

94 2201 192 2255 oleum
214 2206 354 2267 sanctum,
369 2201 597 2257 consecrationes
620 2201 754 2257 altarium
775 2203 818 2257 val
833 2202 908 2257 basi·
996 2201 1055 2271 Ego
1076 2199 1208 2257 dstaldus
1229 2199 1379 2272 presbyter
1399 2200 1511 2257 cardin.
1528 2201 1603 2256 tituli
1625 2200 1652 2257 S.
1666 2201 1777 2259 Priscus.

93 2294 225 2363 ticarum,
252 2294 448 2350 ordinationes
477 2294 645 2350 clericorum
672 2296 720 2367 qui
754 2295 790 2350 ad
817 2311 910 2351 saeros
996 2294 1056 2365 Ego
1080 2292 1223 2349 Gerendus
1244 2294 1392 2366 presbyter
1418 2294 1528 2350 cardin.
1554 2293 1630 2350 titali
1657 2295 1687 2351 S.
1712 2296 1776 2351 Ste-
1834 2338 1840 2351 .

93 2388 207 2443 ordines
220 2387 328 2443 tuerint
342 2389 537 2459 promovendi,
553 2405 755 2462 aquocuuque
771 2390 908 2446 malueri-
960 2386 1059 2460 phaui.
1724 2440 1734 2448 .

94 2481 130 2535 tis
151 2480 310 2553 suscipiatis
333 2481 474 2556 episcopo,
500 2482 549 2553 qui
571 2480 709 2537 nimirum
734 2482 856 2554 gratiam
880 2489 909 2539 et
995 2483 1056 2552 Ego
1075 2482 1199 2536 loannes
1211 2479 1361 2553 presbyter
1382 2480 1492 2537 cardiu.
1508 2480 1582 2537 tituli
1602 2481 1650 2538 SS.
1665 2479 1779 2539 ioannis

94 2575 332 2630 communionem
355 2575 429 2631 sedis
451 2575 614 2647 apostolieae
635 2575 752 2632 habeat.
774 2578 833 2632 Etsi
856 2577 907 2632 ati·
959 2580 988 2631 et
1002 2575 1089 2643 Pauli,
1102 2574 1145 2631 tit.
1161 2573 1297 2629 Damasei.
1339 2612 1341 2616 ·

94 2669 207 2740 quando
227 2675 343 2740 rogatus
364 2669 512 2741 episcopus
532 2669 567 2724 ad
587 2669 792 2725 monasterium
811 2686 907 2727 accas—
994 2669 1055 2739 ligo
1076 2668 1214 2723 Hearicas
1234 2665 1384 2740 presbyter
1405 2668 1514 2724 cardia.
1529 2668 1573 2725 tit.
1589 2669 1638 2726 SS.
1653 2666 1737 2725 Nerei
1749 2671 1781 2726 et

93 2763 172 2829 serit,
186 2779 243 2818 noa
264 2763 348 2818 liceat
366 2763 410 2817 vet
435 2762 471 2818 de
495 2763 682 2832 ornamentis,
696 2764 740 2819 val
765 2763 801 2819 de
823 2764 908 2834 vasis,
958 2761 1085 2818 Achillei.

92 2859 142 2910 aut
163 2854 336 2928 quibuslibet
348 2856 434 2912 rebus
454 2856 612 2930 quidquam
632 2857 687 2913 sibi
703 2857 747 2913 vet
771 2874 909 2931 magnum
993 2857 1054 2927 Ego
1080 2858 1206 2911 loannes
1231 2855 1381 2928 presbyter
1407 2854 1517 2912 cardiu.
1548 2856 1591 2912 tit.
1617 2857 1664 2914 SS.
1691 2852 1779 2912 Silari

93 2950 136 3005 vel
152 2950 288 3022 exiguum
313 2966 464 3023 usurpare;
482 2951 531 3007 sed
545 2968 637 3024 nequa
662 2951 907 3025 archiepiscopus,
958 2952 1043 3022 atque
1055 2948 1177 3017 ltartini,
1195 2950 1239 3005 tit.
1253 2949 1340 3022 Equi.

93 3061 186 3116 neque
216 3044 441 3116 archidiaconus,
471 3062 566 3117 nequa
593 3046 687 3119 ipsum
715 3045 907 3103 dioeaesanum
918 3083 946 3158 C
993 3045 1052 3115 Ego
1075 3042 1261 3099 ildebrandus
1279 3043 1429 3115 presbyter
1447 3042 1557 3099 cardia.
1581 3043 1624 3099 tit.
1650 3042 1777 3101 Basilicas

93 3138 270 3211 episcopum,
292 3154 386 3210 neque
407 3155 557 3211 personam
575 3139 736 3212 quamlibet
753 3141 784 3196 iu
805 3141 908 3195 eodem
958 3137 1001 3192 llll
1018 3137 1230 3209 Apostolorum.

93 3233 266 3288 monasterio
288 3232 447 3304 potentiam
467 3248 601 3289 exercere
621 3233 825 3305 permittimus.
844 3235 908 3289 Pro
993 3233 1051 3302 Ego
1063 3231 1216 3303 Gregorius
1229 3230 1389 3287 sabinensis
1403 3231 1562 3304 episcopus.

92 3325 224 3381 bibemus
239 3326 325 3382 etiam
339 3342 376 3383 ne
388 3326 465 3383 iutra
475 3343 561 3382 unam
575 3327 691 3399 leugam
704 3343 720 3382 a
734 3326 908 3384 monasterio
993 3324 1053 3395 Ego
1077 3323 1137 3379 Odo
1160 3323 1296 3378 diaconus
1314 3324 1468 3379 cardinalis
1490 3324 1580 3379 sancti
1605 3323 1717 3393 Georgii
1738 3323 1776 3381 ad

91 3420 176 3475 liceat
190 3419 272 3475 alicui
286 3437 465 3492 quaecunque
477 3420 623 3488 invadere,
638 3421 680 3476 ael
694 3420 770 3476 bona
783 3420 845 3492 ejus
860 3437 908 3476 au·
959 3417 1062 3473 velum
1075 3419 1214 3473 Aureum.

91 3513 176 3569 ferre.
192 3513 320 3570 Obeunte
335 3531 402 3570 vero
420 3520 448 3570 te
462 3530 539 3570 nuuc
553 3513 683 3586 ejusdem
699 3514 751 3570 loci
766 3514 909 3570 abbatissa
993 3513 1053 3583 Ego
1066 3510 1159 3567 Guido
1173 3509 1248 3565 diac.
1263 3510 1341 3565 card.
1358 3510 1385 3566 S.
1401 3510 1493 3565 itariae
1507 3510 1537 3565 iu
1552 3509 1671 3565 Portica.

93 3609 135 3663 vel
154 3608 280 3679 quelibet
292 3624 390 3663 aarum
413 3624 478 3680 qum
492 3612 598 3681 postte
618 3609 814 3678 successerint,
829 3609 908 3665 nulla
993 3605 1053 3677 Ego
1075 3605 1135 3662 0do
1148 3604 1284 3661 diaconus
1306 3604 1415 3661 cardiu.
1431 3603 1460 3659 S.
1476 3603 1580 3659 Nicotai
1602 3603 1632 3659 in
1654 3603 1776 3660 Carcore

91 3702 150 3785 illic
170 3701 267 3773 aliqua
285 3701 481 3774 subreptione,
496 3701 598 3758 astutia
619 3701 664 3758 rel
687 3702 821 3759 violentia
833 3718 906 3775 prae·
956 3698 1099 3754 Tulliano.

92 3798 227 3869 ponatur,
247 3795 301 3850 uisi
320 3813 407 3868 quam
426 3812 539 3852 sorores
557 3796 703 3852 communi
725 3798 771 3869 (ex
791 3813 852 3868 cap.
873 3797 908 3853 di
993 3793 1053 3865 ligo
1068 3792 1205 3850 Bonadies
1220 3791 1354 3848 diaconus
1367 3792 1474 3849 cardia.
1491 3792 1519 3848 S.
1534 3791 1645 3863 angeli.

93 3890 211 3962 Regula
225 3892 252 3945 S.
268 3889 357 3945 Patris
377 3888 533 3963 Benedicti)
547 3906 697 3960 consensu,
714 3894 766 3947 aut
776 3907 842 3963 pars
859 3906 905 3946 sa·
993 3889 1054 3959 ligo
1067 3886 1181 3943 Ardicio
1196 3886 1332 3943 diaconus
1344 3886 1454 3942 cardiu.
1468 3888 1497 3943 S.
1511 3884 1661 3941 Theodori.

92 3983 182 4039 niune
201 3982 310 4038 consilii
325 3982 482 4039 aecundum
502 3984 554 4038 Dei
568 3984 703 4041 timorem
726 3987 757 4040 st
769 3986 800 4039 B.
815 3984 906 4041 Beue·
993 3982 1053 4054 Ego
1071 3982 1142 4037 Bosa
1159 3981 1297 4038 diaconus
1310 3979 1422 4037 cardiu.
1438 3981 1607 4037 Sanctorum
1621 3979 1732 4036 Cosmm
1749 3981 1779 4037 et

93 4077 161 4134 dieti
171 4078 310 4150 Regulam
320 4076 496 4149 providerint
506 4077 786 4149 eligendam;electa
795 4095 862 4134 vero
871 4079 907 4135 ob
959 4074 1101 4131 [lauriani.

92 4172 277 4246 percipienda
292 4171 498 4227 benedictionis
516 4171 654 4244 mysteria
667 4173 795 4228 Romano
813 4173 907 4244 ponti·
994 4171 1053 4243 ligo
1069 4170 1199 4225 albertus
1211 4169 1347 4225 diaconus
1362 4168 1472 4225 cardin.
1488 4169 1517 4225 S.
1533 4166 1661 4224 ttdriaui.

91 4266 137 4321 tici
149 4270 340 4338 praesentetur
359 4282 424 4339 quae
437 4266 460 4322 si
474 4266 548 4322 torte
561 4283 578 4321 a
590 4267 716 4339 regulari
729 4267 843 4323 hamite
858 4267 907 4324 de·
995 4264 1097 4319 Datum
1110 4265 1169 4319 Lat.
1179 4280 1232 4336 per
1244 4279 1364 4319 manum
1374 4263 1507 4331 Rolaudi,
1517 4268 1621 4319 sauctae
1638 4263 1775 4319 Romanas

92 4364 217 4432 viaverit,
233 4364 478 4438 apostolicaesedis
492 4364 906 4438 correctionibussubjacebitt
958 4358 1088 4414 Ecclesiae
1105 4357 1261 4430 presbyteri
1275 4357 1427 4412 cardinalis
1441 4360 1470 4411 et
1492 4356 1624 4424 cancell„
1638 4373 1666 4410 11¹
1682 4356 1779 4411 Nonas

94 4456 242 4530 episcopus
266 4466 361 4516 autem
387 4459 449 4515 siue
480 4459 601 4515 Romani
627 4458 770 4532 pontilicis
794 4452 1045 4533 licentiaDlunii,
1066 4452 1222 4508 indictione
1246 4467 1273 4520 v,
1300 4449 1502 4507 iucarnationis
1524 4449 1679 4507 Domimma
1700 4465 1778 4504 anuo

91 4552 225 4607 adversus
246 4569 309 4608 eam
329 4568 460 4610 exercere
482 4553 759 4610 animadversionem
781 4553 908 4625 aliquam
960 4549 1039 4614 ¹¹57.
1062 4545 1243 4617 pontificatus
1267 4562 1333 4602 vero
1357 4543 1466 4600 domini
1493 4543 1607 4600 Adriani
1633 4559 1714 4616 pap&
1742 4538 1778 4600 IV

95 4662 152 4700 non
168 4653 333 4717 praesumat.
957 4658 1033 4696 auno
1046 4657 1086 4696 ιιι.

129 4741 312 4796 Decernimus
322 4757 390 4813 ergo
403 4746 435 4796 ut
445 4741 513 4797 nulli
525 4742 645 4799 omnino
659 4742 811 4797 hominum
821 4740 908 4798 liceat
1301 4708 1430 4766 cmlv*

89 4836 243 4908 prefatum
255 4835 458 4891 monasterium
480 4842 588 4891 temere
604 4835 781 4908 perturbare,
795 4838 826 4891 et
845 4835 907 4905 ejus
959 4817 1120 4874 militent
1139 4817 1168 4873 S·
1183 4815 1268 4870 maist
1283 4815 1313 4868 '‘'2
1327 4815 1415 4883 tht'tl
1432 4811 1510 4868 3¹²¹)st
1526 4811 1640 4867 “litim
1653 4810 1776 4882 Mitti»

89 4931 281 5003 possessiones
294 4931 417 5000 auterre,
434 4932 475 4987 ael
490 4932 597 4987 ablatas
611 4932 748 4999 rotinere,
763 4930 906 4996 minuere,
1164 4895 1287 4965 mque
1300 4898 1402 4964 etium
1414 4895 1562 4962 mummi·

90 5043 139 5080 seu
163 5025 337 5097 quibuslibet
359 5025 554 5081 vexationibus
574 5026 705 5096 fatigare,
728 5025 776 5080 sed
800 5024 907 5079 illibata
1224 4991 1373 5099 (ΨΜ
1387 4991 1507 5096 ¹¹¹¹¹2⁸t

90 5116 205 5171 omuino
228 5120 256 5171 et
277 5116 390 5187 integra
409 5121 613 5171 conserventur
632 5130 744 5183 comam,
762 5130 814 5186 pro
834 5130 905 5186 quo·
1074 5086 1221 5160 [Gmffli
1238 5089 1307 5142 ΗΜ·
1322 5086 1417 5153 Nttlt’ae
1429 5084 1521 5153 sima
1539 5082 1584 5152 ¹¹¹2
1600 5080 1657 5157 ⁸2]

89 5227 153 5264 rum
176 5209 383 5282 gubernatione
396 5215 425 5265 et
445 5209 655 5265 sustentatione
669 5223 804 5264 concessa
827 5212 905 5277 siant,
992 5206 1132 5260 Annianus
1151 5202 1313 5275 episcopus,
1335 5217 1432 5257 servus
1451 5216 1596 5257 serrorum
1616 5199 1678 5271 liei,
1695 5198 1779 5257 dilec-

89 5304 185 5360 usibus
219 5302 393 5360 omnimodis
416 5303 575 5376 protutura,
602 5303 678 5358 salva
713 5302 742 5356 in
769 5300 906 5357 omuibus
956 5300 985 5354 to
1008 5297 1067 5353 titio
1080 5297 1228 5354 Gunrasao
1245 5295 1339 5351 abbati
1364 5294 1530 5351 monmterii
1549 5295 1576 5351 S.
1595 5293 1688 5362 illasii,
1701 5295 1777 5366 qaod

87 5399 250 5472 apostoticae
276 5399 351 5453 sedis
377 5397 553 5453 auctoritate.
579 5397 621 5451 dd
646 5395 782 5451 iudicium
807 5400 905 5451 autem
955 5392 985 5447 in
1007 5391 1217 5449 Constantiensi
1238 5390 1416 5462 episcopatu,
1434 5389 1464 5444 in
1485 5388 1546 5444 loco
1565 5388 1707 5458 videlicet,
1727 5389 1778 5462 qui

88 5496 232 5566 perceptas
250 5510 267 5547 a
288 5494 418 5548 Romana
440 5493 506 5546 sede
527 5490 667 5546 libertatis
689 5488 762 5544 intra
784 5494 906 5561 quatuor
955 5486 1042 5558 Nigra
1060 5485 1135 5542 Silva
1156 5484 1271 5552 dicitur,
1287 5484 1374 5539 situm
1395 5485 1448 5551 est,
1464 5482 1583 5555 ejusque
1605 5483 1777 5539 successori-

88 5603 229 5642 auuorum
245 5587 370 5658 spatium
385 5602 451 5641 cum
461 5584 596 5640 astrolino
610 5582 705 5655 pallio,
720 5598 827 5654 equum
840 5598 906 5637 cun·
955 5578 1007 5633 bus
1022 5578 1192 5651 regulariter
1207 5575 1419 5645 substituendis,
1434 5577 1465 5631 in
1482 5582 1666 5649 perpetuum.

88 5681 188 5737 didam
211 5682 291 5736 nobis
315 5680 475 5752 nostrisque
499 5677 708 5733 suecessoribus
728 5675 904 5748 persolvatis.
989 5671 1075 5729 tastis
1095 5671 1295 5744 religiosorum
1315 5668 1463 5726 desideriis
1482 5669 1653 5738 consentire,
1672 5684 1705 5724 aa
1726 5683 1772 5724 ra·

89 5777 118 5839 si
139 5774 205 5852 quis
217 5774 306 5851 igitur
320 5774 350 5831 ia
374 5775 502 5830 laturum
522 5771 754 5847 archiepiscopus
774 5774 823 5826 aut
844 5769 904 5846 epi·
955 5767 1141 5829 honabihbus
1159 5781 1259 5824 eoram
1278 5763 1521 5841 postulationibus
1544 5765 1703 5851 clementer
1722 5775 1775 5859 eq·
