3750 6046
56 164 99 226 ras
499 157 656 229 iirsreau
676 171 944 230 acccasnsrrea.
958 202 993 215 -
1006 168 1092 230 raas
1111 175 1132 229 ι.
1147 204 1181 216 -
1194 174 1256 231 ua
1279 174 1312 230 u.
1696 169 1747 236 tce

58 293 203 366 redarguit
225 294 304 367 quod
324 295 469 351 contraria
488 296 542 351 sibi
565 298 695 354 doctriua
718 300 878 370 replessent
888 315 1009 387 Aquam
1022 302 1120 367 sarciens
1132 301 1224 370 carpeti
1235 301 1324 372 (ibid,
1339 302 1420 371 bib).
1432 302 1625 372 Interrogatus
1637 317 1654 354 a
1667 303 1745 372 prin·

57 389 212 444 Jerusalem
225 394 325 445 eontra
339 390 627 461 generaledecrctum
641 392 796 448 seniorum.
808 397 877 464 Ape·
928 394 991 464 cipe
1014 394 1203 461 sacerdotnm,
1222 394 1388 466 eloquenter
1411 394 1558 467 respondit
1580 396 1747 466 etantiqua

57 482 112 537 stoli
132 499 209 556 ergo
225 484 439 555 responderunt
454 503 460 539 :
475 484 588 541 Obedire
605 491 709 557 opertet
725 490 777 543 lleo
789 489 878 557 meeis
928 492 1041 558 patrum
1056 491 1137 559 gesta
1149 488 1306 558 prudenter
1320 488 1479 560 intrepidus
1498 488 1657 561 explicavit.
1673 490 1753 566 Nam¹

57 593 133 648 qvam
157 578 326 633 Mminibus.
345 581 416 634 Deus
431 585 546 648 potrum
563 587 716 635 nestrorum
733 584 879 636 suscitavit
927 580 963 635 de
976 581 1121 637 Abraham
1135 586 1164 636 et
1175 582 1278 653 ldoyse,
1293 581 1414 652 aliisque
1428 582 1599 652 patriarchis
1613 581 1745 637 idoneam

56 673 155 732 inum,
177 687 259 740 quern
276 687 324 727 uos
338 674 522 739 interemistis,
539 674 728 745 suspendentes
746 677 777 729 in
794 676 876 745 liquo.
927 673 1123 729 laudationem
1137 674 1246 744 extulit,
1258 691 1486 747 magnarumque
1502 692 1598 731 rerum
1612 675 1746 732 narratio

10 760 12 767 '
58 767 130 820 dane
147 767 220 820 tleus
232 768 386 836 principem
400 767 603 823 etsaluatevem
616 769 751 825 esriltuuit
765 769 877 824 deutera
926 784 994 823 nem
1013 767 1190 840 breviloquio
1211 769 1360 824 conclusit.
1383 769 1512 841 Denique
1535 769 1695 824 incredulos
1717 773 1746 824 et

59 874 98 913 sur
126 859 168 913 ad
193 859 318 914 medam
335 862 524 931 penitentium
547 863 632 917 lsrael
652 868 678 916 et
697 865 878 918 retrusionem
926 861 998 933 legis
1018 867 1230 933 contemptores
1251 863 1410 935 redarguit,
1433 863 1520 918 dures
1541 867 1570 917 et
1591 863 1743 919 incircum·

10 946 12 957 '
58 959 237 1024 pcccatorum.
256 955 292 1008 iit
311 969 360 1009 nes
376 969 468 1010 sumus
487 959 566 1010 testes
580 955 676 1011 derum
693 957 834 1012 cuborum
850 964 877 1013 et
926 956 998 1010 eisos
1023 955 1156 1011 cordibus
1181 961 1210 1011 et
1235 956 1350 1012 auribus
1378 956 1473 1028 palam
1502 957 1668 1028 appellavit,
1694 958 1744 1029 qui

60 1048 173 1118 Spiritus
191 1054 306 1103 sanctus
325 1064 405 1118 quern
422 1048 497 1103 dedit
518 1050 588 1105 deus
608 1051 730 1105 munibus
750 1051 876 1106 obedien·
925 1049 1045 1120 Spiritui
1071 1053 1168 1105 salicto
1197 1067 1312 1121 semper
1341 1051 1509 1105 restiterunt
1536 1057 1564 1105 et
1590 1052 1746 1122 prophetas

62 1142 124 1196 tibus
140 1142 206 1197 sibi.
223 1145 286 1199 liae
301 1158 362 1198 cum
376 1143 526 1202 <iuduunt
542 1143 748 1199 dissecabantur
764 1149 791 1201 et
804 1148 875 1212 cepi·
926 1145 1066 1214 persecuti
1086 1148 1159 1199 sunt.
1182 1145 1330 1201 Audientes
1352 1145 1415 1206 bec,
1435 1145 1640 1200 descenduntur
1659 1145 1748 1200 cordi-

10 1284 13 1303 ,
61 1236 387 1305 tabantinterltcercillos
401 1237 484 1305 hiet„
500 1254 526 1303 v,
544 1239 648 1307 l7-33).
927 1239 975 1293 bus
991 1239 1047 1293 suis
1066 1244 1091 1292 et
1109 1238 1261 1294 stridebant
1282 1238 1409 1294 dentibus
1431 1241 1460 1293 in
1479 1254 1549 1293 erim.
1571 1241 1636 1297 Gum
1655 1246 1745 1293 laricem

10 1332 12 1347 '
87 1330 166 1384 lunc
187 1330 326 1385 Gumaliel
343 1330 496 1387 Pbariseus
512 1338 537 1387 et
557 1332 624 1402 heis
644 1332 737 1390 doctor
755 1333 874 1389 benera-
925 1339 992 1388 esset
1010 1333 1164 1402 Stephanus
1178 1334 1277 1403 plenus
1294 1333 1402 1402 Spiritu
1428 1339 1532 1396 sancte,
1554 1333 1696 1388 interdens
1714 1335 1744 1387 in

61 1424 116 1479 bitis
134 1426 273 1480 univesa
285 1425 368 1495 plebi.
384 1426 414 1479 in
430 1426 542 1481 mncilio
555 1426 689 1496 surrexit,
705 1429 743 1496 et,
760 1428 877 1485 remotis
925 1427 1020 1483 cuturn
1041 1427 1112 1482 uidit
1136 1428 1252 1496 pieriam
1273 1429 1322 1482 liei
1342 1433 1367 1481 et
1390 1427 1430 1481 cit
1453 1429 1545 1482 :Ecce
1564 1427 1642 1481 uideo
1665 1427 1744 1482 coeles

59 1516 198 1589 apostolis,
224 1517 377 1574 subvenire
403 1518 459 1574 illis
482 1520 589 1586 volens,
612 1520 708 1591 palam
733 1522 876 1579 recensuit
925 1526 1041 1590 apertos,
1056 1528 1081 1576 et
1093 1524 1185 1576 iesu-m
1202 1526 1319 1577 stantem
1332 1536 1349 1575 a
1362 1521 1466 1576 deutris
1484 1522 1541 1576 liei.
1556 1520 1745 1576 Mlamcrctes

61 1611 180 1682 qualiter
197 1616 267 1666 ante
285 1626 391 1683 paucos
410 1611 470 1668 dies
488 1612 615 1669 Theodss
632 1631 699 1669 eum
713 1630 781 1672 acce
801 1633 876 1671 conr·
923 1619 1015 1670 autern
1035 1630 1096 1670 uoce
1115 1631 1227 1683 mupnlr,
1247 1617 1437 1669 continuerunt
1459 1629 1537 1670 <cures
1554 1629 1630 1676 suas,
1651 1618 1676 1668 et
1696 1616 1745 1668 in·

59 1704 175 1776 plicibus
194 1705 227 1761 in
246 1705 371 1761 nihilum
391 1705 522 1763 redactus
542 1706 639 1777 fuerit,
658 1709 743 1765 ludas
763 1695 913 1782 quoqueB
923 1712 1017 1779 petum
1032 1711 1156 1777 seruant
1173 1710 1340 1764 unanimiter
1354 1711 1383 1763 in
1401 1724 1470 1771 eum,
1484 1713 1510 1762 et
1529 1708 1664 1776 dicentes
1683 1723 1744 1763 eum

56 1799 184 1854 dalilam
196 1815 264 1855 eum
278 1800 345 1867 suis,
360 1799 410 1873 qui
422 1802 560 1873 populum
574 1802 742 1859 avertebant
753 1807 819 1876 post
833 1821 873 1874 se,
924 1809 1003 1858 estre
1025 1805 1172 1866 ciuitatem,
1194 1802 1366 1873 lapidabant.
1391 1805 1477 1858 Testes
1498 1817 1565 1857 vere
1584 1803 1743 1857 uestimenta

55 1893 83 1948 in
107 1894 214 1949 diebus
236 1894 422 1967 professionis
445 1895 572 1966 perierit.
597 1896 735 1966 Tandem,
756 1899 875 1968 prolatis
923 1895 976 1952 sua
998 1912 1071 1952 secus
1099 1897 1180 1968 pedes
1204 1896 1280 1953 Sauli
1311 1897 1486 1952 adolescentis
1513 1895 1692 1965 deposuerunt
1719 1900 1745 1951 et

54 1987 221 2058 hujusmodi
237 1988 380 2060 exemplis
394 1987 466 2044 dixit
481 1991 582 2047 illunc
598 1992 694 2060 itaque
711 1992 770 2047 dice
787 1993 873 2058 nobb,
922 1992 1092 2062 Stephanum
1116 1990 1323 2063 lapidaverunt,
1343 1993 1512 2046 inuocantem
1534 1996 1559 2045 et
1583 1990 1714 2046 dicentem
1733 2009 1742 2044 .-

52 2081 183 2136 diseedite
202 2082 239 2136 ab
259 2082 413 2138 beminibvu
431 2084 491 2139 istis
510 2088 537 2138 et
554 2085 636 2139 sinite
656 2085 728 2152 illos,
744 2088 874 2155 queniam
922 2087 1033 2142 Domine
1053 2087 1127 2148 inu,
1148 2088 1253 2156 suscipe
1273 2087 1401 2156 spiritum
1421 2100 1518 2139 meum.
1538 2085 1635 2139 Positis
1652 2089 1744 2138 autem

51 2178 74 2230 si
92 2182 133 2230 est
151 2191 189 2231 ers
210 2174 365 2231 dominibus
382 2178 524 2233 eonditum
543 2179 590 2233 boc
608 2182 658 2234 aut
678 2194 754 2249 opus,
775 2179 872 2235 dusci-
922 2180 1044 2247 panibus,
1062 2181 1191 2234 cbrmcvuit
1210 2195 1271 2234 uoce
1290 2195 1393 2248 mcvqna
1414 2194 1421 2233 ε
1443 2180 1564 2240 Domine,
1584 2193 1617 2233 ne
1637 2183 1743 2232 statuas

50 2276 145 2336 setun·
165 2271 194 2324 si
211 2285 277 2325 uere
301 2287 337 2325 ee
359 2273 411 2326 llee
434 2275 483 2335 cst,
507 2286 563 2327 non
584 2274 709 2342 poteritis
730 2273 873 2329 dissoluerc
921 2273 979 2327 illis
998 2274 1045 2328 bae
1061 2279 1211 2344 peccatum.
1234 2275 1269 2327 Et
1290 2290 1351 2327 carm
1372 2274 1419 2328 boc
1440 2273 1561 2335 diuinet,
1581 2272 1743 2327 obdormirit

49 2379 104 2430 sos,
119 2378 153 2418 ne
162 2365 240 2431 sertc
252 2368 279 2419 et
291 2367 344 2420 lieo
356 2379 508 2435 repugnare
520 2365 678 2421 videremini.
695 2365 743 2420 llis
755 2366 871 2434 auditis,
921 2368 952 2421 in
969 2369 1081 2422 Domine
1094 2367 1176 2436 (Act,
1194 2383 1241 2433 vu,
1257 2365 1342 2436 ibit).
1356 2366 1412 2420 lloc
1431 2364 1529 2436 itaque
1548 2365 1672 2421 secunde
1690 2367 1741 2420 llo·

52 2457 96 2510 itti
114 2462 317 2521 sensnumunl,
337 2462 363 2513 et
383 2459 515 2528 apostoles
531 2465 716 2528 merceantur,
731 2462 805 2516 cesis
823 2461 871 2516 dc·
923 2461 1036 2516 minicae
1049 2460 1226 2516 escensionis
1243 2476 1329 2528 anne,
1346 2476 1384 2514 vu
1404 2459 1463 2513 Kal.
1479 2458 1618 2526 ianuarii,
1633 2458 1737 2513 lactum

50 2554 251 2607 seruauerunt
270 2567 305 2608 ne
323 2553 497 2621 thucrmtur
513 2555 544 2609 in
563 2555 670 2609 nemine
688 2556 762 2617 lesu,
780 2570 873 2625 eosque
922 2561 973 2610 est.
998 2557 1086 2610 Porro
1110 2555 1163 2609 viri
1187 2553 1312 2610 timorati
1337 2568 1441 2625 eorpus
1467 2553 1686 2624 protomartyris
1709 2552 1739 2607 in

50 2644 444 2716 multidinum
456 2647 533 2702 ibant
545 2647 871 2719 gaudentesuccnspectu
921 2648 1019 2703 villam
1037 2648 1211 2715 Gamalielis‚
1225 2663 1289 2720 quae
1308 2646 1533 2718 caphargamala
1551 2645 1663 2713 dieitur,
1678 2662 1741 2716 por-
1813 2698 1816 2703 .

49 2740 169 2800 mneitii,
179 2742 310 2810 quartum
323 2740 403 2809 dipni
414 2741 502 2796 babiti
513 2747 577 2796 survi
587 2757 640 2812 pre
653 2745 759 2798 nomine
772 2741 873 2798 Christi
921 2747 1063 2809 urerent,
1080 2747 1106 2798 et
1122 2757 1203 2813 super
1219 2743 1299 2798 illum
1310 2728 1454 2812 planctum
1469 2756 1600 2810 maenum
1617 2743 1740 2808 fecerunt

49 2834 242 2889 nemetum
252 2836 324 2905 pati.
342 2834 525 2890 Ovnniautem
542 2835 587 2891 die
602 2837 745 2906 intemplo
760 2839 872 2893 etcirca
921 2837 1004 2907 (Aen,
1025 2853 1081 2904 vnv,
1101 2837 1141 2909 tl,
1161 2837 1260 2908 ibique
1282 2838 1448 2892 reverenter
1466 2834 1657 2906 sepelierunt3
1675 2849 1740 2888 eum

50 2925 143 2981 denes
173 2943 229 2982 non
260 2928 419 2992 mebant,
448 2929 571 2985 decentes
602 2933 628 2985 et
657 2930 872 3000 evangelizantes
920 2948 978 3004 quo
1002 2931 1184 3003 postmodum
1210 2929 1391 2995 Nicodamus,
1418 2927 1556 2983 Gamaliel
1582 2930 1611 2981 et
1635 2926 1740 2981 asinas

52 3020 191 3076 Christum
209 3021 300 3076 iesum
317 3020 408 3089 (ibid,
426 3022 531 3090 Μὴ.
922 3026 1056 3080 tumulati
1084 3029 1159 3080 sunt.
1185 3025 1243 3080 lllic
1267 3030 1362 3079 tantus
1387 3022 1538 3077 thesaurus
1564 3021 1628 3092 plus
1652 3037 1739 3091 quam

85 3115 118 3169 in
131 3113 229 3168 diebau
243 3115 311 3177 illis,
328 3120 459 3170 errsunte
472 3130 584 3171 numne
598 3115 804 3186 discipulorum,
814 3068 910 3185 tac·C
923 3136 974 3177 ccc
989 3118 1071 3174 annis
1085 3119 1206 3187 delituit,
1220 3117 1311 3174 donec
1326 3115 1408 3171 illum
1422 3115 1563 3171 lucianus
1580 3114 1739 3186 presbyter,

53 3212 110 3261 un
131 3213 183 3269 est,
203 3213 306 3262 eontra
327 3207 451 3263 Hebraea
472 3224 597 3264 munnur
617 3210 779 3273 (trecorum,
801 3211 873 3281 quod
923 3215 1065 3271 reuelante
1085 3214 1151 3278 tlee,
1170 3212 1279 3268 invenit
1300 3217 1329 3266 et
1345 3212 1469 3266 loannes
1486 3209 1741 3280 ierosolymitanus

51 3300 256 3371 despicerentur
272 3303 303 3355 in
321 3302 471 3357 ministerio
490 3303 651 3372 quotidiano
667 3304 871 3361 amaseorum.
922 3310 1036 3382 praesul,
1053 3325 1089 3364 vu
1108 3308 1222 3363 llenorii
1238 3305 1420 3380 imperatorie
1434 3319 1519 3372 anno,
1536 3303 1564 3358 in
1582 3303 1740 3359 Jerusalem

53 3393 132 3449 liade
147 3401 327 3450 conaerentes
346 3395 488 3451 duodecim
504 3396 707 3453 multitudinem
725 3398 871 3469 discipule·
923 3402 1074 3459 transtulit.

53 3504 123 3551 ruas,
147 3489 281 3545 dicerem
304 3508 313 3544 s
336 3491 399 3549 don
423 3496 461 3546 cst
484 3506 591 3561 equum
615 3506 664 3547 nos
686 3491 872 3562 deretinquere
958 3496 1091 3568 Lapidato
1101 3496 1255 3567 Stephane,
1267 3494 1296 3548 in
1307 3493 1428 3550 Ecclesia
1437 3508 1502 3564 quar
1513 3497 1574 3548 erat
1583 3490 1739 3547 Jerusalem

54 3583 162 3638 verbum
185 3585 234 3639 liei
253 3589 280 3640 et
299 3586 456 3640 ministrare
474 3587 581 3641 menan.
606 3586 778 3645 Considerate
798 3602 870 3656 erpo,
921 3606 1027 3662 magna
1046 3588 1204 3660 persecutio
1223 3588 1296 3643 iacta
1315 3590 1367 3652 est,
1381 3590 1410 3642 et
1423 3602 1532 3653 omnes,
1549 3588 1653 3656 preter
1665 3599 1736 3655 ape·

55 3679 162 3744 tratres,
177 3679 252 3733 odes
271 3694 306 3733 ea
321 3678 396 3734 uobis
415 3679 479 3734 beni
493 3681 637 3735 udinemi
654 3684 764 3751 septen,
779 3682 872 3752 plenos
922 3684 1017 3751 stelas,
1040 3699 1092 3754 per
1118 3680 1248 3753 regiones
1273 3680 1378 3736 ludere
1403 3685 1432 3735 et
1455 3668 1594 3734 Samariae
1619 3677 1740 3748 dispersi

55 3771 158 3842 Spiritu
172 3779 270 3828 sancte
287 3777 314 3829 et
328 3775 477 3844 sapientia,
492 3789 558 3843 ques
576 3776 773 3830 constituamus
791 3791 872 3846 super
921 3781 996 3834 sunt.
1013 3780 1044 3832 ln
1060 3777 1119 3849 ipsa
1135 3781 1230 3830 unica
1245 3773 1423 3845 dispersione
1441 3771 1546 3843 Spiritu
1566 3773 1661 3825 uncte
1678 3785 1742 3825 eer-

56 3864 100 3920 lee
117 3882 198 3937 epus,
220 3881 269 3922 nos
286 3873 379 3922 numm
393 3869 512 3922 molioni
527 3873 552 3923 et
572 3870 721 3924 minutario
737 3870 813 3924 uerbi
826 3873 870 3925 in·
921 3870 1048 3928 roborati
1066 3870 1188 3943 plurima
1206 3869 1268 3923 loca
1283 3866 1494 3938 pertransibant
1511 3868 1541 3919 et
1554 3864 1673 3919 verbum
1689 3863 1738 3919 llei

54 3965 151 4015 staatoe
169 3963 281 4016 merus.
301 3959 416 4015 Cunctis
435 3960 490 4016 hoe
512 3962 713 4031 annuentibus,
734 3962 872 4032 eleperunt
922 3964 1163 4037 evangelizabant.
1184 3963 1261 4017 Tune
1282 3961 1428 4032 Philippus
1449 3960 1476 4013 in
1499 3957 1629 4014 Samaria
1646 3957 1739 4012 Chris·
1844 3952 1847 3957 ’

55 4053 229 4124 Stcpbanum,
254 4056 346 4111 uirum
370 4054 423 4124 ride
447 4060 472 4110 et
500 4056 606 4126 Spiritu
630 4061 724 4112 sancto
749 4058 869 4127 punam,
920 4066 981 4117 tum
998 4058 1164 4132 predicavit
1182 4062 1211 4112 et
1228 4056 1318 4111 multa
1334 4055 1426 4126 signa,
1442 4052 1604 4125 paralyticis
1617 4058 1643 4106 et
1660 4050 1737 4107 elau·

57 4147 210 4219 Philippum
233 4155 260 4204 et
282 4151 438 4213 Procerum,
460 4152 623 4209 Nicanorem
645 4155 671 4205 et
691 4152 868 4217 timotheum,
920 4155 964 4210 dis
975 4170 1008 4209 ne
1021 4151 1206 4209 doenroniacis
1225 4151 1254 4204 in
1270 4149 1385 4204 nomine
1400 4147 1504 4204 Christi
1524 4146 1640 4214 curatis,
1655 4145 1736 4200 audi-

57 4241 215 4298 Purmenuvn
234 4247 260 4297 et
277 4244 421 4299 duotaum
438 4244 571 4299 aduenam
590 4245 794 4301 Antiochenam.
815 4248 870 4301 llos
920 4249 1030 4305 teribus
1057 4247 1114 4302 suis
1140 4245 1274 4301 ostendit.
1300 4242 1471 4299 Samaritani
1497 4240 1671 4297 unanimiter
1693 4238 1739 4294 his

58 4342 117 4391 ante
139 4341 311 4406 commatum
331 4338 513 4407 apostolerum
535 4343 692 4394 statuerunt
713 4344 738 4394 et
761 4346 871 4395 errrnies
920 4359 984 4417 quae
996 4359 1012 4396 a
1025 4340 1155 4412 Philippo
1171 4339 1340 4394 dicebantur
1353 4335 1544 4392 intendebant
1561 4340 1590 4388 et
1605 4349 1670 4387 eum
1684 4333 1740 4387 als-

58 4433 90 4485 n's
109 4446 209 4486 manus
231 4433 427 4502 irnpeeuerunt.
450 4435 482 4488 ln
502 4432 653 4488 imussctem
675 4433 1018 4515 discipulorumDeritate
1038 4451 1146 4506 magna
1165 4433 1252 4488 sidem
1269 4447 1369 4486 veram
1387 4429 1587 4501 suscipiebant.
1603 4429 1680 4481 Tunc
1698 4425 1739 4481 Si-

57 4540 179 4580 nemurus
199 4525 280 4581 udde
301 4526 548 4597 multiplicabatur,
571 4529 660 4583 multa
681 4530 764 4583 etiam
790 4528 872 4583 turbu
921 4547 988 4587 mon
1010 4531 1106 4600 llagns
1127 4527 1174 4599 qui
1198 4525 1388 4582 Samaritanus
1405 4525 1468 4595 jam
1488 4522 1556 4576 elim
1577 4520 1736 4585 seduxerat,

57 4619 296 4688 “mmmm
305 4619 516 4692 ⁰b³011¹¹⁰h³l¹¹r
528 4620 612 4692 (aa,
626 4637 664 4689 Vt,
681 4626 750 4693 l·7l·
921 4627 1028 4696 diuque
1046 4622 1164 4693 magieis
1179 4621 1237 4675 suis
1259 4636 1307 4675 eos
1327 4618 1552 4683 dementaverat,
1566 4613 1642 4669 unde
1660 4612 1738 4668 ade-

58 4711 87 4767 ΙΙ.
99 4713 256 4785 Stephanus
266 4717 374 4784 primus
389 4719 551 4785 martyrum.
569 4717 722 4772 Persecutie
737 4719 767 4771 iu
779 4717 869 4772 uscu-
921 4719 1009 4791 eeptis
1029 4733 1149 4790 magnus
1166 4714 1319 4787 putabatur
1337 4717 1365 4767 et
1386 4726 1492 4783 magna
1510 4708 1560 4763 Dei
1579 4707 1666 4762 virtus
1687 4723 1736 4761 vo·

85 4811 155 4863 nun
166 4808 330 4865 ierusalem.
340 4809 423 4865 Pauli
436 4813 583 4866 maruno.
598 4812 734 4867 lliracula
749 4813 833 4867 Petri.
922 4814 1036 4869 sabatur
1049 4811 1180 4882 Philippo
1193 4804 1395 4877 evangelizanti
1406 4804 1442 4859 de
1455 4819 1544 4876 regne
1556 4801 1603 4858 liei
1617 4799 1739 4856 eredidit

84 4902 248 4973 supensus,
267 4902 369 4973 piem
391 4906 484 4972 pratia
506 4909 532 4959 et
555 4904 731 4973 suetudine,
752 4905 871 4973 secubat
921 4912 960 4976 et,
974 4923 1039 4963 cum
1058 4905 1120 4960 aliis
1133 4903 1200 4959 viris
1215 4905 1299 4973 atque
1315 4897 1482 4955 mulieribus
1493 4898 1523 4953 in
1541 4897 1658 4952 nomine
1672 4897 1738 4951 iesu

53 4997 179 5067 Mittit
196 5002 224 5051 εἴ
239 4997 318 5066 ‘lim
332 5013 436 5068 mupna
451 5000 481 5053 ln
498 4999 609 5070 popula
626 4997 786 5055 invidentes
801 5014 870 5071 erge
920 5002 1024 5060 Christi
1041 5000 1210 5071 baptizatus,
1223 4995 1355 5067 Philippo
1368 4993 1497 5049 adhesit.
1513 4992 1601 5063 Signa
1615 4991 1695 5046 enim
1710 4992 1738 5043 et

54 5090 138 5147 iudei
159 5090 190 5145 in
209 5090 292 5146 illum
310 5096 506 5161 surrexerunt,
521 5097 551 5148 et
564 5093 736 5165 mputvcutu
750 5106 809 5149 eum
826 5109 870 5164 eo,
920 5097 1038 5152 virtutes
1054 5094 1191 5150 maximas
1206 5089 1268 5146 fieri
1286 5087 1401 5144 videbat
1415 5094 1443 5142 et
1462 5086 1529 5141 inde
1546 5101 1598 5157 pro
1619 5083 1738 5139 insolitis

52 5187 193 5256 muntia
212 5189 240 5241 et
258 5187 389 5257 Spiritui,
410 5202 467 5258 quo
487 5187 656 5258 loquebatur,
675 5189 796 5243 resistere
816 5202 871 5243 nen
922 5190 1066 5246 admirans
1079 5186 1211 5258 stupebat
1225 5183 1313 5254 (ibid,
1328 5183 1413 5251 ²·l3l·

55 5284 217 5351 potueruut.
233 5282 305 5336 lune
321 5279 407 5335 falsos
421 5284 518 5350 uetes,
531 5283 580 5352 qui
591 5281 711 5337 dicerent
725 5296 753 5337 se
765 5281 872 5338 ouduse
957 5284 1081 5356 Apostoli
1099 5287 1200 5349 autern,
1214 5280 1264 5349 qui
1283 5282 1360 5332 erant
1376 5275 1555 5344 tuesotpmis,
1571 5287 1631 5327 cum
1643 5271 1736 5326 audis-

53 5388 108 5430 αι
119 5375 253 5431 &mum
270 5375 354 5431 uerba
372 5374 544 5448 blasphemiae
560 5376 591 5430 in
611 5377 720 5446 nepveu
732 5382 758 5432 et
778 5379 870 5440 uun,
920 5385 980 5436 sent
996 5381 1063 5448 quia
1085 5373 1191 5445 recepit
1209 5373 1337 5430 Samaria
1354 5370 1466 5425 uerbum
1484 5369 1541 5430 liei,
1556 5370 1686 5422 iuuerunt
1702 5365 1739 5419 ad

52 5470 234 5526 Manat
260 5474 287 5526 et
313 5469 418 5540 plebem
448 5485 481 5526 ac
507 5472 624 5527 unierm
654 5476 736 5542 atque
764 5471 872 5529 Scribas
921 5489 962 5530 eos
985 5475 1094 5528 Petrum
1119 5475 1144 5525 et
1165 5472 1304 5525 loannes.
1325 5464 1379 5532 Qui
1399 5479 1459 5519 eum
1479 5462 1621 5527 renascar,
1644 5473 1738 5515 errare·

52 5568 259 5621 menne.
285 5562 393 5621 Deinde
420 5570 609 5622 mneurrcntes
635 5581 696 5621 eum
720 5569 872 5636 rapuerunt
920 5575 987 5625 runt
1004 5582 1054 5639 pro
1071 5566 1138 5637 ipsis
1157 5567 1189 5619 ut
1203 5564 1353 5632 mcipnervl
1365 5558 1500 5628 Spiritum
1514 5561 1648 5610 sanctum.
1667 5554 1740 5608 Tunc

53 5664 75 5716 rt
91 5659 122 5716 in
143 5657 268 5716 concilio
284 5661 422 5715 statatum
437 5664 648 5716 accusmernnt.
665 5660 759 5718 Onnes
775 5662 872 5715 autem
921 5677 1020 5719 nanus
1031 5675 1113 5733 super
1130 5657 1285 5730 baptizatos
1297 5652 1482 5725 inponebant,
1496 5651 1524 5704 et
1539 5647 1592 5721 ipsi
1605 5648 1740 5718 spiritum

51 5757 95 5833 qu
113 5753 251 5815 ΜΝ
272 5755 303 5811 lt
322 5754 594 5820 eminuerunt
612 5757 713 5829 (mem
731 5755 789 5830 qus
807 5759 870 5814 ten·
921 5761 1043 5819 mnrium
1055 5753 1225 5830 aocipiebnnt
1240 5748 1334 5831 libid..
1347 5742 1542 5825 tle-lmine
1554 5739 1754 5802 suessanum

148 5842 291 5919 riuos.
314 5841 522 5914 ctimt'lll.
1587 5840 1609 5903 t
