3750 6046
59 200 129 257 stes
730 200 875 259 bthoGl.
896 227 930 239 -
950 199 1013 254 Lln.
1034 196 1068 253 lt.
1669 202 1737 258 neo

59 324 183 397 Spiritus
198 323 285 379 sancti
301 341 308 391 ;
322 325 368 380 sed
388 340 447 379 non
473 331 566 380 tecum
593 325 654 381 dico
676 324 752 398 quod
766 325 813 379 illa
829 325 872 379 in·
885 335 1011 408 Aquam
1024 319 1125 376 sterilis
1141 324 1212 391 erat,
1224 324 1335 377 tentum
1350 321 1454 394 ubique
1465 339 1516 395 per
1529 324 1683 381 divinitatis
1698 341 1741 381 cs·

59 419 187 474 sulllutio
200 418 288 474 fucrit
310 419 499 491 processionis
519 436 583 491 quae
603 437 620 475 s
641 419 710 475 Filio
730 421 774 490 sit,
789 419 877 491 signi·
927 415 1067 481 sentiam;
1082 420 1219 487 unquam
1233 415 1340 472 diceret
1355 433 1361 472 :
1376 417 1500 489 Accipite
1514 417 1650 490 Spiritum
1658 435 1739 475 sanc·

60 512 168 567 ficatio.
186 534 200 562 n
212 512 365 567 Anselmus
375 512 610 584 havelbergensis
622 513 772 584 episcopus
786 513 875 569 dixit:
928 511 990 563 tum
1005 509 1034 564 in
1047 509 1148 582 gretia,
1163 511 1211 582 qui
1225 509 1305 582 prius
1315 511 1392 583 apud
1406 528 1454 567 vos
1469 514 1530 567 erat
1541 512 1600 568 sola
1610 513 1740 583 essentiae

59 606 119 661 «Si
135 605 418 662 Christoinsultlante
432 623 463 661 ac
473 606 583 662 dicente
593 607 731 677 :Accipite
744 609 877 677 Spintum
927 603 1045 674 accipite
1058 604 1090 658 in
1106 603 1226 673 donum,
1248 604 1325 677 quod
1348 606 1426 678 prius
1445 606 1522 678 apud
1544 623 1593 662 vos
1606 613 1667 663 crat
1681 611 1745 663 tan-

56 705 192 767 sonctum,
221 700 341 771 apostoli
364 707 536 772 occeperunt
561 700 699 772 Spiritum
737 707 877 772 sanctum,
929 713 1017 768 quant
1034 698 1181 766 aliennm;
1202 698 1321 770 accipite
1343 699 1371 753 in
1400 716 1450 755 usu
1472 704 1501 755 et
1520 716 1649 766 munere,
1663 699 1740 774 quud

59 809 151 866 quare
174 794 233 865 ipsa
262 793 414 853 insultlatio
442 810 499 849 non
534 793 669 849 credatur
694 794 879 868 processionis
928 791 1095 863 priusapud
1115 807 1163 847 ros
1177 795 1239 847 eret
1253 793 1313 848 sine
1327 793 1652 866 munerisacceptione;
1667 796 1740 852 acci-

58 887 123 959 ejus
137 887 333 957 significatio?
349 889 455 944 Rursus
480 888 503 942 si
519 888 641 960 Spiritus
661 892 774 945 sanctus
798 890 879 945 disci·
927 884 986 955 pite
997 884 1135 940 inetiectu
1149 885 1302 957 spiritualis
1311 886 1507 960 gratiae,quod
1520 887 1742 961 hactennsepud

57 982 136 1053 pulis
149 980 233 1036 datus
247 984 317 1037 esta
331 981 402 1037 nino
419 982 596 1053 insufflante,
613 999 679 1039 cum
693 983 764 1039 dicit
780 1000 787 1038 ι
802 986 879 1040 Acci·
928 995 976 1033 vus
989 982 1050 1034 erui
1062 979 1120 1034 solu
1133 981 1287 1053 praeueuuu
1302 981 1432 1037 esseuliae
1444 981 1579 1055 {accipite
1591 999 1644 1055 per
1656 999 1739 1040 tuuc·
1854 977 1859 983 ⁵

55 1079 115 1146 pite
129 1075 264 1146 Spiritum
276 1081 417 1142 sanctum
432 1076 487 1143 dic,
501 1093 608 1149 quaeso,
617 1077 763 1149 quomodo
777 1094 794 1133 a
809 1077 878 1133 Filio
929 1071 1122 1141 tilicationem,
1139 1072 1214 1146 quod
1230 1074 1309 1145 prius
1322 1075 1399 1148 apud
1414 1079 1531 1130 roserat
1543 1076 1605 1132 sine
1620 1077 1740 1148 alicnjus

56 1169 183 1225 donante
212 1169 342 1241 pervenit
371 1170 401 1225 in
430 1170 585 1243 discipulos
612 1171 796 1244 accipientes,
822 1172 878 1228 nisi
928 1164 1038 1221 vinetis
1063 1167 1305 1224 manifestatione.
1332 1169 1409 1226 Sicut
1433 1171 1456 1225 si
1481 1170 1626 1227 diceretur
1656 1169 1740 1226 elicui

55 1262 155 1318 abillo
170 1263 365 1335 procedendo,
377 1281 443 1320 cum
458 1281 514 1337 quo
529 1282 646 1338 semper
658 1270 711 1335 est,
724 1266 795 1321 etad
809 1264 878 1322 istos
928 1259 1019 1315 claros
1031 1261 1125 1316 oculos
1149 1261 1211 1316 sinc
1237 1262 1339 1318 visibili
1364 1263 1466 1335 spiritu
1485 1265 1624 1321 habenti:
1640 1265 1741 1338 Accipe

55 1357 265 1429 perveniendo,
280 1358 460 1429 quibustuae
474 1359 503 1413 in
519 1376 571 1414 usu
585 1360 712 1416 muneris
725 1360 808 1416 datus
822 1360 877 1417 est‘l
928 1352 1025 1409 uuulus
1056 1359 1086 1408 ut
1112 1353 1218 1424 videus,
1240 1371 1311 1427 quos
1335 1357 1412 1427 prius
1438 1357 1474 1412 nd
1501 1358 1655 1413 videndum
1682 1375 1741 1416 non

56 1451 96 1506 Ut
116 1451 192 1506 onim
220 1453 342 1522 apostoli
371 1453 507 1523 Spiritum
545 1460 676 1510 sanctum
702 1455 876 1527 acciperent,
928 1446 1162 1515 hahebas;etad
1175 1449 1291 1503 surdum
1308 1466 1391 1505 eures
1403 1450 1557 1507 habentem
1577 1453 1738 1510 diceretur:

57 1546 187 1617 oportuit
201 1547 232 1599 ut
248 1548 323 1601 esset
341 1546 392 1618 qui
405 1547 496 1615 daret,
511 1551 539 1603 et
553 1548 592 1603 sic
614 1550 730 1604 edente
754 1549 784 1604 in
804 1548 877 1604 acci·
926 1541 1026 1612 Accipe
1048 1557 1132 1597 aures
1152 1542 1188 1598 ad
1208 1541 1396 1615 audiendum,
1422 1561 1491 1617 quas
1515 1546 1593 1618 prius
1616 1547 1741 1604 habuisti

56 1638 174 1710 piantes
196 1639 387 1710 procederet3
409 1641 549 1713 quamvis,
575 1643 689 1697 tametsi
712 1659 770 1698 non
786 1647 878 1698 essent
927 1640 1033 1705 praeter
1047 1634 1180 1691 audiendi
1196 1652 1298 1705 usum3
1309 1640 1338 1693 et
1350 1640 1382 1691 ut
1395 1643 1473 1694 rnuto
1485 1639 1612 1711 linguam
1622 1641 1739 1696 habenti

57 1733 110 1805 qui
122 1733 293 1805 acciperent,
314 1737 411 1789 tamen
429 1751 487 1791 non
500 1735 595 1791 minus
608 1738 681 1792 esset
700 1736 750 1808 qui
774 1753 876 1808 proes-
887 1725 915 1799 Β
927 1727 1083 1784 diceretur:
1095 1730 1197 1801 hccipe
1212 1729 1340 1803 linguam
1356 1730 1386 1787 in
1398 1748 1480 1787 usum
1496 1733 1642 1805 loquendi,
1652 1751 1740 1806 quam

57 1826 150 1896 deret,
167 1830 274 1882 aeterna
287 1828 363 1883 enim
377 1833 405 1884 et
420 1829 612 1886 substantialis
626 1834 669 1886 est
683 1831 744 1902 ejus
760 1847 876 1902 proces·
927 1822 1007 1894 ptius
1020 1822 1081 1878 ³1⁰0
1096 1823 1149 1879 11⁰⁰
1155 1841 1208 1880 utu
1215 1824 1355 1895 habuitiii
1370 1828 1400 1881 et
1413 1826 1738 1884 mauusauidashubeufi

57 1920 101 1976 sio
114 1939 122 1989 ;
134 1926 162 1977 et
170 1921 281 1977 italicet
291 1928 358 1976 tnnc
371 1922 470 1978 datum
479 1940 536 1979 non
545 1927 610 1995 apte
618 1924 771 1994 diceretur,
779 1927 877 1980 umen
928 1915 1084 1973 diceretur:
1097 1917 1198 1991 Accipe
1212 1934 1314 1974 munus
1328 1919 1365 1975 ud
1378 1920 1648 1993 operandum,quas
1660 1922 1740 1994 prius

57 2031 117 2070 non
133 2014 227 2070 minus
239 2015 345 2070 donum
362 2017 405 2071 rel
423 2017 555 2073 donabile
571 2017 626 2074 dici
637 2020 739 2090 lposset
752 2035 760 2074 ι
775 2018 878 2074 dicitur
927 2010 1304 2085 hubunuproeteroperandi
1312 2013 1449 2075 officium,
1460 2017 1490 2070 et
1497 2015 1597 2071 claudo
1606 2017 1741 2089 pulchros

59 2110 140 2164 enirn
168 2110 288 2179 donum,
317 2114 375 2169 sive
401 2112 535 2168 donabile
562 2112 640 2185 quod
673 2113 790 2185 quidem
816 2112 877 2169 dari
927 2104 1144 2178 pedeshebeuti
1165 2106 1444 2182 dicereturrltccipe
1467 2109 1554 2182 podes
1576 2110 1613 2165 ad
1635 2111 1739 2168 ambu-

57 2207 163 2276 p0r05t‚
180 2222 347 2278 quanquam
362 2224 421 2263 „011
437 2207 537 2276 deum
552 2207 791 2264 datumvemnon
806 2209 875 2264 diei.
927 2200 1054 2268 landum,
1069 2217 1140 2272 quos
1154 2200 1235 2274 prius
1251 2202 1374 2258 habuisti
1388 2207 1494 2274 praeter
1513 2203 1675 2261 ambulandi
1692 2206 1739 2262 be·

58 2302 117 2366 tur,
133 2299 186 2354 nisi
197 2316 263 2355 cum
277 2302 372 2357 datur.
387 2301 499 2373 Quippe
510 2301 628 2372 Spiritus
638 2305 752 2357 sanctus
763 2304 877 2374 propria
926 2295 1062 2350 netlcium
1073 2313 1081 2364 ;
1094 2301 1143 2351 aut
1156 2296 1180 2351 si
1192 2295 1336 2353 diceretur
1348 2297 1432 2352 elicui
1450 2297 1566 2353 habenti
1586 2300 1738 2369 pecuniam

55 2393 179 2448 naturali
192 2395 326 2463 essentia,
341 2411 426 2466 quaa
441 2397 524 2451 Patre
540 2399 569 2451 et
583 2395 654 2452 Filio
668 2399 720 2465 est,
738 2397 875 2467 processi-
926 2388 1043 2444 ulterius
1062 2389 1138 2461 apud
1152 2406 1182 2446 se
1196 2390 1349 2462 repositam
1360 2391 1476 2465 :accipe
1489 2391 1561 2447 hanc
1577 2393 1738 2465 pecuniam,
1834 2420 1842 2441 ·

55 2486 123 2543 bilis
139 2493 190 2556 est,
214 2489 355 2544 donabilis
379 2495 431 2557 cst,
462 2506 513 2545 nec
541 2496 582 2545 est
610 2490 663 2545 nisi
686 2491 875 2563 procedendo,
928 2488 956 2538 θῑ
969 2488 1017 2538 lua
1031 2482 1066 2538 Sit
1079 2483 1116 2538 ud
1130 2483 1279 2554 utendum,
1293 2502 1357 2557 (1¹1ae
1374 2485 1453 2558 psius
1466 2485 1543 2559 apud
1555 2490 1583 2543 ῑθ
1595 2493 1656 2544 erui
1668 2504 1740 2562 ΡΜ·

55 2598 110 2636 nec
124 2582 206 2637 datur
219 2583 273 2638 nisi
294 2584 487 2656 procedendo,
506 2601 558 2640 nee
574 2584 712 2656 accipitur
729 2585 782 2641 nisi
808 2603 875 2658 pro.
928 2582 971 2632 iel*
984 2592 1100 2633 omnem
1116 2581 1172 2632 [11oe
1185 2579 1357 2635 necessilatis
1372 2580 1557 2637 volubilitatis
1574 2598 1667 2638 usum.
1684 2584 1738 2640 Hoc

54 2675 195 2744 cedendo,
212 2678 435 2750 necquidquam
457 2682 592 2749 operatur
610 2678 664 2733 nisi
680 2678 874 2751 procedendo,
926 2669 1023 2743 itaque
1035 2672 1121 2728 modu
1141 2671 1252 2728 uidetur
1276 2689 1337 2728 etse
1358 2671 1467 2730 dictum
1484 2676 1631 2748 :Accipite
1651 2677 1738 2749 Spiri-

56 2769 182 2841 ldeoque
192 2787 257 2825 cum
272 2770 378 2825 dicitur
392 2772 451 2827 sive
466 2788 482 2825 a
495 2773 588 2841 Patre,
605 2773 662 2827 sive
686 2773 786 2830 ai’ilio
800 2761 875 2829 mitti
926 2767 987 2819 [um
1002 2770 1131 2822 tusseium
1145 2766 1175 2822 iu
1190 2783 1243 2822 usu
1255 2770 1285 2823 et
1305 2767 1336 2822 in
1364 2767 1439 2823 dono
1457 2768 1611 2841 spiritualis
1627 2771 1737 2843 gratie,

57 2862 102 2917 rel
116 2863 188 2933 dari,
205 2880 258 2919 nec
269 2864 352 2919 aliter
364 2881 451 2937 quam
470 2864 648 2937 procedendo
664 2867 768 2923 dicitur
793 2868 873 2937 dari;
926 2859 974 2931 qui
996 2859 1074 2930 uriut
1093 2860 1171 2932 apud
1192 2877 1240 2917 vus
1262 2865 1323 2918 erut
1345 2861 1500 2918 diuinitatis
1521 2863 1737 2922 immensitatez

56 2956 147 3028 ipsius
160 2957 237 3013 enirn
252 2958 371 3013 donatio
385 2960 442 3014 sive
456 2959 563 3027 missio,
574 2959 710 3032 ipsiusest
723 2961 873 3033 processio.
926 2953 1054 3026 quumvis
1071 2957 1171 3010 iumen
1193 2960 1258 3012 autu
1275 2957 1448 3026 ³⁰l⁰111¹10ffl2
1463 2972 1496 3012 ⁸0
1521 2960 1581 3013 ium
1597 2958 1738 3016 manifes-

57 3051 175 3106 Dncbus
190 3053 297 3124 quippe
327 3053 419 3108 modis
443 3054 573 3125 procedit
592 3055 715 3126 Spiritus
733 3062 875 3112 mnclusa
925 3051 984 3103 tem
999 3048 1088 3104 sancti
1102 3048 1224 3122 Spiritus
1240 3049 1424 3107 donationem
1436 3051 1554 3108 omuino
1565 3069 1622 3109 non
1632 3053 1739 3111 tuerint

56 3147 141 3201 Patre
158 3149 188 3199 et
203 3146 222 3200 F
224 3146 272 3200 ilio
289 3163 296 3200 :
312 3150 425 3202 estune
439 3148 580 3219 processio
596 3149 657 3219 ejus
672 3156 790 3218 reterns,
811 3167 875 3223 quse
886 3101 914 3177 C
927 3143 1046 3214 uputioli
1060 3148 1191 3216 expertes
1204 3144 1357 3217 spiritualis
1372 3145 1482 3216 gratia.
1503 3146 1585 3203 Unde
1600 3149 1739 3205 Dominus

57 3242 101 3294 est
114 3239 272 3295 secundum
286 3240 521 3309 affectum,idest
534 3242 714 3314 charitatem,
728 3245 876 3316 quaPater
925 3237 1008 3291 Puu'u
1024 3237 1167 3294 Christum
1189 3239 1290 3295 Filium
1304 3238 1512 3296 Deicuufitenti
1525 3240 1596 3297 dixit
1614 3265 1620 3297 z
1639 3246 1740 3300 neone

57 3333 151 3405 diligit
165 3333 268 3389 Filium
285 3338 314 3390 et
329 3336 416 3390 Filius
431 3336 564 3401 Patrem
578 3339 608 3390 et
621 3343 664 3392 est
674 3337 722 3392 illa
735 3339 876 3410 processio
925 3345 962 3394 tt,
978 3333 1070 3388 Simuu
1085 3334 1172 3403 Ptine,
1189 3336 1254 3402 quin
1269 3350 1330 3390 cero
1352 3340 1378 3390 et
1398 3339 1512 3405 sanauit
1532 3351 1586 3391 nen
1608 3338 1739 3393 rosave

56 3428 234 3499 temporalis,
247 3445 312 3501 quae
328 3433 371 3484 est
386 3430 699 3502 secuudumeffecrum‚
708 3431 877 3488 idsstdona
927 3426 987 3488 tibi,
1003 3426 1050 3480 sed
1061 3427 1144 3481 Peter
1155 3441 1230 3482 meus
1242 3430 1291 3497 qui
1309 3433 1347 3483 est
1361 3430 1391 3484 in
1406 3428 1488 3484 coelts.
1506 3429 1643 3486 Videlicet
1660 3447 1693 3486 ac
1715 3431 1739 3485 si

58 3521 121 3592 ejus
136 3538 200 3593 quae
215 3522 320 3577 dantur
334 3523 508 3580 bominibus.
527 3547 540 3575 »
926 3517 1033 3574 diceret
1046 3536 1053 3573 τ
1067 3519 1121 3574 Per
1146 3519 1291 3575 caelestem
1316 3538 1349 3576 ac
1371 3521 1498 3578 divinam
1519 3522 1739 3595 inspirationem

94 3616 224 3672 h'echites
238 3617 468 3690 archiepiscopus
480 3618 650 3675 Nicomediae
666 3619 739 3676 dixit
754 3635 761 3676 :
774 3640 789 3670 a
804 3620 875 3677 Cum
925 3612 980 3668 hue
1004 3613 1147 3684 accepisti,
1173 3630 1232 3669 nun
1251 3613 1377 3669 humane
1402 3616 1496 3671 cunis
1519 3619 1570 3672 eut
1592 3618 1739 3690 sanguinis

57 3710 181 3782 Spiritus
207 3716 321 3767 sanctus
347 3711 450 3784 ubique
485 3713 521 3768 sit
545 3729 597 3785 per
629 3713 792 3783 essentiam,
822 3731 876 3769 nec
925 3707 1096 3762 revelatione
1113 3707 1281 3775 3habebant
1292 3709 1400 3782 quippe
1414 3713 1443 3765 et
1454 3709 1504 3766 alii
1516 3712 1635 3782 apostoli
1651 3712 1738 3769 fldem

57 3804 146 3860 etiam
160 3805 190 3859 in
204 3805 340 3861 cordibus
357 3807 547 3877 apostolorum
562 3823 612 3879 per
626 3809 808 3879 presentiam
823 3808 874 3865 de·
925 3800 1060 3857 diuinitus
1074 3801 1244 3874 inspiratum
1258 3809 1324 3858 ente
1337 3803 1437 3859 datum
1451 3804 1588 3877 Spiritum
1596 3811 1737 3877 sanctum,

56 3898 156 3968 fuerit,
172 3899 241 3970 quid
256 3902 340 3971 putas
355 3900 499 3957 Christum
515 3900 684 3957 insufflando
698 3901 819 3970 dedisse,
830 3903 875 3958 vel
926 3896 1046 3951 sednon
1061 3899 1179 3967 tentum,
1193 3900 1332 3970 quantem
1353 3898 1459 3955 hebere
1473 3899 1597 3972 'oportet
1609 3916 1676 3957 eum
1688 3903 1739 3974 qni

58 3992 145 4048 etiam
166 3993 308 4063 apostolos
337 3994 485 4066 accepisse,
501 3995 616 4068 quando
638 3994 675 4051 ad
695 4011 742 4051 eos
765 3995 875 4051 dictum
925 3989 1078 4060 perfidem
1106 3992 1256 4047 salvandus
1285 3996 1336 4047 est·
1362 3991 1504 4065 Quidquid
1526 4000 1623 4051 autern
1643 3996 1739 4053 minus

58 4092 101 4142 est
116 4103 123 4141 :
139 4089 260 4158 Accipite
271 4090 406 4159 Spiritum
425 4095 550 4145 sonetum
565 4092 579 4144 7
597 4089 625 4145 Si
645 4089 722 4145 enim
743 4090 875 4145 dicantur
924 4083 1091 4155 habuerint,
1106 4086 1161 4142 hoc
1174 4103 1226 4157 per
1239 4086 1400 4142 solemnem
1413 4103 1446 4143 ac
1459 4089 1737 4162 manifestamSpiri·

58 4181 200 4253 accepisse
213 4181 353 4254 Spiritum
367 4189 507 4252 sanctum,
522 4184 573 4255 qui
586 4189 628 4239 est
652 4185 737 4239 tertia
752 4201 875 4256 persona
924 4183 970 4234 tus
994 4180 1082 4235 sancti
1107 4179 1294 4235 donationem
1330 4181 1493 4253 suppletum
1526 4187 1579 4240 est.
1606 4184 1739 4249 Quidni?

57 4278 88 4332 in
103 4276 251 4343 trinitate,
266 4277 355 4348 etqui
370 4277 477 4348 ubique
496 4283 548 4346 est,
569 4280 597 4334 et
621 4278 671 4351 qui
692 4279 722 4333 in
745 4279 875 4335 cordibus
924 4275 1023 4330 Nonne
1061 4276 1160 4328 Petrus
1189 4274 1382 4345 apostolorum
1407 4275 1546 4348 princeps,
1589 4280 1638 4351 qui
1670 4296 1737 4337 cum

58 4386 158 4425 eorum
171 4370 233 4442 jam
263 4375 335 4440 erat,
351 4372 495 4443 quomodo
514 4376 590 4428 recte
609 4372 664 4428 dici
684 4376 778 4444 potest
797 4373 874 4429 bunc
924 4367 1036 4425 Christo
1049 4384 1079 4422 se
1094 4367 1208 4424 dicebat
1222 4373 1351 4441 paratum
1368 4369 1443 4424 etin
1457 4376 1578 4427 mortem
1592 4378 1621 4428 et
1632 4373 1662 4428 in
1672 4391 1736 4430 car-

57 4482 105 4520 cos
119 4469 187 4520 tunc
203 4465 346 4537 accepisse
366 4482 453 4538 quem
471 4468 531 4538 jam
548 4467 703 4538 habebant,
725 4470 755 4522 et
773 4467 822 4539 qui
842 4461 1076 4550 iaDceremire,
1087 4463 1584 4521 subitoadvocemostiariaeancillae
1591 4466 1736 4525 Christum

57 4559 188 4615 cordibus
204 4576 302 4615 eorum
314 4561 374 4631 Jam
387 4578 440 4633 per
452 4562 634 4633 praesentiam
648 4566 710 4618 erat
722 4562 736 4618 ‘l
750 4563 874 4618 »Amel-
923 4556 1049 4628 negavit,
1072 4556 1121 4629 qui
1144 4560 1241 4613 tamen
1265 4560 1365 4629 postea
1392 4561 1455 4630 post
1478 4558 1577 4615 datum
1596 4558 1735 4631 Spiritum

57 4670 123 4711 mus
149 4655 382 4726 havelbergensis
407 4656 555 4728 episcopus
583 4657 655 4712 dixit
683 4674 725 4711 z«
749 4657 873 4729 Spiritus
923 4656 1065 4720 sanctum,
1092 4651 1211 4707 indutus
1232 4651 1336 4708 virtute
1354 4669 1387 4709 ox
1408 4653 1477 4722 alto,
1500 4651 1677 4725 principibus
1689 4671 1736 4711 sa-

57 4754 170 4804 sanctus
185 4748 403 4820 qnial’atreet
421 4750 490 4805 Filio
510 4750 650 4823 procedit,
671 4750 874 4824 quitertiaest
922 4746 1069 4802 cerdotum
1085 4745 1323 4802 comminantibus
1341 4752 1370 4804 ct
1390 4745 1640 4817 interdicentibus,
1658 4749 1736 4805 nein
1803 4810 1808 4818 ,
1850 4764 1853 4769 ·

55 4843 88 4898 in
103 4842 240 4898 Trinitate
265 4859 398 4914 persona,
414 4844 462 4916 qui
491 4845 592 4916 plenus
616 4851 645 4901 et
664 4846 806 4918 perlectus
830 4849 874 4901 est
923 4840 1041 4896 nomine
1054 4839 1157 4897 Christi
1177 4839 1355 4912 predicaret,
1375 4841 1546 4898 fiducialiter
1565 4843 1735 4913 respondit:

57 4938 144 5005 Deus,
159 4937 207 5009 qui
223 4937 328 5010 ubique
344 4944 398 5008 est,
412 4945 441 4995 et
455 4955 594 5011 nusquam
610 4939 691 4996 deest
704 4957 757 5012 per
772 4940 873 4995 Divini—
923 4935 1033 5006 Oportet
1056 4951 1104 4992 nos
1123 4938 1177 4991 Deo
1206 4937 1294 5005 mopr's
1323 4936 1439 5001 obeam,
1472 4953 1556 5008 quom
1584 4937 1738 4994 bominibus

56 5031 302 5101 tatisessentiam,
321 5034 380 5105 ipse
400 5033 431 5088 in
450 5035 646 5106 apostolorum
675 5035 807 5091 cordibus
820 5035 872 5091 luit
926 5030 1007 5100 (Act,
1022 5046 1047 5098 v,
1059 5030 1115 5097 29).
1129 5030 1163 5084 Et
1175 5029 1366 5102 hecquidern
1379 5031 1496 5087 donatio
1511 5031 1633 5104 Spiritus
1647 5032 1736 5088 sancti

56 5143 110 5199 per
133 5125 194 5197 ejus
210 5125 362 5183 divinitatis
387 5128 582 5198 presentiam,
605 5129 708 5201 quibus
731 5133 872 5201 tanquam
923 5125 1016 5196 prima
1030 5123 1103 5179 tacta
1118 5130 1161 5179 est
1176 5124 1206 5178 in
1221 5130 1297 5179 terra
1308 5140 1361 5197 per
1384 5123 1606 5182 insufflationem
1620 5130 1737 5200 propter

55 5220 215 5276 humilibus
228 5227 257 5276 et
269 5221 365 5277 electis
379 5226 477 5293 postea
492 5222 575 5278 datus
589 5228 631 5279 est
643 5240 696 5295 per
711 5222 875 5279 inhabitan-
923 5217 1103 5274 dilectionem
1117 5217 1250 5290 proximi,
1265 5224 1293 5273 et
1308 5219 1488 5290 postmodum
1508 5219 1583 5276 lacta
1604 5221 1639 5277 de
1665 5223 1736 5279 cato

55 5319 116 5370 tcrn
133 5315 263 5388 gratiam.
291 5316 332 5371 lta
359 5316 465 5388 quippe
488 5317 523 5373 de
549 5317 640 5388 seipso
664 5318 731 5375 dicit
756 5335 764 5374 ε
787 5318 875 5390 Super
923 5311 1301 5385 inveriislinguiepropter
1315 5311 1501 5368 dilectionem
1514 5314 1737 5382 llei3ubietiam

54 5425 136 5481 quem
150 5411 324 5480 requiescum.
346 5412 403 5465 nisi
421 5427 504 5482 saper
527 5412 666 5477 humilem,
692 5416 717 5468 et
739 5415 872 5483 quietum,
924 5407 1106 5478 aliquetenus
1118 5407 1289 5462 instruimur
1302 5407 1390 5479 quod,
1403 5407 1522 5481 quiebis
1537 5408 1737 5485 datusestSpi·

55 5511 82 5562 et
96 5504 179 5560 ocrim
191 5520 250 5561 meo
266 5509 421 5561 trementem
433 5504 448 5561 l
461 5508 533 5562 ltem
549 5523 555 5559 :
571 5508 643 5562 Deos
668 5508 793 5577 superbis
805 5509 872 5562 rest-
923 5502 995 5557 ritus
1007 5507 1129 5572 sanctus,
1145 5518 1162 5556 a
1176 5500 1288 5558 duobus
1302 5518 1418 5574 quoque
1438 5520 1497 5560 non
1521 5504 1575 5574 bis,
1587 5506 1637 5562 sed
1651 5507 1737 5563 simul

54 5602 115 5662 stit,
135 5600 873 5675 humilibus‹rutemdotprottcmtlcc.,1r,hincce·
924 5604 950 5653 et
967 5596 1057 5652 semel
1070 5595 1223 5666 procedam
1236 5595 1274 5652 sit
1285 5595 1463 5667 credendus3
1480 5604 1510 5654 et
1531 5597 1567 5654 de
1588 5600 1659 5656 cralo
1671 5599 1737 5669 oui·
1829 5612 1833 5619 ·

54 5698 163 5767 perunt
174 5694 271 5767 itaque
285 5694 424 5768 Spiritum
439 5698 570 5750 sanctum
578 5695 639 5767 jam
650 5694 874 5752 fructificantem
925 5691 991 5748 dem
1002 5689 1302 5764 aequandarum
1321 5690 1376 5763 nur
1389 5690 1431 5745 in
1456 5690 1541 5745 casim
1560 5689 1772 5751 esa'nsxem

52 5804 109 5866 per
119 5787 325 5847 inhabitantem
335 5790 473 5863 gradem,
483 5789 535 5864 qni
545 5790 626 5864 prius
637 5791 716 5868 apud
732 5791 796 5852 illos
810 5794 877 5853 tan·
928 5805 999 5851 rero
1010 5786 1287 5866 nuquamdebilio
1297 5772 1803 5861 adspernamauaaaemaxom

1852 5848 1870 5985 l
