3750 6046
59 218 110 273 45³
484 208 641 267 nrsronu
661 208 928 267 nccrnsnsncl.
943 236 977 248 -
993 204 1081 263 runs
1102 205 1133 260 n.
1150 206 1263 264 -un
1281 208 1323 264 n.
1694 212 1747 269 lsi

60 343 187 399 triarclra
199 358 252 415 per
264 340 441 406 Zachariam,
458 341 557 411 magni
575 339 731 393 testimonii
745 338 875 392 sacerdo·
890 336 1032 423 Aderam
1057 335 1160 390 abbate
1185 342 1212 390 et
1235 335 1371 391 fratribus
1395 335 1496 392 crebro
1518 339 1745 408 provolvebatur,

60 444 128 504 tem,
144 437 356 492 transmiserat.
366 434 468 490 Audita
480 435 638 488 mutatione
649 432 804 500 Guillelmi,
820 435 879 486 tota
929 433 1027 502 petens
1048 433 1088 496 ut,
1105 446 1156 500 pra
1175 429 1367 485 misericordia
1389 429 1449 498 uei,
1466 432 1590 503 amplius
1610 433 1695 503 abjici
1717 438 1747 488 et

60 532 164 586 dumus
191 532 273 603 regia
298 529 455 599 consurgit,
483 526 632 598 omnisque
657 526 757 581 civitas
785 526 877 580 subito
928 523 1074 577 humiliari
1099 523 1154 578 sibi
1175 523 1358 578 concedatur.
1383 524 1490 579 lliliora
1516 525 1543 579 in
1568 529 1745 582 monasterio

60 625 126 679 ruit.
141 624 233 679 Adest
253 639 359 694 magne
372 637 524 693 procerum
536 620 709 691 frequentia,
724 626 754 674 ct
766 620 878 690 plorans
929 617 1082 688 expetebat
1096 616 1199 683 officia,
1219 619 1297 688 optat
1309 617 1461 673 vilissimus
1475 618 1536 673 fleri
1551 624 1580 674 et
1593 625 1743 693 contemp·

60 718 150 772 intrat
171 734 239 772 cum
260 715 405 783 violentia,
427 720 455 769 et
474 713 622 769 Guillelmo
643 729 679 767 ne
695 713 807 768 deserat
830 729 877 766 eos
927 710 969 763 tui
989 710 1094 764 haberi.
1115 711 1177 763 Vult
1196 727 1256 765 esse
1281 717 1312 765 ut
1331 711 1508 781 jumentum,
1531 729 1574 779 ac,
1593 717 1623 768 ut
1646 716 1741 786 pullus

59 811 202 882 supplicat
222 826 288 866 cum
312 809 426 881 lugubri
451 808 639 880 querimonia.
664 807 711 861 llle
736 822 803 861 rero
829 805 877 860 llei
929 803 1411 874 asini,portarconcralratrumin
1424 805 1745 872 domollomini.0uon·

60 906 127 976 igne
141 907 268 970 fervens,
285 903 384 958 omnia
394 901 520 973 reliquit,
531 907 559 956 et
570 917 635 956 cum
646 900 756 971 ingenti
767 900 876 955 honore
928 896 993 952 dam
1018 896 1074 951 dur
1098 897 1318 968 potentissimus,
1341 914 1399 953 non
1420 899 1562 955 erubescit
1587 902 1631 955 vili
1655 903 1743 957 asello

60 998 213 1065 deductus,
235 997 368 1052 omnihus
388 995 530 1062 valefecit,
547 994 722 1065 demumque
740 993 776 1047 ab
796 1008 876 1047 exer·
928 990 1031 1062 gestari
1047 1007 1112 1045 cum
1131 991 1189 1045 suis
1206 991 1385 1047 flasconibus.
1400 993 1470 1047 ltcce
1487 993 1609 1049 domnus
1625 996 1742 1051 Gnillel·

58 1091 114 1146 citu
131 1090 307 1146 Francorum
320 1105 386 1144 cum
410 1088 541 1160 lacrymis
559 1087 720 1159 suspirante
739 1086 875 1142 discessit.
927 1100 991 1137 mus
1005 1084 1035 1137 bt
1049 1084 1084 1138 de
1098 1084 1210 1139 consule
1229 1101 1344 1156 coquus,
1359 1085 1481 1142 deduce
1496 1102 1601 1158 magno
1621 1089 1743 1145 eflicitur

58 1185 97 1240 td
127 1184 324 1241 Briratensem
347 1182 440 1237 vicum
464 1180 643 1253 perveniens,
664 1195 745 1235 arma
769 1196 820 1234 sua
842 1180 877 1235 ad
926 1176 1092 1248 inquilinus,
1113 1177 1191 1249 ligna
1212 1179 1284 1233 collo
1306 1178 1449 1244 deferens,
1471 1181 1639 1252 amphoram
1660 1199 1743 1254 aquae

57 1280 151 1335 altare
165 1277 264 1334 Sancti
271 1277 373 1332 tuliani
382 1275 513 1347 martyris
526 1275 619 1342 offert,
634 1274 748 1346 galeam
763 1276 792 1328 et
801 1290 877 1345 spec·
926 1269 1063 1341 bajulans,
1080 1271 1177 1341 ignem
1198 1272 1342 1326 excutiens
1365 1279 1394 1327 et
1414 1274 1598 1329 succendens.
1615 1277 1742 1331 llanibus

56 1371 175 1429 tabilem
196 1371 329 1443 clypeum
352 1370 380 1425 in
397 1370 505 1441 templo
519 1368 552 1423 ad
569 1368 711 1424 tumulum
731 1369 875 1439 martyris,
926 1364 1048 1435 propriis
1067 1363 1232 1435 parapsides
1248 1364 1349 1433 abluit,
1363 1365 1443 1420 olera
1459 1367 1577 1439 colligit,
1593 1369 1742 1441 pulmenta

57 1466 125 1521 foris
147 1481 218 1521 rero
239 1464 275 1520 ad
296 1464 401 1519 esuum
420 1463 584 1535 pharetram
603 1467 632 1517 et
646 1477 756 1530 arcum,
775 1462 877 1532 ingens
926 1456 1032 1524 condit,
1059 1458 1206 1527 legumina
1233 1458 1368 1513 infundit.
1394 1459 1457 1531 lpse
1483 1476 1550 1516 vero
1576 1463 1741 1519 refectionis

56 1561 150 1614 telum
163 1562 196 1613 et
208 1557 367 1613 versatilem
386 1555 513 1628 gladium
526 1557 583 1611 lleo
594 1558 754 1627 praesentat.
770 1554 876 1610 lleinde
926 1549 1004 1617 hora,
1019 1551 1098 1605 nulle
1112 1549 1319 1607 interveniente
1340 1568 1429 1618 mora,
1444 1560 1547 1610 concta
1562 1556 1638 1610 laute
1662 1574 1738 1628 prac-

56 1649 231 1724 pcregrinus
240 1650 344 1707 Christi
358 1666 410 1721 per
425 1649 608 1721 Aquitaniam
622 1648 657 1703 ad
671 1648 876 1703 monasterium
927 1649 1024 1716 parata
1036 1644 1171 1700 fratribus
1185 1646 1348 1717 anteponit3
1355 1647 1468 1718 jejunia
1479 1649 1656 1715 continuans,
1667 1652 1740 1708 lares

55 1749 208 1818 properat,
224 1744 301 1816 quod
314 1744 373 1816 ipse
388 1743 474 1815 paulo
485 1749 550 1798 ante
563 1743 593 1797 in
607 1758 703 1798 eremo
713 1748 877 1797 constrnxe-
887 1715 916 1787 B
928 1738 1005 1792 foret
1032 1744 1060 1793 et
1085 1740 1214 1795 custodit.
1242 1741 1302 1811 lpse
1327 1739 1417 1810 pistor
1437 1741 1580 1798 clibanum
1601 1745 1741 1813 calefacit,

56 1846 111 1895 rat.
138 1838 231 1894 liudis
253 1837 372 1909 pedibus
393 1837 605 1909 appropinquat
631 1836 815 1905 monasterio,
841 1835 876 1891 ad
926 1846 1013 1902 panes
1026 1831 1149 1903 imponit
1162 1838 1189 1888 et
1205 1839 1300 1889 coctos
1313 1834 1448 1890 extrahit.

55 1947 176 1988 caruem
191 1930 311 1986 indutus
323 1930 423 1986 cilicio.
434 1929 540 1985 Audito
551 1931 613 2000 ejus
621 1929 753 1996 adventu,
765 1929 877 1984 venitur

57 2026 83 2080 ei
108 2024 227 2080 obviarn
247 2024 347 2096 procul
370 2024 399 2078 in
420 2022 505 2090 bivio,
519 2029 547 2078 et
565 2022 647 2077 rude
670 2021 877 2079 contradicenti

55 2119 160 2174 festiva
172 2118 208 2172 ut
220 2133 238 2173 a
251 2116 385 2172 fratribus
400 2117 553 2188 processio.
568 2117 608 2172 lbi
624 2120 691 2172 tunc
706 2116 790 2172 offert
802 2117 875 2189 phy-

56 2212 213 2269 lacterium
228 2211 307 2266 omni
319 2226 388 2266 auro
410 2210 573 2284 pretiosius,
587 2227 653 2265 cum
673 2209 810 2265 calicibus
824 2227 876 2265 an·

57 2306 116 2362 reis
130 2308 160 2361 et
172 2305 329 2377 argenteis,
344 2307 373 2360 ct
392 2305 456 2360 aliis
470 2304 566 2359 multis
586 2305 765 2359 ornamentis
779 2304 875 2359 multi-

56 2399 164 2465 modis,
178 2399 314 2470 facteque
327 2398 478 2470 petitione,
493 2397 632 2454 mnndum
641 2415 707 2453 cum
720 2398 777 2453 siris
788 2397 877 2453 omni·

56 2493 112 2548 bus
125 2492 242 2564 reliquit
257 2491 369 2564 pompis
382 2498 410 2546 et
423 2491 580 2547 lenociniis.

95 2588 189 2657 lgitur
202 2602 279 2642 anuo
292 2586 328 2640 ab
347 2585 543 2642 lucamatione
556 2586 672 2642 Domini
686 2588 748 2655 806,
765 2586 877 2658 imperii

57 2680 154 2736 Caroli
171 2681 273 2752 quinto
290 2679 358 2752 (89),
372 2679 402 2735 in
418 2680 511 2736 natale
533 2681 731 2753 apostolorum
753 2681 828 2736 Petri
850 2686 879 2736 et

57 2776 151 2843 Parati,
162 2774 329 2830 Guillelmns
338 2790 432 2829 comes
442 2774 600 2829 monachus
612 2775 702 2831 factus
712 2777 764 2842 est,
775 2774 879 2830 subito

59 2884 117 2940 que
129 2868 299 2923 immutatus
313 2866 343 2922 in
358 2867 538 2923 Christolesu
553 2871 582 2922 et
594 2867 730 2923 alteratus
739 2875 792 2923 est.
809 2869 877 2923 Fac·

59 2965 106 3017 tus
130 2963 212 3017 enim
235 2961 402 3029 monachus,
428 2960 594 3030 docebatur,
612 2977 664 3016 nec
683 2961 877 3017 confundeba-

963 1925 1113 1989 Quondam
1126 1943 1178 1998 pro
1199 1928 1320 1999 penurie
1332 1927 1489 2000 lignorum,
1502 1930 1539 1985 ad
1558 1931 1741 2002 coquendum

927 2035 1024 2089 panes,
1033 2026 1178 2075 sarmenta
1185 2021 1326 2091 congerit,
1339 2022 1475 2092 stipulam
1485 2023 1606 2095 colligit,
1617 2031 1647 2081 et
1655 2027 1741 2097 quid·

927 2113 996 2185 quid
1021 2129 1122 2169 manus
1145 2114 1264 2181 invenit,
1281 2115 1310 2169 in
1328 2116 1473 2171 caminum
1498 2117 1553 2173 cito
1574 2118 1688 2190 projicit
1710 2137 1743 2176 ae

927 2206 1039 2263 fortiter
1052 2208 1195 2277 calefacit;
1216 2225 1338 2280 cumque
1359 2226 1472 2266 serrum
1490 2210 1540 2266 Dei
1562 2217 1676 2285 tempus
1693 2231 1740 2270 ve·
1841 2258 1845 2269 .

928 2302 1077 2358 hementcr
1087 2307 1213 2375 urgeret,
1225 2318 1349 2374 eumque
1359 2303 1444 2358 nimis
1453 2304 1595 2361 introrsus
1605 2311 1744 2378 argueret

928 2397 1006 2469 quod
1020 2397 1090 2451 hora
1103 2394 1252 2452 reficiendi
1265 2396 1367 2452 fratres
1381 2398 1592 2469 aliquantulum
1613 2403 1742 2472 praeteri·

928 2495 982 2559 ret,
998 2506 1050 2545 nec
1070 2490 1116 2545 ille
1131 2490 1249 2546 haberet
1266 2490 1343 2546 unde
1361 2491 1506 2547 fornacem
1519 2492 1664 2551 cineribus
1676 2512 1741 2551 era·

928 2584 1069 2640 cuondam
1089 2586 1263 2655 extergeret,
1277 2584 1423 2641 Christum
1445 2585 1566 2655 invocat,
1580 2588 1662 2660 signo
1676 2606 1742 2646 cru-

928 2679 968 2732 cis
983 2677 1121 2745 munitur,
1137 2677 1264 2733 medium
1280 2679 1403 2734 fornacis
1417 2679 1514 2749 intrat,
1530 2686 1558 2737 et
1568 2682 1666 2738 omnia
1678 2700 1743 2756 quse

928 2772 967 2827 ibi
977 2772 1086 2843 agenda
1098 2776 1189 2848 eraut,
1205 2772 1356 2844 diligenter
1378 2773 1483 2830 illaesus
1511 2781 1660 2847 praeparat.
1675 2779 1743 2834 Car·

929 2865 1019 2921 bones
1034 2864 1120 2921 nudis
1134 2866 1267 2922 manibus
1286 2867 1409 2938 projicit,
1430 2868 1516 2924 illaeso
1537 2871 1678 2943 scapulari
1698 2873 1739 2930 ci·

928 2976 1013 3016 neres
1037 2959 1166 3032 exponit,
1184 2960 1258 3015 lares
1273 2964 1362 3033 aptat,
1378 2967 1406 3017 et
1423 2962 1645 3020 intromittendis
1662 2967 1744 3037 pani·

61 3059 109 3111 tur
118 3073 129 3125 ;
151 3054 370 3126 corripiebatur,
384 3053 435 3110 sed
452 3070 509 3109 non
532 3054 717 3110 irascebatur.
732 3055 877 3111 lnterduru
889 3083 917 3159 C
928 3055 981 3109 bus
997 3059 1150 3125 temporat.
1167 3055 1211 3110 Sic
1222 3054 1388 3111 Galillelruus
1400 3056 1429 3111 iu
1443 3057 1509 3129 igne
1525 3058 1573 3113 diu
1593 3060 1680 3130 stetit,
1693 3076 1746 3117 nec

59 3166 153 3205 casus
183 3152 213 3204 et
245 3148 358 3220 injuriis
388 3148 482 3216 tasas,
510 3165 568 3204 non
600 3149 756 3218 resistebat,
787 3166 879 3221 neque
931 3148 1015 3202 ullam
1029 3147 1210 3203 adustionem
1226 3148 1253 3202 in
1268 3164 1386 3220 corpore
1399 3166 1448 3206 seu
1463 3157 1539 3207 veste
1549 3169 1601 3208 sua
1616 3154 1745 3225 pertulit.

59 3242 307 3301 comminabatur.
320 3242 468 3300 Gaudehet
480 3242 509 3297 in
523 3242 710 3314 subjectione,
719 3248 748 3298 et
757 3243 880 3301 delecta·
930 3244 1031 3297 Postea
1046 3242 1163 3297 consilio
1173 3242 1293 3298 fratrum
1307 3242 1395 3298 abbas
1409 3245 1524 3301 servilia
1539 3247 1567 3301 ei
1579 3263 1670 3319 opera
1682 3265 1744 3305 om-

59 3336 149 3393 batur
167 3337 198 3392 in
220 3336 302 3391 omni
319 3336 492 3408 abjectione,
508 3340 623 3408 paratus
637 3337 746 3392 cunctis
765 3337 878 3406 servire,
929 3336 999 3390 uino
1011 3336 1176 3408 prohibuit;
1191 3336 1239 3391 sed
1255 3337 1381 3392 orationi
1396 3341 1425 3392 et
1443 3343 1547 3394 saneta
1565 3341 1745 3399 meditationi

59 3431 183 3503 obsequi
208 3432 239 3485 et
262 3429 388 3486 obedire.
410 3428 580 3485 Proficiebat
601 3430 726 3503 qnotidie
747 3430 777 3485 in
801 3431 880 3486 omni
929 3445 1027 3485 vacare
1049 3429 1194 3501 praecepit,
1213 3429 1402 3503 idoneamque
1424 3433 1522 3488 cellam
1539 3435 1565 3488 ei
1587 3436 1744 3506 deputarit.

60 3524 220 3581 ”achate
235 3523 430 3595 etreligione,
445 3530 474 3580 et
492 3524 523 3578 in
545 3524 624 3580 omni
645 3527 751 3581 sanctie
764 3525 880 3597 Regula
930 3523 974 3578 Sic
999 3523 1048 3578 diu
1070 3523 1241 3578 exercitatus
1262 3524 1291 3578 in
1313 3524 1410 3593 activa,
1434 3527 1543 3599 incepit
1565 3530 1745 3601 requiescere

58 3618 272 3689 absemtiune,
284 3618 357 3673 sicut
375 3633 476 3673 aurum
497 3618 528 3673 in
548 3618 662 3673 camino
674 3619 799 3674 mirabili
813 3635 879 3675 coc·
930 3617 960 3671 in
976 3618 1031 3672 vita
1053 3616 1236 3688 speculative,
1251 3623 1279 3672 et
1298 3624 1361 3688 post
1379 3619 1495 3675 Marthae
1516 3622 1665 3677 servitium
1684 3624 1744 3678 fre-

59 3713 152 3769 tione.
176 3710 396 3778 Honesteriunr,
423 3710 500 3783 quod
528 3718 595 3767 ante
616 3713 821 3768 monachatum
844 3729 880 3768 ex
930 3726 1079 3782 quensque
1104 3709 1311 3778 ministerium,
1334 3711 1494 3768 delectatur
1516 3731 1580 3770 cum
1608 3716 1693 3771 llario
1714 3718 1746 3774 in

60 3808 124 3863 toto
132 3821 193 3862 nou
204 3804 374 3877 perfecerat,
386 3805 587 3877 adjuvantibus
594 3805 657 3860 liliis
667 3807 725 3861 suis
735 3805 881 3862 Bemerdo
931 3803 1050 3875 perenni
1066 3802 1187 3859 theoria.

59 3906 89 3957 et
101 3899 258 3956 Guillelmo
269 3898 337 3970 (aa),
348 3915 420 3971 quus
431 3898 612 3955 comitatibus
628 3899 686 3954 suis
701 3901 879 3971 praefecerat,
966 3897 1090 3953 Tandem
1109 3897 1286 3965 Guillelmus,
1302 3899 1442 3969 perfectus
1463 3901 1625 3971 virtutibus,
1641 3905 1742 3975 spiritu

59 3992 276 4065 comitibusque
286 3992 395 4062 ricinis,
407 3992 526 4065 perfecit
538 3997 570 4047 ut
582 3996 718 4064 caeperat.
730 3992 881 4048 Diftlcilem
932 3991 1089 4063 prophetiae
1105 3991 1239 4061 donator,
1253 3997 1282 4048 et
1295 3991 1396 4047 divinis
1411 3995 1533 4050 oraculis
1547 3997 1604 4053 rita
1617 3999 1679 4070 ejus
1692 3990 1743 4055 de·

59 4088 139 4144 riam
158 4086 196 4143 ad
214 4086 276 4159 jam
296 4086 402 4142 dictum
427 4086 632 4142 monasterium
655 4104 707 4158 pro
729 4088 880 4159 asperitato
931 4087 1062 4141 claretur.
1077 4084 1177 4141 Obitus
1196 4086 1239 4141 sni
1253 4086 1329 4142 diem
1352 4086 1448 4142 abbati
1468 4094 1495 4144 et
1517 4090 1650 4147 fratribus
1670 4108 1743 4165 pree-

60 4181 210 4239 muutium
222 4179 335 4249 direxit,
350 4196 452 4252 rupem
472 4196 537 4235 cum
553 4181 661 4236 malleis
676 4183 706 4235 et
724 4180 879 4252 securibus,
932 4178 1013 4248 dixit,
1036 4179 1190 4250 multisque
1211 4179 1309 4235 ricinis
1330 4180 1435 4252 scripto
1454 4183 1543 4239 etiem
1563 4184 1745 4256 significarit,¹

59 4275 208 4348 ranisque
230 4274 472 4330 ferramentorum
497 4274 652 4346 generibus
677 4279 881 4345 argumentose
931 4278 961 4328 et
973 4273 1075 4329 Carolo
1088 4272 1150 4343 regi
1164 4272 1305 4344 delegarit
1318 4275 1464 4344 nuntium,
1479 4283 1505 4333 et
1524 4279 1651 4350 signnm,
1666 4282 1744 4352 quod

59 4368 175 4436 incidit,
195 4368 360 4440 jactatoque
376 4368 411 4424 de
432 4368 574 4440 lapidibus
595 4368 780 4423 fundamento
801 4384 882 4424 secus
930 4367 1014 4421 lieret
1037 4366 1104 4420 dum
1134 4371 1315 4436 moreretur,
1345 4370 1574 4426 manifestissime
1601 4373 1743 4431 indicarit.

60 4463 176 4519 flumen
189 4462 297 4531 Araris,
313 4462 388 4519 riam
411 4463 496 4518 altius
517 4462 629 4517 sustulit
651 4466 680 4517 ct
700 4462 790 4516 monti
812 4455 1066 4528 con-D'fandcm‚
1088 4459 1220 4514 omnibus
1242 4461 1295 4515 rite
1317 4465 1532 4531 consummatis,
1555 4466 1688 4536 migrarit
1712 4469 1742 4523 B.

58 4557 168 4630 junxit.
930 4554 1098 4610 Guillelmus
1114 4570 1130 4607 v
1148 4554 1208 4608 Kal.
1223 4555 1299 4608 lunii
1310 4553 1378 4626 (91),
1388 4556 1496 4627 angelis
1506 4559 1697 4629 gaudentibus
1710 4566 1740 4617 et

98 4649 275 4719 ludovicus,
303 4648 394 4704 Caroli
420 4648 511 4717 lilius,
538 4665 590 4705 rex
612 4649 787 4722 Aquitaniae,
816 4666 881 4705 cum
932 4647 1082 4718 terrigenis
1096 4647 1280 4718 plorantibus.
1294 4649 1371 4703 'func
1385 4650 1418 4704 lit
1436 4665 1489 4720 per
1503 4667 1605 4707 omnes
1619 4653 1744 4710 circum·

62 4745 146 4804 omni
174 4744 313 4812 bonitate,
332 4743 367 4799 de
393 4744 468 4799 fiscis
489 4744 533 4799 sni
552 4743 635 4815 juris,
660 4744 809 4800 Guillelmo
831 4760 881 4816 pe·
932 4758 1045 4813 quaque
1060 4740 1226 4812 provincias,
1242 4757 1294 4813 per
1309 4758 1407 4797 ornnes
1426 4743 1549 4800 minores
1568 4762 1601 4800 ac
1623 4748 1746 4819 majores

62 4844 157 4907 tente,
172 4837 347 4895 monasterio
357 4838 443 4905 dedit,
459 4844 487 4894 et
502 4855 567 4893 cum
583 4841 724 4910 praecepto
737 4838 818 4908 regio
833 4854 883 4891 an·
932 4835 1074 4901 eeclesias,
1087 4851 1208 4906 magnus
1224 4835 1304 4891 valde
1319 4841 1348 4891 et
1362 4836 1492 4892 insolitus
1512 4838 1630 4911 clangor
1644 4840 1744 4912 signo-

63 4934 185 5004 nulique
206 4931 251 4988 sui
270 4933 438 4987 auctoritate
461 4931 593 4987 firmavit.
616 4931 784 4987 Guitlelmus
805 4930 882 4986 circe
932 4945 996 4985 rum
1010 4934 1038 4983 et
1051 4945 1256 5000 campanarum
1276 4929 1393 4997 sonitus,
1408 4931 1494 5003 longa
1508 4933 1642 5004 pulsatio,
1655 4936 1744 4992 mira·

63 5026 278 5084 monasterium
294 5026 361 5081 fecit
381 5026 477 5082 vineta
490 5030 518 5081 et
540 5024 642 5080 oliveta
662 5025 795 5097 plantari,
812 5026 881 5081 hor·
933 5023 996 5078 bilis
1017 5023 1146 5090 tinnitus,
1171 5023 1256 5078 nullis
1276 5022 1440 5079 haminibus
1463 5026 1547 5081 funes
1568 5028 1748 5084 trahentibus

63 5128 167 5193 touque
187 5120 329 5192 plurimos
352 5119 498 5188 constitui,
521 5119 669 5191 ipsamque
692 5119 804 5185 vallem,
832 5118 881 5174 de·
933 5117 977 5171 vel
997 5116 1080 5188 signa
1099 5117 1352 5186 commoventibus,
1373 5117 1426 5173 nisi
1448 5121 1506 5175 sola
1527 5120 1629 5178 uirtute
1650 5122 1747 5179 divina

62 5215 181 5271 stmctis
197 5213 347 5270 arboribus
362 5212 556 5280 infructuosis,
572 5212 725 5268 fructiferis
744 5212 883 5284 pomeriis
933 5227 997 5282 quae
1010 5211 1172 5282 supervenit
1184 5212 1304 5268 coelitus.
1320 5211 1422 5267 Erimii
1433 5214 1485 5269 viri
1498 5221 1629 5272 sanctum
1641 5234 1746 5290 corpus

62 5310 170 5367 melius
191 5309 390 5380 complantari.
405 5309 454 5363 llis
474 5307 535 5380 ipse
555 5311 584 5362 et
605 5307 667 5362 aliis
681 5306 882 5377 hujuscemodi
934 5304 1040 5360 ibidem
1074 5305 1231 5359 honorilice
1262 5306 1440 5375 tumulatur,
1472 5309 1626 5382 multisque
1657 5313 1747 5368 mira-

61 5404 167 5460 studiis
182 5403 312 5459 intentus
327 5401 488 5470 laborabat,
512 5400 696 5473 propriasque
713 5416 815 5455 uranus
835 5416 882 5454 ru·
934 5398 1003 5454 culis
1035 5397 1156 5468 gloriose
1189 5400 1307 5470 patratis
1334 5401 1393 5455 laus
1423 5402 1473 5456 Dei
1498 5403 1622 5459 fideliter
1647 5412 1747 5460 caum·

61 5498 181 5554 chaonis
204 5496 316 5552 actibus
332 5512 384 5568 pro
404 5511 502 5551 amore
523 5494 572 5550 [tei
592 5494 781 5565 mancipabat,
796 5500 826 5548 ct
844 5493 884 5550 sic
934 5497 992 5547 tur.

62 5594 93 5648 iu
109 5607 181 5648 vera
195 5589 359 5647 hnmilitate
373 5593 402 5645 et
413 5589 552 5660 religione
562 5605 592 5644 se
602 5588 712 5660 jugiter
720 5587 883 5646 exercebat.
969 5584 1137 5640 Venerabile
1151 5585 1311 5641 coenobium
1331 5586 1390 5643 illie
1414 5605 1503 5660 usquo
1528 5589 1558 5645 in
1580 5591 1752 5649 hodiemnm

95 5704 524 5775 (ermescenhuson.
964 5701 1372 5766 (circumsaltante.

94 5780 146 5843 tw)
160 5778 226 5843 Lag.
241 5775 407 5835 Guutcelino,
419 5776 463 5828 vel
481 5774 614 5827 Gocetr'no.
