3750 6046
51 212 70 253 ,-
154 164 206 243 toa
239 234 243 239 .
342 150 346 159 ’
840 183 1003 245 oausam
1024 186 1156 245 virens
1786 178 1841 243 tot

153 324 239 364 manu
253 325 384 364 sermone
398 325 465 364 mox
478 308 508 364 in
525 309 642 364 nomine
656 311 721 364 lesu
734 309 839 366 Christi
850 310 967 365 cirravit.
980 311 1223 395 Aeonsistebant,
1245 325 1385 379 omnesque
1402 308 1509 379 Spiritu
1529 315 1621 364 saluto
1645 309 1747 380 repleti
1769 315 1840 365 sunt

152 401 206 467 Oui
224 402 363 474 protinus,
384 402 568 458 consolidatis
586 402 699 458 basibus
718 406 747 458 et
767 404 880 475 plantis,
898 405 969 459 exsi·
1020 405 1168 459 stratibus
1187 419 1274 458 sacrae
1287 402 1497 474 praedicationis
1515 403 1622 456 multos
1637 401 1673 456 de
1688 403 1838 473 profundi·

152 495 223 552 liens
239 499 267 550 st
280 512 407 564 currens,
423 512 490 551 cum
504 496 560 552 illis
575 497 715 568 templum
732 496 847 552 intravit
860 501 890 552 et
901 514 969 568 gau·
1018 502 1079 553 tate
1101 512 1233 552 errorum
1250 496 1286 551 ad
1307 495 1373 551 lidei
1389 495 1569 567 justitiaeque
1589 495 1689 551 lumen
1707 500 1837 553 attraxe-

155 590 226 645 dens
245 589 400 645 Dominum
420 590 530 662 publice
549 589 682 645 laudavit.
697 589 795 646 Omnis
810 594 906 647 autem
920 608 969 663 po·
1019 596 1095 646 runt.

152 685 248 757 pulus,
266 689 297 740 ut
313 683 435 756 speciale
456 684 625 740 miraculum
644 683 715 739 vidit
736 684 845 740 iactum
868 685 897 740 in
920 702 969 739 no-
1053 685 1239 741 Multitudinis
1256 685 1422 740 credentiam
1443 689 1502 739 erat
1523 700 1569 740 cor
1590 701 1677 741 annm
1696 691 1720 742 et
1740 688 1837 743 anima

154 777 234 834 mine
245 776 349 837 Christi
366 795 453 851 super
471 778 614 845 claudum,
629 778 677 849 qui
692 777 818 849 qtrotidie
839 778 966 849 poneba·
1019 794 1084 832 una.
1104 777 1177 833 Nihil
1192 778 1341 849 proprium
1355 777 1457 850 aliquis
1470 778 1629 848 possidebat
1648 795 1744 852 neque
1758 780 1835 852 quis·

153 876 201 930 tur
220 874 256 930 ad
273 873 429 947 speciosam
448 876 560 946 portam
580 871 691 943 templi,
708 872 832 943 repletus
852 876 895 927 est
912 877 968 927 stu·
1018 887 1105 943 quarn
1122 871 1270 927 interillos
1284 887 1371 943 egens
1391 875 1462 927 erat.
1479 871 1578 927 Omnia
1591 873 1647 928 illis
1665 879 1744 929 erant
1762 889 1835 929 corn·

152 984 224 1041 pore
246 972 275 1025 et
298 968 412 1025 exstasi.
434 969 505 1025 Cum
524 970 691 1021 tenerentur
715 968 812 1021 autem
835 966 967 1036 apostoli,
1018 968 1121 1021 muniti.
1141 967 1302 1022 Possessores
1320 971 1460 1021 domorum
1474 970 1521 1020 erut
1539 981 1667 1034 rimorum
1685 967 1838 1023 vendebant

154 1061 276 1119 cucurrit
286 1063 408 1136 populus
418 1061 456 1117 ad
465 1060 607 1134 porticum
620 1059 780 1116 Salomonis
791 1059 968 1115 utclaudum
1018 1064 1044 1114 et
1065 1060 1228 1130 antepedes
1250 1061 1430 1130 apostolorum
1449 1063 1539 1129 petia
1562 1075 1654 1114 eorum
1675 1060 1835 1132 ponebant.

152 1157 328 1228 rideretjam
348 1160 478 1212 curatum
498 1154 603 1211 virtute
624 1154 750 1210 nominis
767 1153 883 1212 Christi.
897 1154 968 1209 Con·
1019 1152 1221 1208 Dividcbautur
1236 1158 1326 1209 autern
1338 1153 1464 1221 sinqulis,
1477 1159 1561 1224 prout
1573 1155 1669 1224 cuique
1684 1170 1751 1224 opus
1763 1161 1835 1209 erat.

154 1255 270 1323 gregata
286 1250 480 1317 multitudiue,
494 1252 594 1305 Petrus
612 1248 690 1321 loqui
709 1247 794 1320 coepit
812 1253 840 1303 et
854 1248 968 1303 laudem
1018 1246 1150 1302 Primitns
1169 1246 1198 1300 in
1217 1246 1374 1302 Jerusalem
1395 1246 1526 1301 ordinata
1545 1246 1586 1301 sic
1603 1246 1706 1302 ellulsit
1722 1247 1835 1316 concio,

152 1344 331 1401 curationisa
344 1362 375 1401 se
389 1344 616 1417 penitushumili
629 1342 847 1399 ratiocinatione
860 1341 966 1413 abegit,
1018 1340 1099 1411 cujus
1125 1345 1183 1396 tota
1203 1340 1279 1396 coelis
1300 1356 1413 1412 semper
1434 1340 1574 1412 llagrabat
1593 1341 1726 1396 intentio.
1754 1342 1836 1396 llunc

153 1439 203 1495 sed
217 1439 314 1495 virtuti
326 1437 478 1495 divinitatis
493 1436 596 1492 Christi
613 1440 679 1492 lesu
694 1436 812 1491 omniuo
827 1435 966 1507 ascripsit.
1018 1437 1190 1489 conventum
1208 1438 1266 1489 tam
1277 1434 1438 1505 jucundum
1449 1434 1587 1490 dedicavit
1598 1435 1661 1490 diva
1673 1435 1836 1491 benedictio

150 1532 262 1588 ludaeos
282 1535 378 1588 utilem
398 1532 459 1603 ejus
477 1535 673 1603 persecutores
692 1530 854 1602 benigniter
874 1529 969 1584 redar-
1018 1532 1047 1582 et
1062 1527 1202 1583 bonorum
1215 1528 1282 1584 inde
1302 1545 1414 1583 morum
1435 1527 1516 1584 nobis
1528 1529 1603 1583 alma
1618 1528 1743 1583 manavit
1756 1528 1836 1583 iusti·

152 1625 224 1697 guit,
243 1627 291 1682 sed
310 1625 505 1699 postmodum,
526 1625 594 1697 quia
614 1640 665 1695 per
682 1623 875 1696 ignorantiam
897 1623 968 1678 lece·
1018 1622 1101 1677 tutio.
1123 1623 1230 1692 loseph,
1249 1623 1284 1677 ab
1307 1623 1435 1693 apostolis
1456 1623 1660 1692 aequaminatus
1682 1622 1833 1685 Bametbos,

151 1719 219 1787 rint,
233 1719 263 1775 iu
281 1718 453 1791 infatigabili
473 1717 667 1774 misericordia
681 1717 806 1789 Magistri
820 1717 864 1772 sui
883 1702 1005 1773 oculi-B
1018 1715 1047 1770 ιιι
1071 1721 1110 1771 est
1132 1716 1204 1784 filins
1228 1717 1431 1779 consolationis,
1459 1716 1560 1780 buttes,
1586 1718 1702 1786 Caprius
1727 1731 1834 1785 periere,

150 1813 231 1882 dens,
252 1812 354 1869 leuiter
373 1812 526 1868 excusarit.
547 1811 587 1867 od
609 1815 800 1882 postremum,
823 1811 859 1866 ad
880 1810 969 1882 poeni·
1018 1814 1169 1881 promptus
1192 1809 1227 1864 ad
1248 1826 1319 1882 opus
1343 1809 1461 1877 bouum,
1484 1826 1549 1866 cum
1572 1808 1694 1865 haberet
1715 1825 1832 1882 agrum,

151 1905 272 1962 tentiam
295 1907 437 1961 scelerum
458 1905 534 1977 ipsos
553 1905 681 1960 inritavit
700 1910 728 1959 et
748 1905 921 1961 Salvatorem
937 1920 968 1959 ac
1017 1903 1142 1957 omdidit
1160 1901 1250 1970 illum,
1274 1903 1369 1958 attulit
1387 1906 1506 1974 pretium
1521 1909 1547 1957 et
1567 1908 1629 1958 (inte
1642 1903 1724 1973 pedes
1740 1904 1833 1974 posuit

151 2016 251 2056 aerum
268 2000 448 2072 prophetam,
461 2003 495 2055 ut
512 2000 617 2071 tdoyses
638 2002 667 2054 et
686 1999 799 2055 Samuel
819 2003 849 2054 et
870 2014 968 2053 omnes
1017 1997 1200 2067 apostolorum
1217 1997 1608 2067 (Act.‚1v,2³·37).rlnanios
1626 2003 1717 2053 autem
1734 2012 1833 2068 aarum

149 2094 299 2167 prophetie
325 2093 462 2166 deinceps
486 2092 689 2165 predixerunt,
712 2092 774 2163 jam
801 2092 913 2148 venisse
937 2092 968 2147 li·
1016 2090 1142 2146 uendidit
1156 2094 1192 2159 et,
1214 2093 1321 2145 conscia
1340 2105 1424 2146 auore
1443 2105 1495 2145 sua
1518 2093 1624 2146 nomine
1647 2090 1778 2161 Septim,
1800 2090 1833 2146 de

151 2187 238 2259 quido
251 2187 419 2242 monstravit
431 2187 516 2257 (Act,
532 2203 561 2254 ιι,
576 2187 626 2255 423
644 2203 682 2254 m,
699 2187 752 2255 ιδ).
1014 2185 1103 2254 pretio
1117 2185 1180 2253 apri
1199 2184 1356 2250 fraudarit,
1370 2190 1395 2238 el
1416 2183 1530 2253 afferens
1547 2187 1652 2254 partem
1670 2183 1830 2254 quamdam,

186 2282 368 2352 loquentibus
389 2282 446 2336 illis
466 2282 504 2337 ad
523 2281 665 2353 populum,
687 2280 839 2335 sacerdotes
862 2283 889 2334 et
907 2295 966 2334 rna·
1017 2277 1146 2348 alipedes
1158 2278 1341 2349 apostotorum
1351 2281 1456 2350 posuit.
1472 2279 1508 2333 Ut
1522 2278 1620 2334 Petrus
1635 2278 1767 2334 fraudem
1781 2293 1832 2349 per

151 2377 284 2446 qistrotus
300 2374 392 2445 templi
408 2378 434 2430 et
452 2374 598 2432 Sadducaei
614 2377 826 2444 superuenerunt
843 2375 872 2428 et
885 2388 966 2428 eom·
1016 2370 1153 2442 Spiritum
1167 2372 1296 2426 sanetum
1311 2371 1453 2444 cognorit,
1468 2371 1687 2427 iraudulentum
1700 2371 1736 2427 de
1750 2387 1830 2428 meu·

150 2467 360 2541 prehendentes
387 2482 447 2531 eos,
472 2471 501 2522 in
528 2467 678 2524 custodiam
699 2471 857 2538 posuerunt.
885 2466 967 2521 Fellis
1016 2462 1096 2519 dacio
1115 2463 1285 2536 increpavit;
1302 2464 1349 2536 qui
1368 2481 1444 2532 mox,
1464 2469 1494 2520 ut
1513 2464 1633 2536 apostoli
1656 2463 1832 2536 redargutio

150 2561 228 2617 euim
242 2560 378 2633 nequitiae
392 2561 472 2634 ploni
484 2561 618 2617 dolebant
632 2560 709 2634 quod
726 2560 865 2633 populum
881 2559 964 2615 doce·
1016 2573 1083 2612 uam
1099 2557 1215 2626 audiuit,
1231 2557 1334 2612 cecidit
1353 2560 1382 2612 ot
1399 2558 1560 2629 exspiravit.
1576 2559 1609 2612 Et
1627 2561 1690 2629 post
1703 2557 1831 2630 spatium

150 2658 215 2711 rent
229 2657 258 2711 et
276 2654 515 2710 resurrectionem
537 2670 572 2709 ex
594 2653 714 2709 mortuis
728 2654 758 2708 in
771 2654 837 2709 lesu
853 2669 965 2708 aunun-
1015 2650 1096 2722 quasi
1120 2649 1208 2706 trium
1235 2651 1380 2721 horarum,
1404 2668 1479 2707 uxor
1503 2652 1563 2723 ejus
1592 2652 1724 2708 nesciens
1751 2650 1831 2724 quod

151 2747 266 2802 tiareut.
281 2748 366 2803 Multi
384 2763 475 2803 eorum
492 2750 540 2818 qui
557 2747 703 2802 nudarant
719 2746 828 2802 cabum
844 2747 964 2802 credide·
1015 2744 1124 2799 iactum
1143 2744 1245 2813 luerat,
1261 2743 1391 2817 ingressa
1410 2748 1463 2816 est,
1477 2749 1538 2801 eta
1555 2748 1637 2803 Petro
1652 2746 1830 2818 interrogata

149 2846 226 2904 runt,
240 2845 266 2896 et
283 2842 375 2907 sacten
393 2846 432 2896 est
448 2856 575 2896 numerus
593 2843 714 2896 uirorum
728 2842 847 2911 quinque
863 2841 963 2895 millia.
1015 2837 1050 2892 dc
1063 2837 1154 2908 pretio
1167 2838 1239 2910 agri,
1254 2839 1375 2894 mentita
1385 2843 1437 2894 est.
1450 2841 1513 2910 lpsa
1526 2855 1639 2912 quoque
1653 2840 1688 2895 ab
1703 2840 1831 2912 apostolo

146 2934 179 2992 ln
189 2935 337 2989 crasnnum
349 2936 453 3000 Annas
466 2936 594 3006 princeps
610 2934 792 2997 sacerdotum,
808 2940 833 2989 et
847 2933 966 3004 Cttiptas
1013 2931 1157 3003 increpata
1168 2933 1319 2987 confestim
1331 2937 1398 2988 ante
1413 2932 1500 3005 pedes
1513 2933 1573 3004 ejus
1586 2934 1693 2989 corruit
1705 2939 1736 2989 et
1748 2950 1829 2989 mor-

149 3032 175 3084 et
188 3028 304 3083 ioannes
324 3032 350 3083 et
367 3027 525 3084 Akaander
538 3033 563 3084 et
583 3032 714 3099 quotquot
727 3033 806 3084 nant
825 3028 965 3097 deqenere
1015 3027 1129 3080 tuaest.
1149 3028 1237 3082 timor
1252 3026 1349 3098 itaque
1369 3042 1484 3098 maqnus
1499 3030 1530 3082 tn
1550 3027 1711 3084 universam
1731 3028 1829 3084 Eccle-

147 3120 323 3184 scandolati,
343 3124 368 3177 et
384 3124 520 3193 principes
540 3128 567 3177 et
587 3124 704 3178 seniores
725 3126 752 3178 et
769 3122 879 3185 saroa,
899 3137 964 3177 con·
974 3090 1002 3164 C
1014 3118 1084 3173 siam
1100 3125 1126 3175 et
1137 3121 1167 3175 iu
1188 3135 1277 3176 ornnes
1291 3123 1341 3190 qut
1354 3120 1502 3177 audiaant
1516 3122 1676 3190 berfertus
1693 3127 1733 3178 est
1745 3123 1827 3193 blot„

149 3214 263 3287 gregati
276 3218 342 3269 sunt
353 3216 383 3270 tn
395 3216 552 3272 tonantem.
563 3218 598 3272 m
607 3219 757 3271 statuentes
767 3230 809 3271 coe
820 3217 851 3270 in
865 3215 963 3279 nudie,
1013 3228 1040 3282 ι,
1053 3213 1143 3279 l·lt).

146 3309 357 3376 interroqabont
370 3327 379 3364 ε
393 3310 424 3364 ln
436 3324 491 3379 qua
506 3310 606 3365 uirtute
620 3314 669 3364 aut
685 3311 715 3364 in
736 3324 788 3380 quo
807 3311 913 3365 nomine
924 3311 964 3377 te·
1048 3309 1100 3362 Per
1118 3324 1215 3364 manus
1236 3310 1418 3378 apostolorum
1439 3310 1528 3365 multa
1547 3311 1577 3365 in
1598 3309 1676 3381 plebe
1697 3313 1780 3381 suna
1804 3319 1830 3370 et

147 3403 221 3458 cistis
247 3403 294 3457 boc
316 3405 384 3458 uos?
407 3405 480 3458 lune
500 3404 607 3468 Petrus,
630 3404 737 3474 spiritu
757 3407 850 3458 sancto
876 3404 962 3473 reple·
1011 3401 1139 3472 prodiqia
1159 3402 1259 3471 {lebam
1272 3409 1298 3458 et
1310 3418 1400 3459 omnes
1414 3405 1444 3458 tn
1461 3405 1569 3474 porticu
1589 3404 1743 3461 Solonem
1756 3423 1828 3464 uua·

147 3499 200 3559 tres,
214 3495 321 3568 optime
337 3497 454 3551 testatus
464 3500 506 3551 est
519 3496 596 3568 quod
609 3496 639 3552 iu
652 3495 771 3552 nomine
780 3497 844 3552 lesu
859 3495 963 3553 Christi
1012 3497 1122 3550 nimiter
1141 3501 1230 3551 aaut.
1251 3495 1414 3552 Ceterorum
1433 3502 1524 3553 antem
1541 3513 1617 3553 nano
1639 3499 1696 3554 illis
1716 3514 1744 3556 ee
1763 3516 1828 3556 con·

146 3588 281 3645 Nazarsni
308 3604 386 3661 teger
413 3593 527 3645 sanatus
552 3594 611 3656 est,
636 3606 690 3645 neo
720 3589 815 3659 aliud,
844 3590 874 3645 in
907 3606 963 3662 quo
1006 3587 1122 3658 inopere
1135 3588 1263 3653 credebat,
1276 3590 1508 3660 sedpopulnseos
1522 3593 1726 3662 mapnitleobat.
1740 3595 1830 3665 blopis

148 3683 250 3739 salvari
272 3688 412 3754 oporteat,
427 3699 535 3739 noman
554 3682 605 3738 sub
627 3683 697 3739 coelo
716 3683 816 3740 datum
837 3686 889 3739 est.
909 3683 963 3739 Ad·
1012 3682 1164 3752 auqebotur
1176 3683 1343 3739 credentium
1360 3686 1390 3738 in
1410 3687 1523 3740 bomine
1535 3686 1692 3749 multitudo,
1707 3689 1830 3744 utrorum

146 3776 265 3833 veneni
279 3792 347 3833 vero
363 3780 543 3833 constantiam
563 3779 638 3833 Petri
657 3782 682 3833 et
697 3779 809 3834 loannis
828 3778 960 3842 uidentes,
1012 3791 1044 3831 ac
1058 3778 1211 3832 vualterum.
1235 3778 1266 3833 ln
1282 3777 1383 3849 plateis
1399 3777 1505 3833 intirmi
1520 3780 1701 3851 ponebantur
1720 3781 1750 3836 in
1770 3783 1828 3837 lec·

146 3875 279 3942 comperto
293 3871 365 3942 quod
384 3872 501 3927 tonina
518 3877 607 3927 essent
625 3873 682 3927 stne
700 3872 796 3928 litteris
813 3877 840 3928 et
858 3871 961 3936 idiota,
1011 3869 1088 3939 tulis,
1103 3875 1144 3936 ut,
1164 3874 1286 3926 ueniente
1303 3873 1393 3936 Petro,
1412 3873 1507 3928 saltem
1527 3874 1716 3930 umbratillus
1730 3876 1828 3931 obum·
1863 3889 1868 3898 ·

146 3963 359 4020 admirabantur
374 3968 402 4018 et
422 3963 683 4033 contristabantur3
699 3965 776 4034 ipsos
795 3964 890 4036 utique
904 3980 962 4034 coq-
1012 3963 1102 4019 braret
1114 3979 1275 4035 quanquam
1291 3966 1403 4021 illorum
1419 3971 1445 4021 et
1464 3966 1645 4023 liberarentur
1657 3968 1692 4023 ab
1705 3971 1825 4038 inbani-

147 4056 292 4111 noecebant
321 4057 452 4126 quoniam
482 4071 543 4111 cum
573 4058 636 4111 lene
666 4058 788 4123 fuerant.
821 4057 962 4114 Hominem
1012 4057 1190 4113 tatibussaia.
1208 4059 1366 4115 Vicinururn
1383 4074 1497 4131 quoque
1518 4063 1662 4116 ciuitatum
1676 4063 1828 4119 multitudo

146 4164 253 4220 quoque
267 4151 317 4220 qui
329 4155 443 4204 atratus
460 4150 562 4217 suern,
577 4163 675 4204 eoram
690 4148 731 4205 eis
748 4152 872 4206 stantem
887 4150 962 4208 vide·
1010 4153 1040 4205 tn
1052 4152 1200 4207 ierusalem
1214 4152 1250 4207 ad
1265 4153 1407 4224 apostolos
1419 4155 1618 4223 concurrebat,
1633 4170 1718 4224 apros
1730 4161 1756 4211 et
1774 4157 1828 4213 de·

144 4240 218 4298 baut
236 4244 265 4297 et
284 4243 355 4298 nibil
376 4242 557 4299 contradicere
576 4246 712 4314 potaant,
731 4243 779 4299 sed
798 4259 851 4315 pro
872 4244 961 4300 maui-
1010 4246 1147 4300 monmcas
1159 4243 1337 4302 alisrsbatet
1350 4247 1459 4303 cunctis
1473 4251 1571 4320 optate
1587 4247 1662 4304 salus
1675 4252 1828 4321 provenie-

144 4335 217 4393 iesto
238 4336 348 4392 eunctis
368 4336 398 4392 iu
414 4337 573 4393 Jerusalem
591 4337 683 4409 siguo,
700 4352 758 4408 prta
778 4337 820 4392 ira
839 4337 961 4394 tabesce-
997 4338 1060 4405 ¹bat
1075 4339 1165 4409 libid..
1180 4342 1284 4411 ti-llll.

143 4428 224 4486 bant.
241 4429 370 4502 Denique
386 4430 505 4486 consilio
520 4434 646 4504 accepto,
661 4431 804 4502 apostolos
822 4448 999 4533 convoca-D
1044 4434 1172 4504 Princeps
1188 4434 1355 4491 sacerdotum
1369 4440 1395 4492 et
1412 4452 1502 4493 omnes
1523 4439 1572 4508 qui
1591 4452 1650 4493 cum
1670 4437 1719 4494 illo
1733 4443 1823 4503 eram,

143 4527 223 4594 runt,
238 4526 317 4580 etna
330 4523 449 4579 omuino
462 4523 649 4596 loquerentur
666 4540 759 4597 neque
778 4525 959 4583 docerentiu
1008 4527 1063 4581 selo
1086 4528 1184 4597 reptat
1207 4532 1282 4593 sumt,
1303 4542 1401 4585 monus
1424 4532 1453 4584 tn
1475 4531 1606 4601 apostotos
1625 4530 1777 4599 iniecerunt
1798 4539 1824 4587 et

144 4617 262 4673 nomine
284 4618 361 4687 lesu,
387 4617 639 4674 denuntiaverunt.
664 4619 793 4683 Quorum
818 4624 959 4692 praeopto
1008 4620 1385 4692 aeneasannos-psoras
1407 4629 1568 4692 posuerunt.
1591 4625 1710 4693 Anqetus
1732 4630 1825 4681 autern

143 4712 244 4768 Petrus
268 4715 296 4768 et
316 4713 438 4768 loannes
458 4711 628 4767 auctoritate
651 4727 759 4784 magna
781 4713 956 4768 contradixe·
1008 4715 1115 4768 bomini
1133 4730 1185 4785 per
1205 4719 1307 4770 enatent
1322 4717 1427 4785 januas
1448 4720 1562 4773 aaronis
1581 4719 1695 4789 aperuit
1711 4724 1737 4774 et
1760 4720 1824 4774 edu-

143 4806 220 4873 rum,
235 4804 383 4861 diceutes:
403 4807 436 4863 st
446 4806 555 4875 iustum
575 4810 616 4861 est
636 4808 667 4861 in
686 4813 828 4878 conspectu
845 4809 894 4863 bei
912 4821 959 4863 uos
1007 4821 1069 4861 cern
1088 4822 1140 4870 eos,
1162 4808 1235 4863 dicit
1251 4827 1259 4864 ε
1281 4811 1330 4873 lte,
1349 4816 1375 4865 el
1392 4814 1494 4867 stantes
1513 4813 1655 4882 loquimini
1674 4814 1822 4884 intemplo

139 4899 234 4970 potius
252 4898 350 4953 audire
372 4914 456 4969 quam
475 4901 629 4963 bominum,
646 4899 782 4970 judicate.
805 4902 866 4959 lton
887 4903 958 4956 enlin
1003 4900 1081 4969 plebi
1091 4903 1183 4957 omnia
1200 4903 1283 4958 uerba
1300 4905 1365 4959 uita
1381 4904 1471 4973 bajus.
1491 4905 1579 4961 Porro
1600 4904 1639 4960 illi
1655 4905 1778 4962 diluculo
1791 4910 1822 4963 ta

139 4998 283 5062 possumus
294 5004 354 5061 qua
366 4991 485 5047 uidimus
499 4996 525 5047 et
535 4993 691 5048 audiuimus
702 5008 756 5049 non
770 4994 960 5063 loqui.1ltilli
1008 4995 1136 5065 ternplum
1148 4997 1321 5053 intraverunt
1334 5003 1363 5053 et
1377 4998 1500 5054 verbum
1519 4999 1570 5054 bei
1582 5014 1648 5054 cum
1661 4998 1765 5056 fiducia
1778 5000 1821 5056 lo·

142 5086 335 5141 comminantes
355 5100 397 5142 eos
418 5085 589 5150 ιιιιιιιιιπιιιι,
603 5102 664 5142 non
682 5085 745 5142 ausi
765 5086 869 5159 punire
885 5103 957 5159 quos
1007 5087 1151 5145 cutisunt.
1166 5092 1293 5162 Princeps
1308 5093 1486 5157 sarnanum,
1503 5097 1534 5149 et
1549 5096 1672 5164 quicum
1690 5108 1719 5150 eo
1731 5100 1820 5159 aaut,

141 5173 275 5234 ridebant
297 5178 402 5251 populo
418 5194 476 5252 pro
496 5178 608 5252 ingenti
632 5179 771 5237 mbautlo
785 5179 956 5237 *admodum
1005 5183 1147 5238 connitum
1163 5193 1373 5242 conuoeacerunt
1392 5200 1425 5242 ac
1436 5187 1482 5243 mi
1493 5200 1631 5247 caman
1650 5184 1820 5247 coadunet

140 5272 522 5346 &seminabunt-titt·
604 5302 607 5307 >
648 5306 650 5311 ·
709 5292 722 5315 *-
785 5318 799 5323 ,.
833 5310 846 5321 -·
881 5296 905 5323 ι.
1005 5281 1101 5332 rentur
1122 5278 1265 5334 miserunt.
1286 5279 1361 5335 tlisst
1383 5282 1825 5354 vero:·oareaun·quttlrm·‘cnse

176 5368 286 5424 btrnisn
298 5367 335 5423 ad
348 5382 410 5425 suae
425 5373 558 5425 venerunt
569 5371 602 5424 et
616 5382 691 5442 qua·
702 5367 957 5442 sibicontigemnt
1005 5373 1080 5426 omne·
1093 5370 1238 5441 diliqentia
1257 5375 1387 5440 olonna,
1395 5374 1452 5433 *ssd
1465 5378 1605 5432 naaman
1614 5372 1823 5433 construente·

138 5459 534 5531 mimendensem-ner
545 5466 615 5518 ronst
635 5462 956 5528 ammata-onerent
1004 5465 1230 5525 raato'lsndem
1242 5469 1381 5525 ¹auditum
1395 5472 1440 5529 en
1456 5469 1533 5543 quod
1551 5464 1824 5543 qui-quantumst

138 5552 283 5614 mum
297 5556 839 5629 mnua³=noaomnr-ot,·.eruors
859 5556 956 5615 diri-o
1003 5557 1157 5632 intemplo
1170 5558 1824 5635 omnnmmaamtumnnnnunte

137 5646 507 5725 mathiiepseletem
517 5650 642 5725 Mqtlw
650 5650 956 5726 mmmm
1002 5651 1766 5734 ttlnmutudttucltrtlnrtent'fnttnpopulnnnt
1777 5652 1823 5718 Ψ

136 5742 955 5822 Μοωιιι.ιιι·ιιιιιι·οιαιιιιιιιίιιοιιιιιιιιιιιαιᾶιιιι
999 5746 1822 5827 namstrnnpsnunonnnmnrnssm
