3750 6046
122 238 125 243 ·
157 220 226 279 lale

840 219 977 277 tomam
995 219 1027 274 IV
1047 219 1143 275 Pbl‘AE

1783 218 1842 273 tuto

159 356 187 405 et
205 349 280 418 ville,
294 362 359 420 quea
376 346 506 404 similiter
524 347 652 404 liobelitz
671 352 796 416 vocator,
811 365 877 403 eom
898 348 972 404 deci·
983 373 1011 446 Α
1023 348 1081 401 nati
1097 348 1137 402 vel
1153 346 1215 401 aliis
1231 344 1445 417 exceptionibus
1458 344 1593 416 ajodicio
1605 343 1725 415 possint
1738 343 1844 414 dejure

158 442 214 500 mis
235 446 264 497 et
285 441 424 497 universis
448 442 632 510 utilitatibus;
654 442 798 497 decimam
815 444 890 497 vittae
911 444 971 496 ter·
1023 441 1132 511 repelli,
1148 456 1196 495 eos
1212 440 1248 493 ad
1263 440 1405 511 agendum
1422 440 1533 509 dejure
1544 438 1738 509 proprietatis
1751 437 1845 493 admit·

158 536 240 605 kow;
256 535 382 591 decimas
396 535 527 591 villarum
543 537 672 591 Wulkow
686 536 792 591 scilicet
802 540 830 590 et
843 535 974 591 Wullrow

158 634 187 685 et
200 630 370 700 Netzentorp
383 646 389 696 ;
403 630 595 700 parochialem
609 646 722 701 quoque
736 629 883 684 eeclesiam
901 629 974 684 villae

159 724 285 779 lerchow
299 740 365 778 eum
379 723 558 795 pertinentiis
573 724 649 792 suis3
666 728 839 795 proventum
859 738 974 794 quoque

159 819 291 874 omnium
305 817 480 873 deeimarum
495 818 589 888 adjus
603 817 755 872 diaecesani
769 817 892 888 episcopi
908 832 972 888 per-

159 911 328 979 tineutruru,
342 928 414 983 ques
427 911 487 983 ipse
503 910 679 966 dioecesanus
698 911 847 982 episcopos
868 910 903 965 de
916 916 973 964 ter-

160 1006 201 1061 ris
213 1006 295 1061 cultis
307 1011 336 1059 et
349 1005 462 1060 incultis
474 1005 508 1060 ad
529 1005 731 1076 proprietatem
744 1009 873 1060 vestram
891 1004 976 1074 justis

160 1099 254 1155 modis
276 1099 508 1170 provenientibus
525 1099 602 1153 vobis
617 1097 826 1153 rationabiliter
844 1097 974 1166 eontulit,

161 1194 233 1249 sieut
244 1194 276 1248 in
290 1193 395 1264 scripto
411 1192 498 1262 ipsius
513 1192 616 1247 exinde
633 1192 708 1245 facto
736 1191 863 1246 noscitur
883 1191 975 1245 eonti-

1023 537 1077 600 tas,
1104 537 1133 587 et
1156 549 1270 587 causam
1298 532 1387 604 ipsam
1412 531 1508 587 debito
1533 533 1590 586 tiae
1614 531 1748 595 decidas,
1771 532 1844 586 sali-is

1025 630 1121 681 tamen
1136 626 1296 697 privilegiis
1314 625 1492 682 cluniacensi
1515 625 1703 679 monasterio
1726 624 1764 678 ab
1783 642 1844 696 apo-

1024 720 1118 775 stolica
1133 720 1200 775 sede
1214 719 1344 786 indultis,
1358 726 1386 774 et
1400 720 1529 790 ejusdem
1550 719 1734 773 monasterii
1751 720 1846 774 instro·

1024 814 1146 883 mentis3
1174 813 1214 869 ita
1239 813 1357 885 quidem
1384 816 1414 867 ut
1442 813 1464 867 si
1489 813 1649 884 contigerit
1678 812 1801 867 clericos
1820 815 1844 868 in

1024 924 1109 962 causa
1129 907 1312 978 proprietatis
1335 906 1473 974 obtinere,
1487 913 1551 977 post
1569 906 1734 961 decessum
1754 924 1844 961 eorum

1025 1004 1127 1059 debeat
1159 1003 1277 1057 ecclesia
1301 1003 1336 1057 ad
1367 1019 1471 1057 manus
1499 1003 1721 1057 monachorum
1748 1003 1842 1065 redire,

1027 1100 1058 1151 ut
1072 1097 1110 1151 itu
1123 1096 1362 1168 privilegiasuom
1373 1096 1500 1167 rigorem
1510 1096 1681 1163 obtineant;
1696 1096 1747 1150 alii
1757 1104 1844 1152 auteur

1026 1189 1121 1244 cleriei
1147 1190 1194 1260 qui
1221 1195 1282 1260 post
1307 1190 1504 1260 expulsionem
1530 1190 1774 1244 cluniacensium
1799 1191 1844 1244 ira·

160 1287 233 1355 neri,
247 1286 413 1342 auctoritate
427 1285 504 1341 robis
519 1285 676 1356 apostolica
692 1285 903 1339 confirmamus.
1028 1286 1104 1338 trum
1126 1283 1155 1337 iu
1169 1283 1301 1337 eamdem
1315 1283 1462 1338 ecelesiam
1482 1287 1550 1337 sunt
1572 1283 1750 1351 introducti,
1764 1288 1793 1337 et
1811 1284 1842 1338 illi

198 1380 352 1437 Statuimus
365 1379 462 1447 etiam,
479 1385 510 1434 ut
525 1379 619 1433 nullus
634 1379 784 1433 advocatos
804 1378 834 1431 in
856 1377 977 1432 ecclesia
1027 1376 1075 1448 qui
1089 1377 1117 1430 iu
1132 1376 1193 1430 aliis
1207 1376 1333 1430 ecclesiis
1348 1376 1504 1431 secondum
1529 1380 1665 1431 tenorem
1690 1377 1841 1433 litterarum

160 1479 255 1530 restra
269 1474 414 1528 ullatenus
427 1472 584 1538 ordinetur,
600 1472 654 1526 nisi
677 1488 764 1542 qoem
777 1471 880 1525 fratres
895 1487 976 1526 conr·
1027 1470 1241 1541 predecessoris
1255 1470 1345 1525 nostri
1369 1473 1471 1524 sancte
1492 1470 1710 1526 reeordationis
1732 1472 1842 1541 Eugenii

161 1567 243 1624 moni
258 1583 396 1623 consenso
416 1565 604 1638 providerunt
623 1565 798 1636 eligendum.
813 1564 976 1635 archipres·
1027 1564 1180 1635 paparelli)
1200 1568 1228 1619 et
1247 1570 1408 1618 nostrarum
1427 1563 1565 1618 intitulati
1586 1569 1669 1622 sunt.
1688 1565 1843 1620 nullatenus

161 1661 324 1733 byteretum
343 1675 456 1732 quoque
471 1658 558 1714 totius
573 1659 720 1724 territorii,
736 1657 816 1728 cujus
836 1657 978 1712 terminus
1027 1658 1225 1715 admittantur.
1239 1657 1320 1722 Quod
1336 1657 1358 1710 si
1375 1663 1550 1712 memoratus
1571 1658 1617 1712 W.
1635 1664 1666 1713 et
1683 1658 1733 1712 alii
1755 1658 1842 1713 reuire

163 1758 206 1811 est
226 1753 261 1808 ab
275 1753 429 1808 Occidente
454 1752 563 1807 tlumen
578 1751 665 1819 Albis,
680 1751 715 1806 ab
731 1751 848 1806 Oriente
869 1752 976 1806 llumeu
988 1739 1016 1810 B
1029 1751 1200 1820 distulerint,
1216 1756 1266 1806 aot
1279 1767 1365 1822 agere
1380 1751 1453 1807 t'orte
1467 1768 1526 1806 non
1542 1752 1690 1823 poterint,
1707 1752 1842 1822 predictos

163 1849 275 1915 llavela,
290 1845 435 1901 alderidie
458 1845 591 1900 Strumen
609 1845 756 1912 fluvius,a
776 1845 979 1916 Septentrione
1029 1846 1187 1900 monachos
1200 1846 1235 1900 ab
1249 1861 1347 1900 eorum
1362 1846 1551 1917 impetitione,
1568 1845 1632 1900 sine
1653 1847 1842 1917 appellationis

163 1938 820 2009 Bockwardilllitzenultimostinis,qoiabonur
832 1940 979 1993 memorie
1029 1940 1182 2005 obstaculo,
1198 1939 1364 1993 auctoritate
1379 1940 1543 2009 apostolicae
1566 1939 1647 1993 sedis
1670 1940 1809 2003 absolvas,
1821 1949 1842 1995 et

163 2035 326 2103 anshelmo,
351 2031 569 2103 Havelbergensi
594 2032 738 2103 episcopo,
762 2032 842 2086 vobis
865 2049 980 2087 eonces-
1030 2033 1069 2087 eis
1092 2033 1241 2088 eeclesiam
1261 2033 1352 2104 ipsam
1373 2033 1529 2103 adjudices,
1543 2039 1573 2087 et
1600 2033 1660 2088 illis
1684 2041 1841 2106 perpetuum

164 2132 274 2195 susest,
294 2142 311 2179 a
331 2128 423 2180 vestra
442 2124 559 2179 ecelesia
574 2124 751 2179 decernimos
776 2131 916 2195 perpetuo
930 2124 979 2179 de·
1031 2127 1175 2181 silentium
1199 2125 1319 2193 indicas,
1333 2131 1361 2182 et
1378 2127 1452 2198 ipsos
1470 2128 1632 2182 nrouaelros
1649 2128 1751 2199 qtiiete
1770 2130 1841 2182 ianas

164 2220 258 2275 tineri.
276 2219 370 2275 Liceat
383 2222 482 2272 autem
495 2218 573 2273 vobis
591 2219 707 2273 elericos
721 2218 765 2272 rel
779 2219 863 2273 laicos
878 2219 981 2273 liberos

164 2320 192 2370 et
204 2312 350 2369 absolutos
362 2311 392 2367 in
412 2311 530 2368 ecelesia
548 2317 641 2367 vestra
659 2312 785 2382 recipere
802 2319 830 2367 et
852 2328 902 2366 eos
920 2312 981 2366 siue

165 2405 389 2463 contradictione
410 2405 505 2475 aliqua
525 2404 659 2459 retinere.
676 2405 864 2460 Prohibemas
883 2405 980 2470 etiam,

165 2506 197 2555 ut
212 2499 283 2556 nulli
303 2500 425 2554 fratrum
438 2501 598 2553 vestrorum
620 2503 685 2569 post
704 2499 807 2575 lactum
827 2499 856 2552 in
879 2499 981 2554 eodem

89 2581 91 2587 ’
163 2595 224 2649 loeo
248 2593 452 2664 professionem
476 2593 571 2663 aliqua
593 2592 716 2658 levitate,
731 2593 792 2646 sine
816 2593 917 2663 prioris
939 2594 984 2647 sui

167 2687 332 2753 clementia,
350 2687 390 2740 las
405 2686 465 2740 site
480 2686 601 2740 claustro
616 2685 772 2753 discedere,
787 2686 981 2741 discedentem

167 2798 235 2837 vero
254 2781 361 2852 absque
383 2779 529 2834 commoni
549 2779 645 2834 littera
666 2779 868 2835 canonicorum
890 2780 984 2834 trullus

169 2875 273 2949 audeat
285 2873 420 2928 retinere.

204 2967 388 3022 [iecernimus
403 2983 483 3038 ergo,
501 2971 555 3021 etc.

510 3061 638 3116 CCliLlV.

174 3153 221 3208 Ad
234 3154 408 3209 Gailtelmum
423 3155 643 3211 cenomanensem
657 3157 817 3224 episcopam.
832 3184 866 3195 -
887 3157 985 3210 Termi-

207 3226 328 3279 nandom
342 3227 367 3278 et
377 3227 521 3279 eonimittit
536 3228 811 3295 controversiamque
825 3226 984 3294 dirirrpitutu

205 3298 299 3363 mersit
311 3298 381 3350 inter
392 3298 534 3351 metuebas
550 3296 648 3350 Clamo
657 3312 736 3351 :erasas
746 3304 772 3351 et
789 3300 987 3366 Petroporicen·

210 3381 250 3421 ses
263 3369 417 3430 canonicos,
431 3382 512 3436 snper
524 3368 677 3422 ecolesinae
692 3369 950 3423 uecta-uocarunt

417 3460 569 3528 (Laterani,
584 3460 665 3515 Febr.
682 3462 738 3530 ⁵27.)

390 3554 621 3625 [Bouounr,ltec.,
636 3554 772 3625 avent]

209 3652 347 3704 nonianus
368 3647 527 3718 episeopus,
540 3663 637 3701 servos
657 3663 803 3701 servorum
824 3648 884 3712 llei,
900 3664 987 3702 reue-

172 3740 253 3796 rabili
268 3739 349 3795 fratri
364 3740 518 3795 Guruneouo
531 3740 740 3794 Cenonraneusi
759 3740 903 3810 episcopo,
919 3740 989 3794 sala·

172 3838 231 3889 tem
246 3837 275 3888 et
286 3833 469 3904 apostolicam
484 3832 725 3887 benedictionem.

211 3930 302 3998 Super
315 3942 400 3980 causa
413 3926 447 3980 de
460 3925 556 3980 {locha
572 3926 739 3992 boviscurti,
755 3943 819 3997 quae
833 3927 908 3981 inter
923 3929 988 3982 Clo·

174 4021 324 4076 niaceuscs
340 4019 495 4073 monachos
509 4024 538 4073 et
555 4019 713 4073 willelmus
727 4020 761 4074 de
776 4021 918 4076 ltlta-Faia
933 4038 991 4076 ven

175 4114 255 4175 titur,
273 4120 414 4184 quantum
427 4113 551 4167 laborem
568 4130 632 4184 pars
646 4116 769 4184 utraque
783 4115 949 4186 susceperit,
964 4121 992 4170 et

176 4206 286 4278 quoties
303 4206 339 4259 ad
362 4206 458 4260 sedem
479 4207 663 4277 apostolicam
684 4224 736 4277 pro
756 4208 855 4262 codem
877 4209 991 4279 negotio

176 4300 359 4362 laboraverit,
380 4317 430 4354 nos
449 4299 516 4353 satis
538 4300 687 4355 uraniseste
708 4302 902 4370 cogrrovimus,
915 4308 944 4355 et
958 4302 992 4356 ad

178 4394 474 4449 multorumnotitiam
484 4393 627 4447 credimus
639 4395 807 4465 pervenisse.
816 4396 886 4450 Cum
898 4402 992 4450 autem

1031 2220 1183 2292 possidere.
1207 2258 1217 2275 .

1067 2316 1171 2370 ilatum
1185 2315 1328 2384 Laterani,
1344 2332 1373 2369 ur
1387 2315 1446 2370 lial.
1460 2315 1550 2370 llartii
1567 2318 1637 2384 1331.

1379 2432 1494 2486 CCXLV.

1032 2531 1078 2585 del
1108 2531 1250 2585 Maurusios
1280 2531 1312 2584 de
1341 2531 1623 2585 nuclea-Barisanta
1656 2561 1692 2570 —
1719 2534 1837 2597 sipisipru

1067 2613 1185 2680 ipserum
1206 2626 1313 2665 cerasum
1336 2626 1395 2663 eunt
1417 2613 1555 2663 cottonis-is
1586 2612 1835 2677 Petruporicmn'tns

1063 2689 1169 2757 judicie
1201 2690 1407 2745 Cenormmensts
1433 2691 1550 2759 spissa-pt
1578 2694 1751 2746 centenitatem
1773 2694 1836 2755 tetsa-

1069 2770 1280 2825 termenandum.

1286 2873 1436 2940 (Laterani,
1452 2871 1535 2926 Febr.
1553 2876 1611 2941 2ῖρ

1394 2974 1487 3045 [loia]

1071 3089 1211 3141 bostrenus
1231 3085 1387 3156 episcopos,
1400 3100 1498 3140 servus
1509 3102 1665 3141 servorum
1683 3088 1741 3154 liei,
1752 3086 1835 3141 dilectis

1035 3179 1100 3233 liliis
1116 3179 1205 3249 priori
1226 3182 1255 3231 et
1276 3179 1424 3233 monachis
1442 3179 1478 3233 de
1502 3181 1772 3236 Roeha-Boviscorti
1787 3182 1835 3250 ¹53³·

1036 3271 1157 3325 salutem
1175 3278 1202 3326 et
1218 3271 1400 3341 apostolicam
1414 3271 1666 3328 benedictionem.

1073 3366 1166 3435 Super
1180 3381 1263 3419 carisa
1276 3381 1339 3436 quie
1351 3365 1427 3419 iuter
1441 3381 1489 3419 ros
1498 3369 1528 3420 et
1539 3367 1725 3422 Willelmum
1740 3367 1771 3422 de
1781 3368 1837 3419 atta-

1039 3459 1102 3513 Faia
1117 3459 1245 3525 vertitur,
1257 3465 1395 3539 quantum
1407 3459 1538 3515 laborem
1556 3477 1624 3532 pars
1640 3467 1838 3534 utraquesune

1038 3552 1120 3623 perit,
1135 3557 1162 3606 et
1177 3553 1290 3624 quoties
1303 3553 1337 3607 ed
1351 3553 1449 3607 sedem
1469 3555 1665 3624 apostolicam
1690 3572 1743 3627 pro
1761 3555 1839 3610 eaden

1039 3645 1155 3715 negotio
1166 3645 1346 3713 laboraverit,
1357 3662 1408 3700 rios
1420 3646 1487 3701 satis
1497 3648 1661 3703 manifeste
1671 3664 1840 3720 cognorimus,

1040 3745 1069 3794 ct
1082 3740 1116 3793 ad
1132 3740 1291 3794 multorom
1301 3740 1432 3795 notitiam
1443 3740 1593 3795 credimus
1609 3744 1842 3813 per-venissetun

1040 3838 1136 3887 autem
1154 3836 1182 3886 et
1195 3833 1223 3887 in
1234 3833 1288 3887 hac
1301 3833 1360 3887 viee
1371 3834 1463 3904 ipsum
1475 3836 1632 3906 riegotium
1645 3838 1675 3891 in
1691 3842 1844 3891 tloslmessel

1041 3926 1194 3996 praesentia
1208 3928 1385 3995 seritilntum,
1404 3945 1455 3981 nee
1469 3945 1522 3999 per
1537 3946 1592 3983 rios
1606 3938 1716 4001 penset,
1733 3933 1844 4003 quonum

1040 4027 1100 4074 tam
1125 4037 1281 4091 nosquam
1299 4023 1388 4075 attera
1413 4038 1477 4092 pars
1501 4024 1581 4092 qnod
1609 4025 1779 4080 intendebat
1799 4040 1844 4095 pre

1041 4114 1111 4168 hare
1127 4131 1182 4168 riou
1198 4119 1320 4185 poterat,
1335 4114 1421 4169 tinem
1439 4115 1568 4170 debitam
1582 4118 1844 4185 obtixrere31andrn

1042 4207 1195 4262 venerabili
1207 4208 1288 4262 fratri
1302 4209 1623 4267 nostreConomauensi
1634 4213 1845 4285 episcopaliter

1043 4300 1192 4371 negotium
1219 4301 1352 4356 duximus
1379 4304 1636 4360 conimittendurn.
1658 4307 1793 4372 Quocirca
1811 4320 1845 4374 prr

1044 4393 1197 4465 apostolica
1221 4395 1327 4466 scripta
1350 4396 1428 4451 vobis
1456 4397 1662 4468 praecipiendo
1688 4401 1846 4462 mandarun,

179 4489 248 4542 etin
262 4488 315 4542 liae
329 4487 389 4541 vice
406 4488 498 4557 ipsum
514 4487 661 4558 negotium
675 4488 704 4542 iu
719 4492 816 4544 uestra
835 4495 907 4544 esset
923 4506 993 4560 prae·
1004 4477 1032 4551 li
1043 4497 1184 4564 quatenos
1197 4510 1262 4549 cum
1277 4494 1311 4548 ab
1327 4511 1361 4548 eo
1375 4502 1491 4565 propter
1504 4496 1561 4550 boe
1572 4498 1694 4555 fueritis
1704 4498 1847 4561 avocatia*

177 4582 267 4637 sentia
288 4582 467 4649 veritilatom,
498 4597 548 4635 uec
573 4598 698 4652 pernes
726 4587 831 4652 posset,
853 4584 992 4654 quoniam

178 4681 279 4729 neutra
294 4674 418 4746 partium
437 4675 510 4744 qrtcd
533 4674 708 4742 intendebat,
723 4676 842 4745 probare
863 4693 921 4731 non
941 4695 992 4748 po·

178 4773 261 4836 terat,
273 4771 360 4822 linem
382 4768 509 4822 debitam
524 4768 669 4834 oblinere,
692 4768 807 4823 tandem
830 4770 992 4825 discretioni

174 4868 230 4918 tote
257 4862 334 4916 idern
359 4861 506 4931 negotium
532 4861 665 4916 duximus
687 4862 938 4931 committendum,
954 4864 994 4918 ita

177 4956 293 5028 quidem
310 4965 350 5024 ut,
365 4960 487 5027 utraque
501 4962 592 5027 parte,
607 4972 736 5026 congruo
747 4956 807 5011 loeo
821 4961 849 5011 et
863 4963 992 5028 tempere

177 5052 213 5106 ad
236 5052 316 5105 tuam
344 5050 526 5121 praesentiam
552 5053 714 5105 convocata.
740 5050 769 5105 si
795 5052 836 5104 W.
864 5058 914 5106 aut
942 5052 993 5107 alii

177 5145 282 5213 clerici,
299 5145 347 5217 qui
361 5144 468 5216 aliquid
483 5143 558 5215 juris
579 5144 684 5216 inipso
707 5145 823 5200 ecclesia
841 5145 993 5201 scitabere

178 5239 334 5309 confidunt,
352 5239 447 5293 intua
470 5238 622 5308 presentia
645 5237 773 5309 legitime
797 5239 924 5311 poterint
948 5240 995 5296 de·

178 5338 338 5387 monstrare
356 5350 386 5389 so
406 5333 493 5388 luisse
512 5333 541 5387 in
565 5332 683 5403 praelata
704 5332 822 5388 ecclesia
845 5334 994 5390 canonicos

180 5424 334 5494 ordinatos,
360 5431 515 5499 antequam
542 5427 742 5482 cluniacenses
770 5428 903 5483 monachi
928 5429 994 5484 inde

177 5517 297 5575 luissent
307 5521 425 5592 expulsi,
441 5521 496 5576 nisi
508 5521 544 5576 ad
557 5521 627 5576 alias
648 5521 780 5577 ecclesias
795 5521 903 5578 tuerint
921 5523 993 5579 ordi-

210 5642 258 5706 (33)
276 5642 396 5707 Eugentl
408 5645 514 5697 litteras
526 5644 590 5697 vide
604 5644 760 5711 Patrotopie
773 5648 791 5696 t.
806 5644 942 5698 CLXXX.

208 5713 259 5781 l33)
271 5716 357 5767 Anno
376 5714 447 5777 ttae,
462 5720 494 5766 ut
514 5716 610 5768 ridere
631 5720 673 5769 est
694 5717 723 5768 ln
738 5717 837 5770 titteris
851 5717 994 5772 Gaillelmt

163 5784 401 5851 Cenomanensis,
416 5787 498 5841 intra.

1044 4587 1106 4658 ejus
1122 4588 1302 4657 presentiam
1318 4588 1474 4655 accedatis;
1492 4599 1521 4643 et
1541 4590 1564 4644 si
1591 4602 1775 4649 nientoratus
1788 4595 1849 4645 lte!

1044 4680 1090 4734 alii
1114 4680 1207 4734 clerici
1229 4681 1278 4751 qai
1299 4680 1405 4752 aliquid
1424 4682 1496 4751 juris
1520 4683 1551 4737 iu
1574 4687 1706 4742 ecelesia
1731 4695 1817 4742 restra
1833 4704 1849 4737 a

1044 4774 1149 4828 babere
1163 4774 1318 4839 corrildunt,
1336 4775 1364 4829 in
1379 4775 1467 4846 ipsius
1480 4780 1645 4847 prasentia
1656 4781 1787 4853 legitime
1799 4786 1850 4853 pote

1044 4872 1111 4922 rrrrrt
1126 4866 1328 4923 demonstrare
1343 4886 1373 4923 sc
1398 4869 1482 4924 tuisse
1503 4870 1533 4924 in
1557 4873 1670 4928 eadem
1692 4877 1809 4931 ecelesia
1826 4890 1851 4927 a·

1043 4962 1158 5016 uonicos
1176 4961 1332 5029 ordinatos,
1350 4967 1504 5034 antequam
1521 4964 1594 5021 inde
1617 4968 1751 5025 fuissetis
1769 4966 1850 5040 expui

1045 5055 1098 5109 nisi
1116 5056 1150 5110 ad
1165 5055 1235 5110 alies
1250 5056 1381 5111 ecelesias
1395 5056 1504 5112 luerint
1522 5058 1669 5125 ordinati,
1686 5066 1733 5120 vel
1752 5065 1851 5119 aliisu-

1044 5149 1230 5220 oeptionibus
1243 5149 1379 5220 ajudioio
1393 5152 1501 5221 possint
1510 5152 1547 5206 de
1558 5152 1632 5223 jure
1646 5159 1767 5229 repelli,
1780 5154 1852 5213 cossi

1044 5243 1190 5313 agendum
1206 5242 1241 5297 de
1257 5243 1324 5313 jure
1343 5244 1522 5316 proprietatis
1542 5247 1702 5318 admittat,
1718 5258 1748 5307 et
1764 5264 1852 5307 canna

1044 5336 1135 5408 ipsam
1151 5336 1247 5392 debito
1263 5336 1319 5393 tine
1333 5338 1456 5405 decidat,
1473 5338 1558 5394 salvis
1579 5344 1690 5401 minan
1712 5344 1853 5418 privilegis.

1045 5429 1218 5486 monasterio
1247 5437 1339 5487 restro
1365 5431 1401 5487 ab
1428 5432 1592 5504 apostoliea
1616 5438 1690 5495 sede
1712 5441 1853 5497 indultistl

1044 5524 1173 5595 ejusdem
1193 5525 1359 5581 monasterii
1379 5525 1584 5584 instrumentis
1594 5546 1605 5600 ;
1623 5531 1665 5587 ita
1684 5538 1785 5591 tamen
1798 5538 1852 5597 ets

1075 5648 1125 5713 (aa)
1137 5648 1187 5699 Est
1199 5652 1227 5700 et
1246 5650 1300 5701 alia
1314 5648 1431 5701 Adriani
1446 5648 1570 5715 epistola
1584 5652 1625 5706 ad
1644 5652 1852 5711 willelmum&

1043 5718 1195 5843 matam,
1208 5720 1335 5787 ejusdem
1354 5722 1512 5789 argumenti
1525 5726 1558 5777 et
1571 5724 1690 5783 Mem
1706 5730 1799 5785 verus
1807 5738 1851 5781 aa·

1043 5804 1095 5857 cop
1126 5826 1133 5840 .
