3750 6046
44 200 92 256 dit
458 198 615 259 HISTORIA
634 202 901 259 Enntnsnsnca.
915 230 949 241 -·
962 193 1049 257 PARS
1066 201 1112 257 ltl.
1127 230 1161 241 -
1175 201 1237 256 hill.
1259 192 1326 257 vllt.
1683 200 1742 261 642¹

40 325 129 394 davit,
147 327 246 400 ibique
263 327 444 386 laudabiliter
459 345 549 401 nsque
565 331 599 385 ad
619 331 708 385 finem
723 330 786 385 vitra
812 329 993 415 sureAlaces
1012 331 1162 386 hominum
1179 330 1293 385 obtutus
1311 329 1424 397 attinet,
1441 326 1670 401 despicabiliores
1688 333 1730 387 la·
1794 358 1797 363 ·

40 421 100 475 Deo
111 420 251 478 militavit.
268 422 432 479 albericum
446 440 521 492 vero,
537 441 650 496 magnae
666 424 814 496 religionis
830 426 870 479 vi·
921 423 1007 478 ciunt.

40 517 120 581 rrrrrr,
135 515 171 570 ad
186 515 387 586 opnsCistercii
402 517 539 572 vicarium
551 518 603 572 sibi
617 518 715 590 elegit,
727 522 757 573 et
767 519 871 574 loanni
920 527 1008 583 xxvi,
1029 527 1146 584 Aetates
1167 533 1192 581 et
1216 527 1338 582 monoclri
1358 529 1389 581 in
1408 529 1483 582 noch
1497 529 1666 583 monasteriis
1679 531 1734 598 pic-

41 626 73 664 ac
96 609 219 665 llilbodo
240 609 482 671 avrcbuensmus.
504 611 621 683 aliisque
633 612 734 684 viginti
757 612 869 668 duobus
958 611 1012 662 iate
1026 609 1152 676 insinues·
1170 609 1207 661 De
1219 622 1348 662 novorum
1367 607 1494 662 ordinum
1516 609 1731 664 institutoribus.

42 703 182 758 fratribus
203 703 336 760 abbatem
345 704 472 762 Cistercii
488 705 643 772 constitnit,
654 706 702 776 qni
722 706 752 761 in
767 723 871 778 magna
958 709 1063 764 Eodem
1075 717 1204 780 tempore
1215 708 1523 764 venerahilishudreas
1536 710 1655 765 deValle
1668 712 1734 766 Bru-

44 801 174 868 egestatc
188 814 241 869 per
255 815 271 852 ι
284 814 375 854 annos
397 799 435 853 ibi
452 799 560 871 deguit,
578 806 680 855 etcum
692 801 749 855 suis
770 805 869 856 cantu·
921 803 1041 872 ciorum,
1056 804 1220 871 monachus,
1238 803 1374 868 clssnrnit,
1389 809 1418 858 et
1432 805 1461 858 in
1476 803 1641 858 Bituricensi
1657 820 1733 875 pago

45 890 213 946 bernalibns
232 893 289 946 [teo
312 892 452 948 laboriose
471 894 614 960 militarit,
635 911 653 948 a
678 911 733 965 quo
755 911 872 950 securus
921 899 1137 966 monasterinm,
1157 898 1234 970 qnod
1254 897 1352 953 Casale
1374 896 1517 953 Benedicti
1541 902 1733 969 nuncupatur,

46 985 246 1041 inaestimabile
260 987 412 1057 preamium
427 988 605 1058 exspectavit.
921 991 1086 1059 construxit,
1113 996 1142 1045 et
1164 991 1313 1062 discipulos
1340 990 1370 1044 in
1391 1006 1495 1061 magna
1514 995 1681 1062 paupertate
1707 994 1735 1046 et

80 1081 145 1143 Qua
164 1078 311 1146 defuncto,
334 1080 505 1151 Stephanus,
527 1082 641 1137 natione
659 1081 803 1154 Anglicns,
829 1083 872 1138 vir
920 1085 1168 1140 continentialleo
1182 1085 1316 1139 famulari
1338 1084 1444 1140 docuit.
1471 1085 1518 1138 llic
1543 1090 1606 1140 erat
1629 1100 1734 1154 genere

47 1189 161 1244 magnac
190 1173 338 1245 religionis
363 1179 391 1229 et
412 1174 571 1246 sapientire,
598 1176 786 1244 successit,et
807 1177 872 1248 plns
921 1179 1023 1246 llalus,
1049 1178 1208 1233 litterarum
1234 1177 1393 1232 eruditione
1421 1176 1544 1248 pleniter
1569 1177 1732 1244 instructus,

47 1283 135 1337 qnam
152 1267 252 1338 viginti
266 1273 386 1340 quatuor·
398 1269 490 1336 annis,
510 1269 639 1324 doctrina
652 1272 681 1324 et
703 1271 871 1342 operatione
922 1276 950 1329 et
969 1271 1110 1328 lucrandis
1128 1272 1186 1326 ileo
1206 1271 1356 1326 animabus
1379 1287 1431 1342 par
1446 1271 1506 1342 ojus
1527 1271 1649 1342 gratiam
1672 1272 1734 1327 ido·

47 1367 147 1417 sancta
161 1361 281 1433 gloriose
297 1361 413 1433 pollens,
435 1362 536 1416 tenuit.
550 1363 636 1433 Cujus
651 1367 778 1434 tempore
806 1381 871 1418 mo·
922 1383 1004 1420 nerra.

48 1454 206 1510 nesterium
220 1456 249 1510 in
265 1472 366 1511 eremo
382 1455 578 1527 multipliciter
590 1458 688 1511 crevit.
703 1458 765 1528 lpso
777 1457 872 1531 adhuc
956 1457 1033 1510 Tunc
1045 1454 1223 1522 llldebertns,
1242 1455 1369 1510 italensis
1385 1455 1483 1522 abbas,
1497 1455 1530 1510 ad
1549 1455 1735 1527 archiepisco·
1807 1490 1811 1495 ·

48 1549 163 1604 virente
184 1551 212 1603 et
235 1548 366 1620 jubente,
390 1550 480 1605 Cnido
505 1549 590 1605 abbas
614 1550 711 1606 Trium
736 1551 870 1606 Fontium
921 1552 1020 1620 patum
1041 1549 1246 1605 Bituricenscm
1268 1555 1415 1620 promotus
1432 1554 1485 1616 est,
1506 1549 1657 1621 multisque
1677 1550 1736 1621 pol·

48 1644 158 1698 electus
174 1647 226 1711 est,
247 1645 276 1697 et
294 1659 350 1698 non
367 1644 457 1699 mvrlto
479 1648 541 1715 post
563 1645 735 1700 venerahilis
759 1645 871 1717 praede·
922 1643 1153 1711 lensvirtutibus,
1166 1643 1320 1704 sanctitatis
1331 1643 1538 1698 documentum
1550 1643 1736 1714 sequentibus

49 1753 148 1793 cessar
162 1737 188 1807 ej
194 1754 225 1791 ns
239 1737 388 1792 defunctus
401 1741 452 1793 eet.
468 1738 557 1793 Cnido
572 1743 670 1794 autem
691 1748 870 1811 assumptum
882 1730 910 1802 B
921 1737 1063 1793 Christum
1079 1736 1165 1792 verbo
1184 1742 1212 1792 ct
1225 1736 1336 1792 actione
1358 1737 1477 1808 largitus
1490 1740 1541 1792 est.
1565 1737 1736 1792 Gnarncrius

49 1831 141 1903 patris
156 1829 284 1886 osticium
297 1830 465 1902 aliquandiu
485 1833 712 1904 vituperabiliter
725 1832 826 1901 tenuit,
841 1838 871 1888 et
920 1830 956 1886 de
971 1831 1064 1886 Monte
1077 1830 1260 1885 ldaurelioais
1274 1830 1383 1901 praelati
1395 1830 1529 1902 lpraesulis
1541 1831 1638 1899 frater,
1655 1829 1737 1886 miles

50 1930 116 1996 post
129 1924 203 1980 dnos
216 1941 306 1980 annos
316 1925 484 1996 insipienter
496 1926 623 1998 reliquit.
635 1927 739 1983 Deinde
755 1928 869 1983 Rainal-
921 1924 1038 1980 illustris
1061 1925 1126 1993 init,
1146 1928 1176 1980 et
1192 1924 1375 1997 postmodum
1397 1926 1474 1981 Casca
1493 1925 1543 1980 Dei
1570 1923 1737 1994 monachus,

51 2018 105 2073 dns
121 2018 248 2088 juvenis,
273 2018 349 2074 lilius
372 2018 491 2087 Milonis,
512 2020 624 2075 comitis
649 2020 684 2075 de
712 2021 764 2075 liar·
786 2037 872 2093 super
922 2018 982 2074 fere
1000 2035 1034 2074 ax
1048 2018 1131 2074 annis
1145 2020 1202 2074 tlea
1216 2019 1355 2074 militavit.
1371 2019 1432 2086 llic,
1455 2018 1524 2074 dum
1538 2018 1631 2073 adlruc
1648 2018 1677 2072 in
1690 2034 1736 2074 ar·

49 2115 229 2184 Sequanam,
246 2113 351 2169 electus
364 2119 415 2180 est,
434 2119 462 2170 et
483 2114 569 2169 abbas
584 2131 600 2168 a
615 2114 769 2185 Gualterio,
793 2115 873 2171 Cabi·
923 2113 980 2167 mis
992 2112 1098 2168 mundo
1108 2113 1237 2182 serviret,
1248 2112 1525 2183 qnondam,dnmde
1536 2112 1632 2168 Sancti
1640 2113 1739 2168 iacobi
1826 2101 1829 2107 ’

53 2207 171 2262 lunensi
185 2208 317 2277 praesule,
331 2211 512 2262 consecratus
526 2211 577 2263 cst.
923 2205 1157 2278 peregrinatione
1178 2205 1293 2272 rediret,
1318 2206 1348 2260 in
1362 2206 1479 2261 introitu
1495 2205 1645 2277 cujusdam
1660 2207 1737 2260 silvae

87 2299 152 2352 lam
178 2296 238 2353 lere
266 2313 359 2351 xxxrrr
383 2297 450 2352 anni
477 2303 543 2353 sunt
572 2314 685 2369 exque
712 2298 873 2354 Radbertus
924 2300 1001 2355 solus
1014 2316 1079 2355 curn
1093 2300 1297 2371 armigerosuo
1315 2299 1462 2371 languenti
1476 2299 1606 2355 mendico
1620 2304 1759 2371 repente'
1868 2288 1872 2295 ’

51 2391 153 2457 abbas,
168 2396 200 2445 ut
215 2390 321 2445 dictum
338 2396 389 2460 cst,
404 2390 570 2447 Cistcrcium
582 2393 711 2459 incoluit,
727 2397 755 2448 et
767 2392 796 2447 irr
810 2395 872 2448 tan·
924 2395 1057 2462 occurrit,
1072 2399 1101 2449 et
1118 2393 1245 2465 poscenti
1263 2393 1364 2466 stipem
1380 2409 1512 2448 nummos
1523 2409 1593 2464 quos
1605 2393 1689 2448 daret
1702 2392 1739 2449 ad

51 2485 115 2540 tillo
132 2490 260 2556 tempora
281 2491 359 2541 tanta
381 2486 505 2541 virorum
532 2487 600 2541 illuc
622 2488 703 2559 copia
726 2487 873 2554 centlurit,
925 2505 1041 2543 manum
1056 2504 1114 2543 non
1136 2487 1253 2565 hahuit;
1271 2488 1322 2543 sed
1346 2486 1482 2559 pretiosas
1497 2487 1685 2555 chirothecas,
1704 2487 1739 2542 ab

51 2585 87 2634 ut
104 2579 171 2634 inde
182 2579 362 2634 axrabbatiae
375 2585 593 2652 consurgerent,
608 2597 673 2652 qnae
684 2597 793 2648 omncs,
808 2596 875 2636 cum
925 2583 1018 2638 amica
1042 2582 1095 2637 sibi
1115 2582 1245 2649 directas,
1268 2582 1369 2637 devote
1387 2581 1520 2654 porrexit.
1544 2581 1660 2650 Deinde,
1675 2587 1740 2653 post

53 2672 212 2728 abbatibus
231 2673 297 2740 suis,
320 2673 497 2730 cisterciensi
522 2674 755 2730 archimandritae
777 2674 873 2746 subja·
925 2676 1045 2748 longum
1060 2675 1183 2748 tempns',
1207 2675 1321 2731 cuidam
1337 2676 1470 2747 religioso
1491 2675 1539 2730 [ici
1553 2691 1646 2743 serro,
1674 2682 1738 2747 post

52 2770 134 2821 cent.
162 2766 268 2822 Omnes
291 2767 475 2823 femoralibus
498 2768 674 2840 pelliciisque
701 2771 809 2836 careat,
838 2768 875 2823 ab
926 2770 1081 2826 matutinas
1107 2771 1137 2825 in
1162 2770 1286 2825 oratorio
1307 2769 1489 2841 supplicanti,
1516 2769 1644 2841 angelica
1669 2770 1740 2824 visio

56 2861 146 2933 adipe
161 2865 191 2916 et
203 2861 333 2916 carnium
349 2878 399 2917 esn
412 2861 566 2932 abstinent,
582 2863 735 2935 multisque
744 2862 830 2918 honis
845 2861 875 2916 in
924 2864 1067 2937 apparuit,
1082 2867 1112 2919 et
1124 2864 1149 2920 ei
1163 2863 1296 2936 quaedam
1308 2863 1419 2935 agenda
1432 2863 1596 2934 specialiter
1606 2862 1740 2934 injunxit.

55 2954 172 3010 mundo
201 2956 232 3010 nt
257 2955 382 3010 lucernae
407 2956 532 3011 lucentes
562 2957 590 3011 in
617 2957 775 3028 caliginoso
800 2957 875 3023 loco,
926 2960 1053 3030 Cumque
1090 2957 1247 3013 monachus
1277 2957 1430 3029 diligenter
1463 2957 1634 3029 inquireret,
1661 2958 1742 3028 cnjus

56 3049 196 3104 renitent.
220 3047 305 3103 Omni
326 3054 455 3121 tempore
482 3050 595 3105 silentio
623 3050 749 3118 student,
776 3050 877 3105 lucatis
926 3051 1095 3107 anctoritate
1114 3052 1180 3107 talia
1198 3050 1251 3106 sibi
1267 3050 1455 3122 preciperet:
1473 3072 1486 3099 v
1507 3050 1565 3120 llic,
1579 3050 1682 3123 inquit,
1695 3066 1742 3105 ma

56 3142 186 3197 vestibus
207 3159 264 3197 non
286 3145 415 3210 ntnntnr,
440 3143 572 3199 manibus
592 3137 715 3216 propriis
732 3144 876 3214 laborant,
888 3103 915 3177 C
928 3146 1005 3201 misit
1019 3144 1055 3200 ad
1072 3151 1108 3214 te,
1124 3150 1152 3200 et
1174 3144 1235 3199 haec
1254 3144 1305 3199 tibi
1324 3143 1477 3212 mandavit,
1499 3142 1591 3216 qnem'
1605 3144 1743 3199 Martinus

56 3237 227 3308 rictumque
239 3236 290 3291 sibi
305 3239 335 3291 et
346 3237 478 3293 vestitum
492 3237 648 3293 vindicarit.
664 3236 802 3294 Omnibus
817 3237 877 3293 dic·
928 3245 1007 3312 parte
1021 3238 1170 3294 chlamidis
1183 3254 1240 3294 snae
1256 3238 1375 3307 vestivit,
1392 3243 1421 3294 et
1434 3238 1479 3293 cni
1491 3237 1667 3293 Gnarnerins
1681 3236 1742 3292 chi·

57 3331 124 3399 bns,
159 3333 264 3402 praeter
295 3330 474 3387 Dominicnm
513 3332 548 3387 ab
579 3332 673 3388 ldibns
704 3331 880 3404 Septembris
930 3334 1059 3390 rothccas
1073 3349 1137 3388 suas
1157 3332 1282 3388 donavit.
1299 3353 1313 3383 a
1339 3332 1511 3388 l'raterharc
1525 3331 1621 3387 abbati
1636 3331 1742 3402 retulit,

58 3425 206 3496 usquead
224 3425 329 3480 Pascha
345 3426 486 3497 jejunant.
511 3425 612 3481 Aditus
627 3442 694 3482 suos
710 3426 777 3481 satis
797 3425 879 3482 ohse-
930 3432 957 3484 et
977 3427 1135 3483 senioribus
1154 3426 1273 3482 historia
1298 3426 1333 3481 de
1355 3425 1468 3481 ldartini
1489 3425 1576 3481 divisa
1601 3425 1744 3481 chlamide

59 3525 138 3583 rant,
151 3526 180 3575 et
194 3523 495 3591 secretasummopere
512 3520 618 3575 celant,
637 3521 751 3575 Nullum
766 3521 880 3575 alterius
930 3522 997 3577 satis
1014 3521 1124 3590 claruit,
1139 3521 1218 3592 cnjus
1234 3525 1313 3590 parte
1334 3518 1482 3574 ambianis
1502 3519 1593 3575 adhuc
1616 3519 1745 3575 catechu·

61 3613 190 3668 ecclesiae
197 3613 371 3669 monachum
392 3614 422 3669 in
433 3614 491 3669 suis
501 3614 697 3687 penetralibus
713 3614 880 3684 admittunt,
931 3632 1032 3671 menna
1045 3614 1189 3671 Christum
1204 3614 1233 3668 in
1247 3629 1375 3685 paupere
1389 3612 1467 3668 texit.
1479 3612 1533 3669 Sed
1548 3629 1592 3668 res
1606 3613 1641 3668 de
1655 3613 1743 3669 Gnar·

60 3706 161 3762 necin
174 3707 330 3763 oratorium
345 3707 381 3762 ad
395 3708 510 3763 missam
524 3709 567 3764 vel
581 3708 639 3764 alia
653 3708 769 3763 servitia
785 3724 882 3763 secum
931 3708 1002 3765 nerii
1023 3707 1193 3764 chirothecis
1213 3706 1331 3763 omnino
1352 3706 1403 3761 din
1422 3706 1512 3763 latuit.
1528 3707 1653 3762 Tandem
1673 3708 1745 3779 ipse,
1832 3700 1839 3709 ’

61 3800 362 3873 ingredipermittunt.
372 3802 450 3857 llulti
462 3802 569 3858 nobiles
582 3803 695 3859 athletae
705 3807 734 3858 ct
748 3802 883 3874 profundi
933 3803 1103 3875 quibusdam
1116 3801 1363 3874 percunctantibus
1377 3801 1543 3872 simpliciter
1556 3801 1662 3857 deterit
1675 3817 1745 3873 qua·

62 3895 198 3967 sophistae
212 3895 247 3950 ad
263 3895 326 3952 illos
340 3912 390 3966 pro
406 3896 531 3952 novitate
544 3896 751 3968 singularitatis
763 3913 881 3953 concur·
932 3899 997 3954 liter
1010 3896 1090 3968 inopi
1103 3913 1155 3969 pro
1169 3911 1267 3952 amore
1285 3895 1390 3951 Christi
1408 3894 1581 3963 subvenerit,
1596 3899 1625 3950 et
1636 3895 1672 3950 ah
1684 3895 1748 3951 aliia

63 3993 176 4057 rerunt,
203 3994 232 4045 et
264 3989 426 4046 inusitatam
459 3989 665 4047 districtionem
698 3992 771 4047 ultro
801 4009 882 4048 corn-
933 3991 1120 4048 nihilominus
1150 3990 1356 4046 revelationem
1387 3989 1511 4057 audivit,
1538 3990 1672 4061 lteoqne,
1698 3989 1749 4063 qni

62 4083 221 4156 plexantes,
238 4083 267 4138 in
288 4084 332 4140 via
353 4088 432 4139 recta
446 4083 504 4140 laeti
518 4086 630 4141 Christo
643 4085 765 4158 hymnos
777 4086 884 4141 laetitiae
933 4086 1008 4141 bona
1023 4085 1190 4141 facientibus
1209 4100 1324 4156 semper
1338 4089 1442 4157 praesto
1456 4087 1507 4151 est,
1524 4084 1629 4155 gratias
1643 4083 1711 4158 egit.

63 4177 206 4233 modulati
233 4177 361 4234 luerunt.
393 4181 422 4234 ln
453 4180 572 4236 desertis
602 4184 687 4252 atque
713 4179 884 4236 silvestribus
969 4181 1047 4239 Circa
1062 4180 1121 4236 brec
1139 4186 1282 4252 tempora,
1303 4180 1473 4246 Bernardns,
1489 4177 1633 4243 Quinciaci
1649 4179 1749 4250 abbas,

63 4272 135 4327 locis
168 4273 344 4328 monasteria
368 4274 485 4346 proprio
512 4274 611 4329 labore
641 4274 842 4342 condiderunt,
857 4279 885 4330 et
936 4275 1105 4331 Pictaviense
1121 4275 1215 4329 solnm
1236 4274 1362 4346 reliquit,
1378 4273 1613 4345 qutapralatom
1633 4291 1749 4331 monas·

63 4382 146 4421 sacra
170 4366 225 4421 illis
246 4367 362 4423 nomina
381 4368 475 4424 solerti
499 4368 660 4440 provisione
673 4369 884 4440 imposuerunt,
935 4370 1049 4436 terium,
1076 4368 1151 4440 quod
1179 4368 1316 4423 hactenns
1346 4367 1467 4423 liberum
1498 4367 1652 4435 exstiterat,
1681 4369 1747 4425 Cin·

63 4466 97 4518 nt
110 4465 156 4517 est
176 4462 280 4517 Domus
299 4463 356 4528 ltei,
372 4462 539 4530 Claravallis,
555 4465 649 4519 Bonus
663 4463 749 4528 lions,
761 4470 790 4519 et
804 4464 924 4549 Elea-1)
936 4465 1017 4519 niaco
1032 4462 1184 4534 subjugare
1199 4462 1303 4531 noluit;
1318 4464 1346 4515 et
1360 4461 1436 4532 quia,
1451 4461 1523 4515 sicut
1535 4461 1671 4533 scriptum
1686 4466 1747 4518 ests

64 4573 196 4628 mosyna,
219 4561 248 4610 et
269 4556 325 4611 alia
337 4555 417 4628 plura
431 4556 607 4627 hujusmodi,
621 4556 724 4628 quibns
738 4557 883 4613 auditores
932 4563 1026 4615 iustus
1044 4561 1075 4613 ut
1095 4557 1134 4611 teo
1153 4555 1263 4625 confidit
1279 4555 1380 4624 (Pron,
1400 4570 1494 4615 xrvm.
1517 4554 1553 4625 tt,
1573 4554 1602 4609 in
1623 4555 1750 4611 Romana

63 4651 128 4708 eolo
142 4649 265 4706 nominis
280 4653 393 4705 nectare
408 4650 563 4706 invitantur
577 4650 748 4706 festinanter
759 4651 884 4722 experiri
934 4651 1042 4726 synodo
1058 4653 1158 4705 contra
1176 4648 1341 4704 Paschalenr
1356 4664 1458 4721 papam
1476 4663 1528 4719 pro
1549 4648 1678 4704 libertate
1693 4649 1750 4704 liti·

63 4747 175 4818 quauta
191 4743 227 4799 sit
246 4743 282 4799 ibi
298 4743 453 4813 beatitudo,
467 4760 531 4817 quae
546 4749 606 4800 tem
631 4745 745 4816 speciali
760 4745 882 4801 denote·
935 4746 1026 4820 garit3
1043 4745 1206 4817 ipsumque,
1227 4741 1293 4814 qnia
1307 4741 1478 4814 pleniarinrn
1493 4742 1545 4797 sihi
1566 4748 1673 4798 reetnm
1694 4759 1751 4798 aon

66 4843 117 4895 tur
129 4836 274 4893 vocabulo.
934 4842 1050 4910 lecerat,
1065 4840 1099 4895 ad
1116 4838 1243 4894 divinum
1263 4853 1385 4892 examen
1405 4837 1674 4908 provocantesque
1692 4838 1751 4892 ior·

103 4930 183 4988 nurci
197 4947 232 4988 ex
246 4946 347 4988 eornm
359 4931 437 4987 lonle
455 4931 580 4989 sitientes
597 4932 763 5001 hauserunt,
779 4940 808 4989 et
818 4934 885 4989 inde
937 4936 1103 4991 midandam
1119 4932 1335 4989 animositatem
1350 4947 1418 5003 papa
1435 4931 1572 4986 reveritus
1586 4934 1637 4999 est,
1648 4930 1754 5002 ipsum·

67 5028 165 5100 plnres
178 5026 260 5082 rivali
279 5043 332 5099 per
350 5026 475 5083 diversas
492 5027 645 5083 Galliarum
658 5029 790 5100 regiones
812 5027 887 5083 deri·
936 5047 1000 5103 que,
1012 5035 1044 5085 nt
1058 5045 1154 5084 secum
1167 5028 1202 5083 ad
1214 5029 1347 5083 Romana
1359 5026 1476 5080 tutelam
1488 5025 1618 5081 Ecclesiae
1631 5025 1755 5082 comnio-

66 5120 126 5177 vati
145 5126 222 5177 sunt.
242 5121 327 5176 Novar
353 5121 538 5177 institutionis
562 5123 743 5178 emulatores
767 5122 887 5194 dispersi
937 5131 1058 5191 raretnr,
1079 5125 1209 5196 precatus
1229 5126 1280 5176 est.
1301 5120 1349 5175 lile
1369 5136 1435 5175 vern
1454 5119 1616 5175 mundanas
1635 5120 1754 5177 omnino

67 5216 178 5272 suntin
191 5215 354 5288 Aquitania,
368 5216 398 5270 iu
414 5216 568 5285 Britannia,
583 5216 720 5271 Gasconia
733 5220 762 5271 et
784 5216 885 5271 iliber-
937 5235 1018 5274 curas
1039 5218 1173 5283 desernit,
1189 5221 1217 5271 et
1235 5214 1327 5288 plura,
1347 5230 1412 5270 cnm
1428 5213 1599 5285 quibusdam
1615 5213 1756 5286 religiosis

69 5311 128 5365 nia.
142 5310 310 5365 haribonis
324 5310 481 5382 hypocritae
495 5310 668 5382 procedunt,
682 5309 813 5365 candidis
837 5325 887 5367 sen
938 5311 1072 5368 fratribus
1091 5312 1185 5383 ipsum
1204 5310 1283 5365 avide
1303 5308 1500 5381 sequentibus,
1518 5308 1581 5363 loca
1597 5309 1755 5382 perlustra·

66 5404 154 5459 variis
168 5403 344 5459 indumentis
359 5405 467 5474 amicti,
483 5405 616 5460 homines
628 5405 764 5474 illudunt,
785 5407 815 5459 et
835 5420 887 5477 po·
939 5406 988 5463 rit.
1008 5405 1143 5476 Denique,
1163 5409 1226 5475 post
1243 5406 1337 5476 plnres
1357 5404 1490 5459 circuitus
1510 5403 1544 5459 ad
1565 5402 1756 5460 venerabilem

69 5499 145 5571 pulis
155 5497 260 5570 ingens
273 5499 467 5571 spectaculum
482 5499 618 5554 alliciunt.
638 5499 715 5554 Veris
729 5499 777 5555 [tri
797 5499 887 5554 culto·
940 5500 1106 5574 episcopum
1120 5501 1233 5554 tranem
1248 5497 1370 5566 divertit,
1385 5501 1413 5553 et
1427 5497 1462 5551 ab
1476 5513 1510 5552 eo
1522 5497 1687 5567 benigniter
1699 5514 1759 5552 sus·

68 5595 148 5651 ribns
172 5594 336 5665 schemate,
365 5612 423 5651 non
449 5595 565 5662 virtute,
589 5595 735 5651 assimilari
762 5595 890 5667 plerique
940 5598 1048 5667 ceptus,
1063 5594 1093 5650 in
1112 5593 1218 5666 praedio
1238 5591 1416 5647 Camotcnsis
1435 5590 1560 5647 ecclesie
1580 5607 1647 5646 cnm
1661 5592 1757 5646 tratri·

69 5697 207 5767 gestiunt,
223 5694 324 5766 suique
345 5693 527 5749 multitudine
545 5691 724 5747 intuentibus
744 5691 889 5746 fastidium
940 5690 993 5745 hus
1016 5687 1185 5759 quibusdam
1208 5685 1344 5754 constitit,
1367 5690 1396 5741 et
1418 5686 1448 5740 in
1472 5687 1533 5741 loce
1556 5684 1686 5753 silvestri,
1710 5682 1759 5756 qni

68 5793 222 5866 ingerant,
251 5793 279 5843 et
300 5787 437 5862 probatos
458 5787 614 5843 eoennbitas
629 5792 770 5859 quantum
788 5785 824 5840 ad
838 5785 890 5840 lat·
941 5784 1023 5841 Tiron
1041 5782 1154 5851 dicitnr,
1170 5780 1335 5839 coeaobinru
1351 5779 1385 5836 iu
1400 5780 1518 5836 tranare
1533 5775 1776 5834 austrasias·
