3750 6046
151 200 204 257 ⁴55
840 193 1001 252 onuentct
1022 188 1154 253 vitatis
1781 196 1831 254 ibt

154 326 229 380 diem
244 327 414 395 perseverat,
431 328 459 379 et
472 321 573 396 iugens
595 319 803 377 manachorum
823 320 966 376 exercitus
978 332 1006 403 Α
1016 318 1084 385 ibat,
1099 317 1353 390 solertiquestudie
1365 317 1532 377 manasterii
1544 334 1592 375 res
1603 317 1682 375 iahia
1697 320 1727 376 et
1737 324 1832 375 extra·

153 414 274 470 Domino
290 414 348 470 Dea
371 413 500 469 Sabaoth
520 428 585 468 cum
607 411 732 483 tripudio
752 410 864 479 militet,
879 414 966 482 atque
1018 413 1176 484 prudenter
1198 412 1376 484 disponebat.
1396 415 1463 469 Post
1482 413 1579 486 plures
1600 429 1693 470 annos
1719 412 1833 469 invidus

153 508 264 564 meritis
286 507 375 563 sancti
390 507 543 574 Guillelmi,
558 523 593 562 ex
608 504 712 560 illustri
733 505 822 560 milite
841 503 967 574 religiosi
1016 507 1101 562 Satan
1121 505 1149 561 in
1165 506 1342 562 homininum
1367 523 1485 580 gregem
1501 509 1634 577 surrexit,
1651 510 1689 576 et,
1706 507 1833 579 opilione

153 602 296 672 monachi,
312 602 396 657 turba
406 601 617 656 infirmantium
631 599 832 655 convalescens
845 598 967 654 exsultat
1016 599 1151 671 nequiter
1163 600 1337 672 perturbato,
1351 603 1463 657 teneras
1475 617 1551 657 eves
1563 601 1699 658 atrociter
1711 601 1831 658 vexavit.

152 698 181 752 in
194 696 392 763 christetem,
408 696 457 768 qni
471 710 570 751 amnes
582 693 636 749 sibi
647 693 830 748 adhaerentes
842 691 872 747 in
886 696 966 747 aeter·
1016 692 1177 749 Radbertus
1196 695 1273 750 enim
1296 695 1383 763 Brito,
1398 701 1462 767 post
1481 700 1601 752 mertem
1622 695 1763 751 liodberti
1783 694 1833 750 tilii

153 808 224 847 axum
240 791 390 862 gleritleat.
1016 787 1169 856 llairnanis,
1189 788 1320 844 abbatem
1338 804 1433 857 sunm,
1457 805 1548 861 aque
1566 792 1716 861 susceptus
1740 789 1834 845 tuerat

152 905 199 959 111,
228 906 265 958 pe
289 902 413 965 (feroras),
438 900 583 970 capellano
613 901 736 969 peponis
760 898 966 955 perimam
1015 882 1051 937 ad
1076 881 1286 950 monachatum,
1308 882 1343 938 de
1364 881 1537 955 quibusdam
1560 883 1638 939 falsis
1663 882 1833 939 criminibus

188 986 303 1038 comitis.
326 983 392 1051 Ejus
412 980 522 1036 masilia
543 979 658 1050 plurimi
676 980 776 1034 milites
799 981 829 1034 in
850 978 965 1035 coeaebve
1016 975 1156 1031 accusavit
1183 976 1258 1048 apud
1284 992 1381 1048 regern
1411 976 1573 1032 ilenricam.
1602 978 1692 1032 Perre
1721 975 1830 1044 abhas,

191 1065 306 1118 Ultimi
316 1061 501 1117 'mmmm
514 1061 637 1115 'labiim
649 1062 808 1130 suscipiant.
1016 1072 1082 1124 ante
1102 1085 1203 1140 regem
1224 1069 1385 1140 accersitus,
1401 1069 1516 1141 prolixis
1539 1069 1696 1126 rationibus
1717 1069 1758 1124 nti
1780 1086 1831 1125 ne-

185 1164 436 1222 lnvictissimorum
450 1165 546 1236 itaque
561 1163 684 1219 militurn
701 1166 809 1235 tropaea
827 1161 963 1234 frequen·
1015 1162 1078 1232 luit,
1097 1162 1146 1219 sed
1167 1163 1312 1219 innocenti
1333 1163 1506 1219 canscientia
1527 1169 1689 1232 contentus,
1711 1163 1831 1219 abbatia

150 1265 195 1317 tex
208 1258 419 1314 abrincatensis
439 1256 578 1313 Geraldus
593 1256 745 1328 referebat,
760 1262 788 1312 et
807 1261 965 1312 coessentes
1014 1256 1192 1313 dominatum
1211 1256 1274 1329 regi
1296 1257 1369 1312 ultra
1395 1257 1519 1329 reliquit,
1538 1261 1568 1313 et
1588 1261 1654 1330 post
1676 1256 1832 1313 laboriosas

148 1355 280 1423 athletas,
297 1353 516 1424 armigerosque
530 1368 682 1423 generosas
699 1351 734 1406 ad
755 1350 876 1406 similem
894 1365 963 1405 can·
1014 1350 1128 1406 ltarthae
1158 1350 1319 1418 famulatus,
1346 1351 1484 1423 optimam
1509 1351 1601 1407 llariae
1623 1356 1738 1422 partam
1758 1352 1833 1407 intra

149 1449 342 1505 versationem
354 1446 497 1502 blanditiis
511 1449 540 1500 et
552 1445 709 1501 terroribus
720 1444 869 1501 incitabat.
1014 1449 1154 1501 secretum
1175 1444 1393 1500 Guentaniensis
1413 1445 1528 1500 claustri
1548 1445 1673 1515 repetiit.
1688 1445 1828 1517 Denique,

185 1542 329 1614 inprimis
343 1540 570 1613 igiturquinque
591 1540 716 1594 illustres
736 1538 789 1594 viri
805 1537 840 1593 de
855 1538 964 1594 familia
1014 1537 1084 1593 dum
1105 1544 1169 1609 past
1189 1538 1302 1610 aliquod
1326 1544 1440 1611 tempas
1465 1556 1483 1595 a
1502 1538 1657 1595 venerabili
1677 1536 1829 1611 Radulpho

150 1637 274 1693 consolis
297 1634 404 1707 egressi
425 1639 502 1703 srvat,
516 1650 640 1706 querum
662 1633 779 1689 nemina
794 1634 855 1689 haec
872 1637 959 1688 sunt:
1014 1631 1138 1687 nonensi
1162 1632 1294 1704 episcopa
1315 1632 1450 1689 invitatus
1469 1632 1578 1701 fuisset,
1596 1637 1626 1688 et
1646 1632 1709 1704 ipse
1726 1636 1830 1704 rogata

150 1731 287 1802 Rogerius
316 1727 424 1783 Erasisi
448 1728 534 1795 tilius,
557 1743 644 1799 nepes
667 1727 808 1783 Guillelmi
831 1726 867 1782 de
889 1727 962 1782 Gua-
974 1699 1002 1772 B
1014 1726 1206 1799 plurimarum
1219 1726 1353 1782 eumdem
1372 1725 1539 1798 pontificem
1552 1742 1637 1782 cansa
1650 1728 1758 1782 sanetae
1772 1727 1829 1782 cal·

152 1840 241 1880 renna
260 1821 372 1878 comitis
394 1822 563 1893 Suthregiae,
584 1828 613 1877 et
627 1819 778 1890 Erucium,
794 1819 905 1876 Untridi
927 1819 963 1874 de
1013 1820 1164 1876 locutionis
1184 1819 1307 1889 adiisset,
1321 1819 1437 1889 ibidem,
1450 1824 1571 1876 vacante
1591 1821 1659 1890 Dee,
1676 1820 1707 1876 in
1722 1821 1829 1877 lectum

149 1917 264 1973 Telliela
284 1916 368 1984 tilius,
391 1932 481 1988 nepas
508 1915 635 1986 lingonis
657 1914 692 1970 de
714 1913 963 1971 Grentemaisnilia
1014 1914 1159 1983 decubuit,
1184 1917 1223 1983 et,
1246 1914 1394 1987 completis
1419 1914 1555 1970 amnibus
1579 1929 1646 1986 quae
1669 1930 1753 1971 serva
1780 1913 1829 1970 Dei

149 2009 323 2065 vicecomitis
335 2010 535 2081 legrecestra,
553 2025 618 2064 cum
629 2007 758 2064 Guidane
775 2007 961 2076 lledantensi,
1013 2009 1067 2064 rite
1082 2012 1260 2080 competunt,
1276 2012 1440 2065 reverenter
1452 2006 1532 2063 abiit.

151 2104 282 2177 ejusdem
297 2102 451 2176 armigera,
463 2104 557 2174 Draga
573 2101 668 2170 etiarn,
682 2101 756 2157 iilius
772 2101 909 2157 Gaisiredi
926 2101 962 2157 de
1048 2101 1188 2174 Regerias
1201 2117 1268 2157 vero
1284 2101 1319 2157 de
1332 2102 1492 2171 Guarenna,
1507 2116 1594 2174 quem
1609 2100 1722 2175 prelati
1735 2118 1829 2159 sacer·

149 2200 226 2253 Nava
252 2198 385 2267 berceto,
414 2200 443 2251 et
466 2195 527 2252 Ode
553 2195 717 2268 capellanus
742 2194 862 2264 comitis,
887 2194 962 2251 lilius
1012 2195 1095 2263 dotis,
1109 2195 1234 2251 diximus
1246 2195 1362 2251 hortatu
1374 2211 1543 2252 conversum
1556 2195 1655 2266 inissa,
1670 2200 1700 2252 et
1713 2197 1828 2253 Uticam

149 2290 256 2346 Ernulii
277 2290 413 2346 Delensis.
435 2290 480 2345 leti
504 2289 655 2360 nimirum,
677 2289 814 2344 instinctu
833 2288 960 2356 Ernaldi,
1013 2289 1272 2362 quasideilammis
1287 2288 1419 2345 Sodomae
1432 2305 1497 2345 cum
1510 2293 1634 2362 quatuor
1648 2290 1826 2347 commilita·

149 2386 230 2457 cnjus
243 2390 375 2458 parentes
394 2382 555 2439 Uticensem
574 2383 717 2439 abbatiam
737 2387 961 2451 construxerant,
1012 2384 1096 2438 nibus
1117 2399 1169 2456 pra
1193 2383 1367 2439 monachatu
1389 2384 1555 2451 accurrisse,
1574 2384 1634 2440 iere
1656 2400 1719 2440 xcrr
1743 2384 1827 2440 annis

149 2478 261 2535 llticum
276 2478 418 2546 adierunt,
432 2482 460 2532 et
476 2476 637 2533 aldainerie
653 2476 753 2532 abbate
769 2480 917 2549 gratanter
933 2476 961 2531 in
1012 2477 1117 2533 ibidem
1136 2477 1214 2545 vixit,
1228 2482 1256 2532 et
1274 2477 1304 2532 ia
1322 2477 1425 2532 ordine
1442 2478 1566 2548 terrens,
1581 2476 1755 2534 multimoda
1772 2479 1826 2534 ha-

148 2572 325 2631 manasterie
340 2571 463 2644 suscepti
480 2575 555 2626 sunt.
569 2572 622 2636 Qui
636 2572 720 2643 lango
735 2574 862 2643 tempore
876 2588 960 2643 regu·
1012 2574 1118 2626 nestate
1130 2570 1231 2643 viguit.
1248 2572 1313 2626 Erat
1324 2570 1402 2626 euim
1413 2587 1532 2643 carpere
1546 2575 1691 2643 venustus,
1707 2571 1824 2628 habita·

147 2668 246 2724 lariter
275 2666 385 2722 ibidem
413 2665 569 2721 conversati
595 2671 676 2736 sunt,
703 2669 733 2720 at
761 2665 962 2721 ecclesiasticas
1012 2682 1067 2738 qne
1081 2665 1128 2720 vili
1140 2668 1240 2736 sponte
1257 2664 1393 2736 dejectus.
1410 2667 1442 2720 ln
1459 2664 1542 2721 omui
1562 2682 1624 2721 esse
1637 2682 1689 2721 suo
1702 2681 1824 2722 venere-

146 2778 192 2818 res
206 2760 348 2817 industria
367 2763 396 2816 et
417 2759 607 2815 sollicitudine
627 2775 679 2815 sua
701 2759 853 2815 cammada
874 2775 960 2815 auxe·
1011 2757 1824 2833 bilipallebatmedestia,voceclmaetiacuudaleqnela.

147 2860 226 2913 runt.
1011 2852 1054 2907 Ad
1076 2852 1185 2908 labores
1201 2852 1365 2908 tolerandos
1379 2856 1439 2908 erat
1459 2853 1577 2921 validus,
1598 2853 1635 2908 ad
1656 2854 1784 2926 psalmos
1798 2856 1827 2909 et

180 2949 319 3007 Geraldus
333 2953 439 3018 autem,
461 2947 510 3020 qui
530 2947 603 3003 sicut
622 2948 715 3020 gallus
737 2946 911 3003 dormientes
930 2946 961 3002 in
1011 2946 1135 3019 hymnos
1165 2946 1309 3002 canendas
1334 2946 1525 3017 valrxntarius,
1550 2946 1580 3001 in
1606 2947 1824 3003 conversatione

144 3043 287 3117 profunda
301 3046 382 3098 necte
394 3041 536 3097 cenanda
551 3041 665 3110 excitat,
679 3041 718 3096 sic
732 3041 761 3096 in
784 3040 957 3097 obscuritate
968 3068 996 3142 C
1008 3057 1075 3096 vere
1088 3057 1137 3096 sua
1150 3040 1399 3097 contubernalibus
1420 3040 1577 3097 tractabilis
1592 3045 1621 3097 et
1640 3040 1716 3097 bene
1734 3042 1824 3097 rneri-

145 3139 267 3195 Letbaeae
281 3136 431 3193 oblivionis
445 3140 474 3191 et
487 3135 684 3207 profunditate
698 3133 852 3190 mundialis
865 3135 958 3190 illece-
1008 3138 1131 3207 geratus.
1152 3135 1183 3189 ln
1205 3135 1279 3190 victu
1305 3134 1357 3190 sibi
1381 3151 1491 3207 parcus,
1514 3134 1636 3208 aliisque
1657 3136 1768 3208 largus,
1793 3136 1823 3193 in

144 3234 204 3288 brae
220 3232 336 3299 illectas,
351 3229 470 3286 verbum
486 3229 535 3284 liei
547 3229 681 3298 serenda,
695 3229 730 3284 ad
745 3229 864 3285 meliora
875 3232 956 3286 extu·
1007 3229 1108 3302 vigiliis
1127 3245 1241 3300 semper
1261 3231 1421 3301 promptus,
1441 3234 1469 3284 et
1490 3228 1673 3286 indicibiliter
1696 3230 1822 3287 sobrius.

143 3326 225 3393 lerat,
250 3341 312 3380 sesa
332 3323 448 3380 andem
471 3323 593 3395 propriis
614 3323 717 3395 pennis
741 3322 913 3395 percutiens,
941 3341 957 3379 a
1006 3324 1067 3379 Non
1079 3323 1154 3379 fastu
1167 3323 1291 3378 carnalis
1309 3321 1464 3378 nobilitatis
1477 3323 1592 3391 tumuit,
1608 3322 1660 3379 sed
1679 3323 1709 3379 in
1726 3323 1822 3379 hami-

141 3426 256 3492 tarpara
276 3418 409 3474 vivaciter
429 3417 565 3486 excussit,
588 3417 797 3489 discipulosque
822 3433 899 3486 sues,
921 3419 956 3473 de
1006 3417 1082 3473 litate
1094 3417 1251 3472 consistens
1270 3417 1386 3489 Regulae
1404 3416 1562 3486 succubuit,
1575 3422 1603 3473 et
1616 3417 1683 3473 vilia
1696 3434 1822 3490 quaeque

144 3514 247 3586 quibus
258 3511 429 3584 pradictum
439 3515 495 3581 est,
513 3527 646 3583 sequens,
663 3510 775 3566 Uticam
790 3511 868 3568 adire
880 3518 955 3568 sate·
1006 3512 1127 3567 fratrum
1149 3511 1282 3583 obsequia
1303 3511 1433 3567 hilariter
1453 3511 1563 3583 agitare
1583 3512 1744 3585 praelegit.
1769 3514 1824 3569 Per

144 3607 195 3681 git.
214 3609 328 3677 Verum,
349 3606 461 3661 valente
480 3607 549 3671 Deo,
568 3606 598 3660 in
619 3605 721 3678 Anglia
743 3622 893 3663 remanere
913 3623 956 3662 ca
1006 3606 1102 3678 plures
1115 3605 1192 3661 enim
1205 3621 1296 3660 annas
1310 3604 1384 3661 ultra
1397 3606 1497 3661 salitus
1514 3610 1557 3663 cst
1569 3607 1699 3662 emnium
1712 3607 1822 3665 calcea·

142 3707 221 3779 actus
249 3704 301 3757 est.
327 3701 397 3755 Nam
427 3699 475 3756 ubi
499 3700 640 3755 Guentam
665 3700 805 3772 pervenit,
831 3699 957 3772 graviter
1006 3705 1104 3756 menta
1115 3699 1237 3755 fratrum
1251 3715 1422 3771 perungere,
1436 3699 1610 3773 pedulesque
1628 3700 1734 3771 lavare,
1749 3702 1820 3759 alia·

143 3797 281 3867 egrotare
301 3794 394 3864 coepit,
414 3799 551 3865 metuque
573 3793 675 3849 mertis
699 3793 729 3847 in
748 3794 837 3850 veteri
859 3810 957 3849 mana·
1005 3809 1061 3866 qne
1073 3792 1198 3862 servitia,
1214 3809 1279 3865 qua
1292 3793 1465 3866 quibasdam
1477 3793 1629 3851 hebetibus
1647 3798 1677 3851 et
1694 3795 1820 3868 turgidis

143 3890 229 3946 sterio
242 3887 337 3943 Sancti
362 3887 438 3941 Petri
461 3887 625 3942 monachile
647 3887 762 3943 schema
784 3887 883 3944 devote
906 3905 954 3943 sa·
1005 3886 1186 3959 despicabilia
1214 3885 1354 3955 videntur,
1384 3887 1507 3944 libenter
1533 3904 1679 3945 exercere.
1700 3890 1820 3947 Textam

142 3978 240 4050 saepit,
259 3976 365 4047 diuque
384 3975 437 4031 sab
458 3976 640 4031 Gualchelina
663 3977 793 4047 praesuta,
816 3983 846 4033 et
863 3978 953 4034 Gade·
1004 3982 1225 4053 Evangeliorum
1239 3997 1310 4036 aura
1323 3986 1351 4037 et
1363 3985 1494 4053 argenta,
1511 3983 1693 4056 gemmisque
1706 3984 1822 4041 decore·

140 4071 216 4126 tride
241 4069 411 4141 peritissima
440 4085 473 4124 ac
501 4068 635 4141 religiosa
667 4070 761 4140 priore
786 4072 956 4143 regulariter
1004 4076 1053 4144 vit,
1076 4082 1104 4132 et
1126 4076 1210 4148 plura
1231 4075 1408 4144 vestimenta,
1430 4092 1590 4149 cappasque
1613 4081 1767 4135 cantorum
1792 4086 1820 4138 et

142 4163 221 4220 vixit.
238 4163 306 4217 lnde
325 4166 388 4234 past
401 4162 515 4234 aliquod
536 4167 651 4234 tempas
664 4163 699 4218 ad
720 4164 848 4236 regimen
863 4165 953 4221 eecle-
1004 4169 1111 4241 tapetia
1123 4187 1188 4225 eum
1203 4169 1329 4239 cortinis,
1346 4170 1472 4244 aliosque
1486 4171 1583 4242 plures
1598 4176 1720 4229 ornatus
1732 4174 1820 4231 eccle·

142 4257 287 4313 siastiaum
299 4256 436 4312 canonice
449 4259 671 4327 preventusest;
686 4258 952 4329 etTeeehesburiae,
1003 4263 1052 4319 sia
1073 4281 1133 4319 sua
1157 4264 1326 4335 procuravit.
1352 4265 1496 4320 Fratribus
1517 4270 1547 4322 ct
1566 4266 1738 4340 parentibus
1762 4269 1820 4325 suis

141 4351 210 4408 dum
240 4350 401 4422 baiocensis
435 4350 555 4405 Samson
584 4350 778 4423 Guigernensi
810 4352 953 4425 episcopia
1004 4374 1126 4430 quaeque
1152 4363 1264 4430 peterat
1284 4361 1445 4431 oppartnne
1464 4358 1603 4433 rapiebat,
1625 4364 1655 4417 et
1675 4362 1820 4421 subtracta

139 4448 272 4519 praeerat,
286 4444 397 4517 primus
411 4443 498 4499 abbas
513 4444 629 4500 allectus
648 4450 699 4501 est.
715 4446 758 4501 lbi
774 4463 878 4518 nempe
898 4464 953 4503 cea·
963 4444 993 4517 D
1005 4450 1170 4523 cerporibus
1185 4468 1237 4524 pre
1250 4453 1340 4510 salute
1353 4451 1458 4510 animae
1473 4453 1568 4510 divine
1581 4455 1669 4512 cultui
1689 4458 1818 4528 gaudens

140 4541 258 4597 nebium
273 4539 383 4595 Sancta
402 4538 497 4594 itariae
516 4537 687 4610 Radbertus,
709 4541 852 4596 llaimenis
867 4541 951 4599 filius.
1003 4544 1171 4617 applicabat.

140 4651 226 4707 super
253 4633 405 4689 Sabrinam
429 4631 547 4688 ssaviam
574 4638 780 4703 construxerat,
804 4640 833 4689 et
858 4635 954 4690 uiuitis
1038 4639 1343 4712 Richardusigitnrde
1357 4641 1497 4713 Celuncis,
1513 4643 1622 4715 praelati
1636 4645 1818 4718 Rageriiira·

139 4727 250 4800 apibus,
263 4733 392 4798 tempere
407 4725 548 4783 Guillelmi
561 4727 685 4798 junioris
698 4727 856 4799 auglorum
867 4729 951 4800 regis,
1003 4738 1057 4802 ter,
1072 4733 1183 4790 Uticam
1198 4735 1285 4805 venit,
1299 4740 1328 4790 et
1341 4735 1488 4792 ecclesiam
1510 4737 1544 4793 de
1563 4738 1714 4810 listolveie,
1729 4757 1817 4814 quam

138 4821 249 4877 affatim
271 4820 462 4894 locupletavit.
477 4820 718 4878 Geraldusantem
732 4822 855 4878 efficium
871 4840 951 4879 sana
1002 4826 1037 4882 ab
1062 4827 1177 4883 Erneisa
1202 4828 1327 4900 quadam
1352 4830 1470 4886 homine
1494 4846 1548 4887 sno
1571 4831 1755 4904 redemerat,
1785 4836 1816 4891 B.

141 4918 178 4970 tar
199 4913 417 4987 predicationis,
433 4916 509 4987 quad
523 4914 554 4969 in
573 4914 707 4971 clericatu
719 4921 865 4988 gratanter
875 4933 953 4972 exer-
1002 4921 1118 4976 Ebrntia
1125 4921 1214 4992 dedit,
1224 4922 1365 4979 decimam
1377 4940 1492 4997 queque
1499 4924 1621 4983 duorum
1631 4928 1817 4985 molendina-

139 5014 317 5080 cuerat,que
339 5009 484 5080 pluresda
504 5008 766 5066 caenolibidiniset
789 5010 952 5082 rapacitatis
1001 5031 1067 5070 rum
1094 5014 1206 5086 adjecit.
1237 5018 1347 5091 aarum
1368 5017 1464 5090 itaque
1494 5019 1680 5076 donationem
1701 5037 1816 5093 reram,

138 5102 174 5157 ad
187 5102 341 5172 puritatem
354 5102 516 5158 innocentis
528 5104 594 5159 vitre
609 5108 797 5175 pertraxerat,
811 5104 840 5159 in
860 5108 953 5176 pasto·
1001 5124 1065 5164 cum
1084 5107 1213 5164 adelaisa
1232 5112 1355 5184 conjuge
1370 5129 1421 5167 sua
1442 5116 1472 5168 et
1484 5114 1606 5186 praefata
1625 5115 1755 5186 Erneisa,
1769 5134 1816 5174 su-

138 5195 207 5250 ralis
221 5194 345 5250 culmine
357 5196 506 5267 regiminis
522 5197 639 5268 pesitus,
651 5198 803 5272 vigilanter
815 5198 949 5267 excoluit,
1001 5217 1053 5274 per
1075 5203 1164 5258 altare
1191 5205 1298 5275 posuit.
1320 5206 1374 5261 Pro
1396 5206 1452 5263 hac
1477 5208 1658 5265 concessione
1683 5211 1817 5267 monachi

137 5287 313 5360 etplurihas,
324 5288 482 5360 opitulante
490 5291 557 5359 Dea,
570 5292 685 5363 proluit.
693 5293 802 5348 Navem
812 5298 951 5349 monaste·
1000 5296 1144 5354 dederunt
1160 5297 1301 5355 Richarde
1317 5304 1380 5356 ecta
1401 5300 1488 5357 libras
1505 5316 1695 5359 nummorum
1705 5320 1715 5374 ς
1737 5304 1816 5363 ltad-

137 5382 212 5436 rium
234 5380 374 5452 regularis
388 5381 496 5437 ordinis
509 5385 700 5442 sanctionibus
721 5386 854 5456 instituit,
868 5386 948 5442 nevi·
999 5388 1081 5447 berta
1108 5391 1195 5448 etiam
1221 5392 1256 5448 de
1278 5393 1424 5465 idelbraie,
1449 5395 1499 5467 qui
1526 5395 1655 5470 capitalis
1679 5397 1817 5456 domim

134 5473 242 5532 fierem
256 5474 366 5547 capiam
388 5475 541 5532 monachili
561 5494 668 5536 normae
681 5480 863 5552 mancipavit,
880 5497 949 5537 nea·
1000 5490 1069 5553 aret,
1090 5490 1206 5542 centum
1221 5486 1325 5543 solidas
1343 5487 1494 5559 dederunt,
1517 5494 1547 5546 et
1561 5490 1622 5563 ipae
1644 5491 1815 5550 incundae·

135 5569 288 5643 phytisque
305 5569 429 5642 optimas
442 5570 513 5626 ritas
527 5570 627 5643 rigide
645 5574 870 5631 conversationis
888 5579 947 5632 tra·
999 5581 1053 5648 ter,
1076 5579 1107 5635 in
1129 5579 1264 5637 vinderia
1287 5580 1411 5639 Teratini
1433 5581 1471 5640 de
1493 5582 1622 5657 Selaagi,
1645 5586 1674 5643 S.
1696 5585 1814 5645 Rbrelio

134 5662 216 5720 didit.
230 5662 273 5719 nd
288 5663 456 5720 exercitium
475 5664 623 5737 spirituale
640 5684 705 5724 cnm
722 5667 857 5743 subjectis
869 5686 947 5727 mm·
998 5672 1137 5730 concessit
1149 5674 1298 5733 eeclesiam
1312 5676 1348 5734 de
1363 5676 1511 5749 Estalrein
1524 5680 1558 5735 at
1571 5678 1708 5739 monaehi
1718 5681 1813 5755 patie-

132 5757 322 5831 moechatae
335 5757 477 5815 laboriosa
487 5759 573 5816 etiam
582 5760 712 5832 juniores
725 5762 869 5820 interdum
878 5780 949 5837 pra·
997 5770 1076 5824 runt.
1089 5768 1227 5825 Pratatns
1239 5774 1336 5827 annm
1355 5769 1513 5829 bichardus
1526 5772 1609 5831 valde
1622 5772 1813 5849 locupletatas
