3750 6046
66 290 69 295 Ι
144 164 195 266 iss
827 166 989 265 causarer
1011 206 1140 267 varanis
1768 211 1816 269 rsa

142 338 222 405 vixit,
241 352 306 392 eam
325 337 374 392 illo
395 340 575 393 conversatus
595 340 648 407 est,
665 340 694 391 et
712 335 786 391 inter
804 335 957 393 familiares
968 352 997 425 Α
1008 337 1095 409 gavisi
1111 341 1185 406 sunt,
1200 340 1229 391 et
1243 335 1377 407 fatigatos
1391 352 1443 408 pro
1461 335 1572 393 Christo
1586 338 1617 393 in
1631 336 1731 392 multis
1748 354 1816 411 ago·

143 429 275 487 convivas
288 431 349 502 ejus
367 447 399 487 ac
417 431 594 487 consiliarios
606 430 721 486 habitus
739 431 792 484 est.
809 430 887 486 lluuc
901 433 956 487 Au·
1006 431 1089 485 nibus
1103 428 1215 501 pugiles
1232 428 1376 485 laetificare
1393 429 1488 486 conati
1505 433 1582 487 sunt.
1595 431 1674 486 'func
1688 430 1730 487 ibi
1743 431 1816 488 Rod-

143 529 242 597 gustus
261 524 404 597 praecipue
425 525 568 597 diligebat,
590 529 618 580 et
635 523 755 580 libenter
776 540 842 579 eum
864 524 957 581 audie·
1006 523 1112 591 bertus,
1127 523 1308 579 Narmanuiae
1325 523 1392 591 dvrx,
1408 540 1575 596 generosam
1592 523 1737 597 virginem
1752 525 1817 583 eda·

142 619 209 686 bat,
233 619 303 691 quia
330 619 423 690 ipsum
453 636 504 690 pro
533 616 667 674 fidelitate
698 633 749 673 sua
774 616 957 689 pertinaciter
1006 616 1103 685 mavit,
1127 616 1274 689 sybillam,
1296 616 1430 672 Goisfredi
1457 618 1491 673 de
1518 618 1700 674 Conversana
1722 618 1817 687 filiam,

144 712 309 767 buamundo
325 711 354 767 in
369 712 518 767 Antiochia
536 711 669 766 restitisse
684 714 865 783 cognoverat.
883 712 958 766 Uxor
1006 709 1194 782 desponsavit,
1216 715 1245 765 et
1262 726 1358 766 secum
1379 710 1409 765 in
1431 710 1590 767 Neustriam
1607 711 1738 767 adduxit.
1760 713 1819 769 llaec

144 822 257 879 quoque
282 806 353 877 ejus,
380 805 438 860 filia
462 804 619 860 llildefonsi
644 804 719 876 regis
744 805 865 874 Galiciae,
889 820 956 860 cum
1005 802 1142 858 nimirum
1157 802 1238 858 bouis
1253 803 1380 859 moribus
1394 802 1502 871 floruit,
1518 807 1555 873 et,
1571 805 1819 861 multisbouesta·

142 899 192 955 illo
208 905 268 956 tam
287 899 451 954 diuturnam
470 897 734 969 peregrinationem
749 898 869 970 peregit,
885 901 913 954 et
927 898 957 952 li·
1007 896 1080 951 tibus
1106 901 1232 968 compta,
1260 896 1303 951 his
1330 896 1380 968 qui
1407 901 1545 953 noverant
1567 898 1662 968 illam,
1691 898 1820 955 amabilis

142 991 354 1060 lium‚n0mine
367 992 570 1053 hildefonsum,
582 991 823 1064 Constantinopoli
835 992 955 1063 peperit,
1005 990 1122 1045 exstitit.
1147 990 1241 1045 lertio
1264 990 1445 1060 postmodum
1471 1006 1561 1061 anuo,
1586 991 1698 1047 Rotomi
1732 991 1820 1048 lilium

144 1087 194 1158 qui
211 1090 275 1157 post
294 1087 480 1141 Bertraunum
500 1087 615 1142 fratrem
636 1102 728 1153 suum,
750 1086 884 1142 comitem
904 1086 954 1140 To·
1005 1084 1126 1155 peperit,
1153 1100 1240 1155 quem
1265 1083 1441 1152 Guillclmus,
1468 1084 1596 1156 ejusdem
1621 1085 1704 1140 urbis
1730 1086 1820 1142 archi·

141 1181 219 1249 loeas,
238 1179 326 1251 patris
337 1180 384 1250 jus
399 1180 535 1251 possedit,
553 1183 582 1234 et
597 1196 686 1251 usque
705 1178 788 1235 hodie
806 1179 911 1235 Gothos
925 1179 955 1233 in
1007 1178 1167 1249 episeopus,
1187 1177 1347 1249 baptizavit,
1365 1194 1487 1249 eumque
1508 1178 1622 1235 nomine
1642 1195 1695 1235 suo
1716 1179 1821 1235 vocita-

143 1273 289 1329 Pruvincia
306 1273 478 1344 perdomuit,
498 1275 636 1328 lanceam
649 1288 716 1328 vero
732 1273 855 1340 Domini,
869 1288 956 1345 quam
1005 1271 1053 1327 vit.
1069 1272 1227 1327 Radbertus
1243 1271 1311 1339 dur,
1329 1271 1400 1326 dum
1419 1273 1568 1339 exsularet,
1587 1288 1647 1328 nou
1667 1273 1823 1329 immemor

47 1442 50 1447 Ι
143 1370 241 1423 Petrus
270 1368 408 1424 abraham
441 1367 598 1422 Antiochia
628 1367 751 1433 invenit,
781 1366 956 1423 Raimundus
1006 1365 1284 1435 eratquodnfratre
1300 1381 1349 1420 suo
1370 1365 1470 1420 decem
1485 1365 1573 1421 millia
1586 1382 1697 1422 marcos
1711 1368 1823 1439 argenti

143 1478 240 1519 comes
257 1462 333 1533 apud
354 1463 505 1533 Byzantum
521 1460 569 1516 diu
588 1461 617 1516 in
635 1461 741 1532 capella
760 1476 810 1515 sua
826 1461 955 1516 servarit.
1006 1463 1162 1530 receperat,
1187 1458 1270 1530 eique
1295 1459 1499 1515 Normauuiam
1522 1475 1610 1532 usque
1632 1459 1671 1515 ad
1694 1460 1822 1534 quinque

143 1557 219 1612 Alios
240 1556 326 1612 etiam
349 1556 465 1626 milites,
487 1555 535 1627 qui
558 1555 632 1609 iuter
653 1556 761 1610 Graecos
785 1554 888 1627 degere
908 1571 954 1610 vo·
1005 1567 1095 1607 annos
1113 1551 1316 1608 invadiaverat.
1337 1553 1517 1624 Quapropter
1536 1570 1553 1608 a
1571 1570 1622 1609 suo
1643 1570 1753 1624 socero,
1771 1555 1819 1626 qui

142 1652 267 1718 luerunt,
283 1650 438 1721 imperator
454 1649 551 1703 multis
567 1648 716 1703 honoravit
734 1647 909 1719 muneribus,
928 1652 957 1704 et
1005 1646 1137 1701 domiuus
1160 1646 1300 1701 Brundisii
1319 1650 1391 1714 erat,
1408 1647 1486 1702 urbis
1502 1646 1532 1702 in
1548 1664 1606 1719 qua
1624 1648 1709 1704 Caius
1728 1648 1821 1705 Caesar

141 1744 253 1816 magnis
266 1742 365 1798 ditavit
378 1743 534 1814 stipendiis.
965 1725 1143 1812 Bmaguum
1161 1739 1326 1811 Pompeium
1346 1740 1469 1810 inclusit,
1484 1746 1515 1797 ut
1528 1741 1657 1798 lucanus
1669 1747 1778 1812 narrat,
1794 1749 1821 1799 et

177 1838 321 1895 ltodberto
333 1840 428 1893 autem
439 1838 601 1892 Normenno
614 1839 643 1892 et
653 1836 794 1891 liudberto
805 1833 954 1892 flandritae
1003 1833 1038 1888 ab
1058 1834 1118 1888 aliis
1140 1833 1237 1889 amicis
1256 1834 1369 1906 copiam
1388 1836 1451 1891 auri
1471 1840 1499 1891 et
1516 1837 1639 1908 argenti,
1661 1852 1820 1909 rerumque

142 1937 170 1988 et
182 1930 419 1986 commilitonibus
432 1946 541 1998 eorum,
556 1930 606 2001 qui
618 1930 754 2001 repedare
768 1929 952 1997 festinabant,
1003 1927 1193 1999 pretiosarum
1211 1928 1346 1993 obtinuit,
1364 1945 1400 1984 ex
1422 1945 1543 2001 quorum
1564 1928 1649 1985 donis
1668 1930 1820 2003 ingentem

142 2025 265 2098 plurima
285 2025 360 2079 dona
380 2024 507 2091 contrrlit,
528 2026 557 2079 et
576 2023 696 2079 liberum
717 2023 757 2078 eis
776 2039 828 2095 por
846 2027 954 2078 terram
1002 2021 1154 2092 pecuniam
1179 2022 1379 2090 accumulavit,
1405 2039 1491 2095 quam
1519 2023 1640 2079 reddere
1667 2024 1819 2093 creditori,

142 2136 223 2173 suam
235 2117 387 2173 transitum
400 2119 429 2172 et
441 2120 596 2172 mercatum
611 2116 715 2172 habere
727 2116 804 2172 fecit.
816 2117 878 2171 lllos
892 2132 954 2188 pro·
1003 2120 1036 2169 ut
1054 2131 1136 2169 suum
1158 2116 1292 2171 ducatum
1312 2116 1406 2188 quiete
1425 2116 1573 2189 reciperet,
1592 2117 1713 2189 provide
1733 2117 1820 2175 desti·

139 2212 213 2268 fecto
238 2211 286 2284 qui
306 2212 440 2282 regiones
464 2212 534 2265 ans
555 2210 765 2281 relinquebant,
786 2213 835 2264 aut
856 2225 952 2265 seeum
1004 2209 1090 2264 navit.

141 2304 293 2372 retinebat,
308 2307 358 2358 aut
374 2304 549 2360 inhusonias
562 2306 656 2375 partes
669 2318 850 2373 summopere
865 2308 953 2357 trans
1037 2303 1223 2358 llemorandae
1251 2320 1305 2372 res,
1332 2320 1396 2375 qua
1421 2304 1586 2361 solemniter
1614 2305 1650 2360 ad
1676 2305 1820 2361 honorem

140 2399 280 2466 mittebat,
294 2398 361 2470 quia
376 2398 442 2452 totis
456 2398 563 2453 nisibus
577 2397 611 2452 ad
629 2397 683 2452 hoc
702 2396 865 2452 claborabat
879 2400 910 2451 ut
923 2396 953 2451 in
1002 2396 1105 2453 Christi
1122 2414 1139 2451 a
1157 2397 1345 2469 principibus,
1362 2398 1482 2470 aliisque
1498 2397 1630 2454 fidelibus
1649 2399 1680 2454 in
1701 2399 1820 2456 Oriente

140 2492 219 2564 Syria
234 2491 388 2547 contrarias
408 2491 460 2546 sibi
475 2491 547 2545 vires
562 2490 732 2559 debilitaret,
747 2496 776 2545 et
790 2489 952 2563 omnesqui
1002 2489 1169 2560 agebantur,
1184 2490 1261 2545 fama
1272 2491 1384 2545 volante
1396 2491 1531 2547 velociter
1550 2492 1580 2547 in
1596 2491 1752 2549 Occidente
1770 2492 1818 2548 de·

140 2586 177 2640 ad
190 2585 326 2641 auxilium
342 2585 393 2639 sibi
411 2584 601 2640 resistentium
616 2588 813 2656 properarent,
829 2583 951 2655 impedi·
1002 2583 1218 2654 nuntiabantur,
1238 2590 1266 2639 et
1286 2584 1468 2640 occidentalis
1490 2585 1622 2641 Ecclesiae
1641 2584 1694 2641 tilii
1718 2586 1754 2643 de
1775 2586 1819 2642 in·

140 2684 193 2735 ret,
1002 2677 1077 2749 signi
1096 2678 1242 2750 ereptione
1261 2678 1418 2734 ierusalem
1437 2684 1466 2735 et
1485 2679 1648 2736 confusione
1667 2680 1820 2752 Babylonis

140 2796 182 2851 xp·
202 2795 378 2851 gamunda,
399 2794 556 2849 Laodiciam
577 2798 726 2865 recuperat·
746 2794 874 2851 Rogemus
896 2794 954 2849 dm
1001 2770 1178 2827 latabantur.
1200 2771 1363 2827 duillelmus
1384 2774 1440 2828 dux
1462 2772 1689 2837 pictaviensium,
1712 2774 1820 2857 auditis

174 2892 223 2945 per
238 2875 345 2931 ltaliam
361 2877 412 2930 iter
427 2875 540 2944 sucepit
553 2876 582 2928 in
593 2876 788 2931 Nouamuiam
802 2874 951 2929 rediturus.
1003 2864 1147 2919 nobilibus
1165 2864 1330 2938 triumphis,
1347 2866 1384 2921 ad
1401 2882 1528 2922 amorem
1546 2867 1753 2940 peregrinandi
1771 2885 1819 2925 ac-

176 2958 245 3012 ltloui
265 2956 363 3011 milites
386 2956 423 3009 ad
446 2955 545 3009 bellum
565 2968 674 3009 aunum
693 2969 720 3009 se
740 2955 893 3024 naengum.
916 2957 953 3009 lla
1002 2974 1104 3013 census
1127 2962 1179 3014 est,
1201 2959 1287 3030 Cujus
1308 2959 1442 3015 vexillum
1462 2961 1600 3016 exercitus
1620 2965 1819 3018 trecentorum

176 3037 286 3104 luftlbff'
297 3039 393 3090 eventu
408 3037 457 3104 ‘lui
469 3036 499 3088 ²⁸²²
510 3036 650 3091 N⁰⁰124²⁰²¹
651 3038 708 3088 ⁶3²⁰
722 3034 831 3089 mida·
1002 3051 1123 3107 millium
1143 3052 1178 3107 de
1192 3052 1342 3124 Aquitania
1360 3057 1388 3108 et
1405 3053 1571 3123 Guasconia,
1587 3054 1707 3127 aliisque
1722 3054 1818 3128 regio.-

175 3147 300 3219 lmpiger
320 3146 512 3214 buamundus,
529 3150 560 3200 ut
576 3161 609 3200 oa
624 3161 689 3217 quae
708 3147 788 3216 gesta
806 3093 990 3199 retulimusC
1003 3144 1085 3200 nibus
1104 3145 1245 3218 llesperiae
1267 3150 1379 3202 secutus
1401 3152 1452 3203 est.
1476 3148 1500 3202 ls
1522 3146 1659 3203 nimirum
1681 3148 1818 3222 decrevit,

140 3241 257 3308 audivit,
272 3241 406 3294 stratores
419 3238 526 3294 scilicet
537 3238 668 3309 Augusti,
682 3242 710 3293 et
722 3252 821 3292 omnes
835 3238 953 3293 Francos
1001 3238 1150 3294 Guillelmo
1172 3240 1255 3307 Rufo,
1277 3241 1337 3311 regi
1358 3242 1529 3312 Auglorum,
1551 3241 1711 3314 Aquitaniae
1732 3243 1819 3299 duea-

139 3353 203 3390 curu
224 3333 280 3388 suis
300 3332 388 3404 copiis
407 3337 528 3404 pontum
548 3331 648 3386 carinis
668 3331 789 3385 sulcasse
803 3332 951 3402 comperit,
1002 3336 1074 3398 tum,
1088 3335 1237 3404 totamque
1250 3338 1357 3389 terram
1371 3350 1452 3390 suam
1466 3335 1622 3402 invadiare,
1637 3351 1819 3409 censumque

139 3430 319 3485 Nornrannos
337 3429 365 3481 et
378 3426 538 3492 Armenios,
552 3424 775 3496 allobrogesque
795 3430 824 3480 et
838 3426 872 3480 de
890 3425 953 3480 aliis
1002 3426 1150 3498 copiosum
1164 3426 1343 3483 abundanter
1354 3427 1390 3482 ab
1403 3428 1478 3483 illius
1491 3429 1589 3483 oerario
1602 3428 1731 3499 haumre,
1742 3429 1819 3486 uude

141 3523 271 3595 gentibus
286 3520 429 3593 copiosum
448 3535 552 3591 agmen
567 3519 697 3574 celeriter
712 3519 864 3590 congessit,
879 3520 951 3574 Lao·
1001 3518 1134 3575 nobiliter
1159 3521 1285 3592 expleret
1307 3521 1361 3576 iter
1387 3521 1466 3594 quod
1490 3522 1620 3594 cupiebat
1641 3523 1728 3578 inire.
1753 3524 1818 3579 lilo-

141 3617 245 3672 diciarn
274 3615 399 3684 obsedit,
424 3613 544 3668 viriliter
567 3613 752 3686 expugnavit,
778 3618 890 3686 captam
916 3630 953 3669 an
1003 3616 1121 3686 quantes
1134 3615 1228 3686 itaque
1241 3615 1349 3686 legatos
1362 3616 1397 3671 ad
1409 3632 1509 3688 regem
1520 3616 1635 3685 direxit,
1647 3617 1819 3690 eiquequod

141 3713 222 3767 antris
251 3710 353 3777 tenuit,
383 3714 411 3764 et
437 3707 646 3763 successoribus
673 3707 731 3762 suis
760 3724 849 3779 usquo
877 3724 953 3763 nuuc
1002 3711 1099 3763 mente
1118 3707 1257 3776 volvebat,
1275 3725 1328 3780 per
1346 3709 1461 3766 cosdem
1480 3710 1644 3767 insinuavit.
1662 3712 1819 3784 Pomposus

141 3805 256 3862 dimisit.
279 3805 397 3859 Tarsum
420 3817 533 3873 quoque
560 3806 589 3855 et
609 3801 795 3869 mamistram,
818 3801 952 3857 Albaram
1002 3805 1098 3856 autem
1112 3802 1277 3874 sceptriger,
1295 3803 1342 3875 qui
1356 3804 1536 3876 quantoplus
1549 3803 1684 3873 habebat,
1697 3805 1820 3862 sitientis

141 3906 169 3957 et
183 3901 313 3965 ldarram,
327 3896 455 3968 aliasque
471 3894 657 3963 munitiones,
673 3896 703 3950 in
721 3912 843 3967 quarum
857 3896 952 3951 medio
1002 3896 1150 3969 hydropiei
1164 3913 1254 3961 more,
1272 3901 1350 3953 tauto
1364 3898 1429 3969 plus
1446 3898 1587 3970 cupiebat,
1602 3898 1819 3956 veredariorum

142 3993 259 4049 lleblata
273 3990 406 4056 consistit,
419 3988 454 4043 ad
469 3987 580 4043 laudem
593 3988 640 4044 bei
654 3993 682 4043 et
695 3988 850 4044 subsidium
862 3989 954 4045 Chris·
1003 3990 1185 4061 allegationes
1199 3991 1278 4046 avide
1291 3991 1428 4063 percepit,
1441 3998 1469 4047 et
1484 3993 1592 4064 amplas
1608 3992 1722 4063 praefati
1738 3992 1819 4049 ducis

142 4089 301 4152 hunorum,
326 4082 478 4155 insigniter
503 4080 555 4136 sibi
586 4081 754 4153 subjugavit.
782 4084 894 4139 Grecos
925 4088 954 4139 et
1002 4084 1192 4155 possessiones
1212 4085 1338 4156 pristinis
1360 4086 1544 4157 potestatibus
1564 4086 1677 4157 paterni
1700 4087 1820 4143 ducatus

142 4180 292 4238 Armenius
305 4182 390 4249 atque
405 4176 498 4248 Syros,
514 4176 542 4230 in
560 4175 736 4230 monasteriis
754 4178 953 4234 monachatum
1003 4182 1032 4232 et
1051 4178 1133 4248 regni
1156 4178 1261 4234 addere
1282 4179 1436 4235 anhelavit.
1455 4179 1604 4236 llaximam
1626 4179 1716 4254 igitur
1734 4182 1821 4253 jussit

143 4294 194 4351 pro
215 4276 271 4330 ritu
291 4288 340 4328 saro
363 4272 517 4336 servantes,
538 4269 696 4335 honoravit,
717 4272 746 4324 et
766 4271 954 4343 possessiones
1004 4271 1122 4326 classem
1141 4272 1307 4343 praeparari,
1322 4278 1351 4328 et
1367 4273 1515 4346 ingentem
1533 4274 1693 4346 equitatum
1708 4275 1744 4331 de
1758 4278 1819 4331 An·

144 4372 213 4429 olim
237 4367 347 4424 habitas
370 4364 492 4420 fideliter
512 4363 567 4417 illis
591 4364 738 4419 concessit.
759 4366 853 4433 Porro,
874 4382 953 4437 quae·
1004 4365 1062 4436 glia
1087 4382 1184 4420 secum
1208 4366 1349 4436 comitari,
1374 4370 1415 4435 ut,
1441 4368 1543 4439 pelago
1568 4368 1761 4440 transfretato,
1789 4372 1819 4426 iu

143 4469 210 4523 dam
225 4459 409 4527 monasteria,
425 4475 489 4530 quae
506 4456 636 4513 crudeles
652 4457 734 4512 Turci
754 4459 1101 4538 spoliaveraut‚1)armis,
1121 4476 1173 4515 ceu
1192 4460 1246 4527 leo,
1265 4478 1350 4534 supra
1369 4462 1495 4533 praedam
1515 4469 1618 4534 presto
1639 4464 1819 4533 consisteret,

144 4565 172 4619 et
189 4559 255 4615 iude
273 4555 419 4627 religiosos
438 4552 613 4609 habitatores
629 4551 807 4624 fugaverant,
823 4556 955 4608 strenuus
1004 4553 1122 4608 fratrem
1136 4555 1172 4609 ab
1192 4554 1311 4610 introitu
1330 4556 1465 4611 Neuslriae
1485 4556 1558 4612 bello
1576 4557 1718 4629 abigeret,
1732 4561 1819 4633 Aqui-

144 4657 228 4711 horos
248 4650 355 4706 Latinis
375 4646 522 4703 monachis
545 4662 595 4701 seu
616 4645 724 4701 clericis
745 4646 906 4718 assignavit,
927 4652 955 4704 et
1004 4647 1089 4703 faniae
1106 4648 1239 4704 durantum
1257 4649 1384 4721 pluribus
1399 4650 1509 4722 argenti
1527 4650 1624 4706 massis
1641 4658 1763 4726 emerat,
1779 4659 1819 4723 et,

145 4749 253 4821 amplas
266 4742 460 4817 possessiones
474 4740 629 4795 liberaliter
645 4740 794 4812 delegavit,
811 4746 843 4796 ut
859 4743 953 4797 omni·
1004 4742 1180 4798 obstantibus
1193 4742 1245 4798 sibi
1258 4743 1331 4799 bello
1350 4745 1485 4813 subactis,
1501 4761 1591 4817 usque
1607 4744 1644 4800 ad
1656 4747 1820 4805 Garunnam

142 4845 197 4902 bus
217 4840 301 4897 bouis
318 4838 347 4893 iu
370 4835 420 4891 Dei
442 4835 518 4890 cultu
539 4833 728 4904 abundarent,
749 4840 777 4889 et
798 4836 955 4892 seeundum
1004 4836 1123 4891 fluvium
1145 4837 1258 4909 imperii
1280 4837 1323 4892 sui
1344 4837 1415 4894 flues
1437 4838 1580 4896 dilataret.
1605 4841 1669 4896 llaec
1691 4841 1821 4899 tumidus

143 4935 302 4995 Latinitatis
323 4947 407 4987 usum
428 4929 531 4984 divinae
555 4928 696 5000 majestati
717 4927 865 4985 servitium
888 4948 953 5002 per·
1001 4929 1115 5003 juvenis
1135 4930 1289 5002 cogitabat,
1308 4936 1337 4986 et
1355 4936 1523 5005 arroganter
1541 4934 1576 4989 ad
1595 4934 1658 4990 haec
1678 4935 1818 4993 inhiabat.

144 5034 297 5089 solverent.
1005 5025 1059 5082 Sed
1084 5024 1263 5097 omnipotens
1289 5026 1432 5093 Conditor,
1458 5027 1507 5100 qui
1534 5034 1637 5085 cuncta
1662 5030 1819 5102 gubernat,

180 5132 259 5184 huno
272 5122 307 5177 ab
324 5118 519 5178 lucarnatione
536 5115 646 5173 Domini
664 5120 741 5187 lieo,
756 5119 866 5189 praefati
885 5135 954 5176 con·
1004 5118 1087 5174 aliter
1099 5118 1280 5191 disponebat.

146 5222 230 5285 sales,
246 5217 282 5272 ab
301 5216 486 5286 augustant
505 5211 613 5268 dictum
632 5216 685 5279 est,
701 5212 830 5282 pluribus
848 5214 956 5270 exeniis
1040 5214 1116 5268 Tune
1131 5212 1205 5268 eirca
1224 5212 1394 5286 Rogatioues
1408 5215 1500 5286 [lieo]
1512 5215 1642 5287 lugubris
1655 5223 1774 5274 eventus
1791 5219 1821 5275 iu

144 5311 284 5378 honorati,
299 5324 364 5365 cum
384 5306 441 5362 suis
460 5309 646 5373 recesserunt,
662 5310 691 5360 et
706 5322 722 5361 a
736 5306 907 5363 Narmaunis
925 5309 955 5364 in
1005 5307 1211 5362 Nova-Forosta
1238 5308 1367 5380 contigit.
1389 5309 1462 5364 llum
1486 5310 1558 5382 regii
1582 5310 1688 5367 milites
1713 5315 1821 5369 renata

145 5407 232 5471 ltalia,
247 5404 296 5478 qui
313 5400 425 5474 maguis
443 5399 551 5455 ibidem
566 5398 668 5469 opibus
683 5399 835 5470 pollebant,
850 5400 954 5458 amica·
1005 5406 1216 5470 exercerentur,
1230 5405 1259 5456 et
1277 5403 1406 5458 damulas
1417 5402 1462 5458 vel
1476 5419 1573 5460 cervos
1587 5406 1740 5478 catapultis
1753 5423 1821 5463 sau·

144 5502 242 5560 biliter
256 5496 379 5569 suscepti
396 5496 472 5550 sunt.
490 5494 630 5566 hogerius
645 5492 723 5549 euim
741 5494 842 5562 Senex,
855 5493 956 5551 Sicilire
1006 5494 1081 5551 ciare
1095 5494 1274 5566 molirentur,
1288 5495 1404 5569 quidam
1420 5498 1501 5554 miles
1518 5499 1661 5571 sagittam,
1677 5502 1710 5555 ut
1722 5518 1820 5575 agres-

144 5610 251 5663 comes,
266 5591 385 5664 ajarsque
397 5604 485 5660 nepos
503 5588 651 5659 llogerius,
664 5586 773 5660 Apuliae
787 5588 855 5655 dux,
871 5593 956 5662 atqua
1005 5592 1064 5645 tem
1086 5590 1177 5646 feram
1192 5591 1364 5659 vulneraret,
1385 5592 1490 5663 emisit,
1511 5578 1720 5667 egregiumque
1735 5595 1821 5668 jure·

144 5686 308 5748 Goisfradus
332 5685 368 5740 de
388 5685 574 5749 conversana,
596 5696 686 5754 nepos
707 5682 854 5739 Guiscardi
878 5681 957 5739 ducis
1007 5698 1074 5740 nem
1095 5684 1278 5756 Richardum,
1293 5684 1430 5742 liodberti
1450 5685 1529 5743 duda
1547 5685 1651 5757 lilium,
1667 5704 1735 5745 casu
1752 5704 1821 5763 per·

132 5777 459 5855 alviqaecompatriotae
472 5792 524 5833 seu
537 5775 650 5850 cognati
662 5790 762 5833 eorum
776 5776 957 5833 salvor-editu
1006 5777 1101 5835 cussit.
1128 5777 1183 5845 Qui
1207 5783 1327 5853 repente
1354 5783 1484 5838 mortuus
1509 5781 1635 5856 corruit,
1661 5782 1822 5859 elingens
