3750 6046
62 203 118 259 tte
540 199 695 257 lilSTOlild
714 199 1025 258 enthusiasmos.-
1039 200 1125 259 PARS
1134 203 1168 259 ll.
1183 232 1218 245 -
1230 204 1294 262 ΗΒ.
1315 206 1345 261 ll.
1615 150 1618 155 Ι
1695 206 1749 264 ili
1801 152 1807 161 Ι

63 326 252 400 cognatisque
278 326 347 396 suis,
370 325 420 401 qui
443 340 509 384 cam
535 323 679 383 liudberto
704 325 881 394 exsulabant,
893 327 991 414 Alam
1010 327 1102 384 valido
1122 329 1210 401 coryli
1230 345 1310 385 ramo
1329 331 1484 388 admodum
1506 335 1672 391 constrictus
1693 340 1746 404 est,

63 421 175 478 turbati
199 421 356 495 optimates
382 419 501 477 sollicite
525 435 625 492 ragam
649 419 880 491 interpellabant.
933 424 961 476 et
972 421 1117 478 lethaliter
1129 421 1212 478 laesus
1225 428 1276 478 est.
1291 424 1399 480 Dehinc
1414 425 1443 481 in
1457 426 1556 483 eadem
1570 427 1749 486 hebdomada
1830 494 1832 499 ,

61 514 173 580 Qubus
194 514 243 571 ille
267 514 415 587 rospondit
436 530 443 568 :
467 516 552 570 Miror
575 514 648 585 qnod
671 517 809 584 tantopere
829 529 881 584 pra
932 514 1075 586 poenitens
1093 520 1121 572 et
1134 516 1277 573 absolutus
1292 523 1377 590 atqua
1395 535 1476 576 sacro
1495 520 1595 577 viatica
1615 538 1746 580 cammu-

58 609 168 683 partda
186 608 348 682 applicatis
370 609 484 673 homins,
504 609 553 680 pai
575 609 653 677 natas
673 607 831 663 inauditam
850 609 882 663 in
931 607 1009 664 nitus
1031 613 1082 677 est,
1102 624 1155 664 nec
1176 610 1268 666 multo
1291 615 1354 683 post
1377 629 1444 668 cum
1466 629 1571 686 magna
1588 614 1746 672 multarum

61 719 147 774 mana
173 718 232 760 assa
256 717 341 760 ausas
363 707 404 759 est
424 705 551 774 accipere.
578 704 724 758 intestinas
750 702 882 757 tanaitas
932 702 1009 758 luctu
1033 702 1063 757 iu
1088 703 1189 776 anglia
1216 703 1366 761 defunctus
1390 712 1443 762 est.
1467 708 1623 763 Willelmns
1649 713 1746 766 autam

60 802 162 853 mana
179 812 222 854 aas
238 798 393 865 commouit:
412 799 512 853 tirones
530 810 611 861 meas,
629 811 696 868 qaas
711 795 772 851 alui
790 799 816 850 et
833 797 882 850 mi·
932 795 1021 852 Rulus
1037 802 1065 852 et
1079 797 1227 865 henricus,
1245 798 1316 869 patri
1331 798 1468 871 faventes,
1481 804 1602 873 paterna
1616 802 1748 858 benedic·

61 892 194 948 iitarihas
229 893 313 947 amris
344 892 485 956 damasi,
517 890 644 946 abdet-ait
678 891 817 960 dagonem
849 889 883 944 ds
932 889 1011 945 tione
1032 889 1117 960 potiti
1136 896 1215 960 sunt;
1234 890 1382 963 fastigium
1404 894 1486 966 regui
1506 897 1536 950 et
1556 894 1677 952 ducatus
1695 911 1748 968 per

62 986 290 1049 mitaneas,
315 986 437 1057 aliasque
467 985 613 1052 forinsecos
643 983 731 1039 hostes
762 983 883 1054 undique
932 982 1026 1053 plures
1041 998 1132 1039 annos
1146 983 1340 1041 obtinuerunt.
1356 985 1444 1042 Porro
1461 987 1573 1059 Agatha
1589 989 1665 1059 regis
1677 988 1746 1058 filia,

60 1081 133 1137 mita·
149 1081 321 1153 procnraait
339 1079 404 1147 (iuis
424 1094 458 1135 su
477 1077 688 1134 antecessoribus
704 1079 769 1133 meis
786 1093 804 1132 a
820 1081 883 1132 tarn·
932 1090 997 1148 qua
1015 1076 1092 1148 prius
1111 1076 1204 1132 luerat
1223 1078 1346 1135 lleralda
1364 1080 1546 1152 desponsata,
1562 1080 1746 1153 postmodnm

59 1190 128 1246 pars
148 1174 273 1232 Muris
291 1174 375 1230 teiam
391 1188 516 1244 pugnam
532 1189 550 1228 a
565 1172 653 1228 sabate
672 1186 725 1226 saa
741 1184 883 1243 perpessus
930 1168 1076 1225 hmturcia
1100 1170 1162 1242 regi
1183 1169 1306 1227 Gallicia
1327 1188 1379 1243 per
1396 1188 1497 1245 procos
1519 1175 1637 1247 petenti,
1658 1175 1746 1230 missa

60 1273 110 1332 est,
134 1272 170 1324 at
191 1269 262 1338 aaa?
283 1267 458 1324 datthimam
480 1269 577 1337 mapm'
596 1265 716 1323 Rationis
736 1266 832 1336 fllium,
855 1269 883 1320 et
932 1266 974 1318 est
988 1262 1194 1335 desponsanda.
1214 1264 1269 1321 Sed
1288 1281 1352 1339 quae
1368 1267 1457 1338 priori
1475 1283 1577 1340 sponso
1596 1268 1633 1324 ad
1648 1271 1747 1324 votum

62 1369 116 1420 tres
129 1362 284 1422 Richardas
300 1361 380 1417 ducas
395 1362 580 1424 Nannannia,
593 1360 783 1430 dominamque
795 1373 883 1414 msam
933 1357 1029 1428 gavise
1049 1373 1108 1413 uon
1129 1361 1182 1426 ast,
1204 1359 1330 1414 secundo
1352 1360 1453 1416 sociari
1473 1361 1556 1417 valde
1580 1361 1746 1418 abominata

61 1464 88 1512 st
114 1463 226 1528 petrem
248 1455 412 1513 neccaram
437 1455 613 1519 sanndmata,
635 1458 662 1509 at
685 1454 775 1509 uidete
799 1467 882 1523 qaam
932 1454 984 1507 est.
1002 1450 1128 1523 anglum
1150 1451 1262 1508 viderat
1282 1457 1312 1508 et
1331 1453 1481 1523 dilexerat;
1502 1455 1550 1511 sed
1574 1455 1654 1510 thero
1674 1471 1747 1511 cou-

60 1551 181 1622 pldsts'ter
192 1550 247 1620 plis·
260 1549 389 1623 patritus
402 1551 457 1606 sais
470 1564 556 1620 rupae
573 1548 611 1604 ad
630 1552 742 1604 mmtem
758 1548 880 1603 secure.
928 1544 1014 1617 jungi
1036 1543 1122 1601 nimis
1141 1543 1254 1615 metuit,
1275 1563 1361 1618 quem
1382 1564 1530 1619 uunquam
1549 1551 1745 1621 perspexerat.

60 1648 114 1700 lsta
128 1644 261 1700 decatum
274 1645 409 1702 namma
425 1648 451 1699 at
467 1643 625 1698 cantatam
639 1641 882 1698 cenomannenses
931 1637 1128 1712 Omnipotenti
1148 1654 1218 1712 ergo
1239 1638 1337 1696 effudit
1357 1656 1473 1713 precam
1491 1642 1689 1714 lacrymosam,
1708 1658 1747 1701 ua

60 1740 131 1794 miti
153 1739 265 1806 aeterra
288 1738 396 1806 satagit.
422 1737 514 1795 deltos
535 1740 561 1792 et
582 1735 799 1806 andegavenses,
821 1708 1082 1790 cadenceratur
1094 1732 1153 1805 ipsa
1166 1732 1196 1788 in
1211 1733 1387 1805 hispaniam,
1403 1734 1452 1790 sed
1465 1734 1526 1808 ipse
1542 1735 1637 1807 potins
1656 1735 1746 1791 susci·

61 1834 215 1904 Aquitanis
226 1837 253 1888 st
266 1832 419 1888 innwnmis
432 1830 506 1895 aliis,
517 1832 547 1886 in
559 1844 601 1886 me
613 1828 770 1885 tenibildm
782 1830 882 1884 accde·
930 1829 1010 1898 peret
1030 1841 1104 1881 eam.
1119 1825 1217 1882 Orarit
1235 1830 1264 1883 at
1284 1827 1415 1884 exaudita
1434 1831 1486 1896 est,
1501 1827 1648 1901 obiterque
1665 1828 1748 1901 virga

60 1929 111 1983 ait.
132 1927 218 1985 Omns
236 1940 321 1995 panus
341 1924 499 1988 humanam
523 1923 707 1995 sipataisset,
727 1925 882 1979 contrane
931 1919 1065 1975 defuncta
1083 1923 1136 1975 cst.
1152 1919 1259 1977 Deinde
1280 1936 1384 1993 corpus
1402 1922 1465 1993 ejus
1482 1921 1520 1977 ad
1541 1922 1636 1978 naula
1655 1922 1747 1978 salam

60 2021 260 2084 commentust,
279 2024 306 2076 et
324 2034 367 2075 me
384 2017 521 2075 aohtmm
539 2016 707 2073 trundasmt.
727 2015 881 2072 mam
931 2012 1126 2070 adnataribus
1139 2015 1259 2071 rentum
1276 2019 1328 2085 est,
1344 2018 1373 2071 at
1390 2016 1420 2072 iu
1437 2015 1554 2074 ecclesia
1570 2020 1677 2074 sauata
1689 2017 1746 2073 lia-

61 2114 189 2170 diainam
203 2115 287 2185 tapam
302 2127 355 2184 par
372 2112 481 2182 nepam
498 2111 593 2167 datam
604 2111 700 2166 martis
717 2124 779 2166 raas
792 2114 841 2172 est,
856 2112 882 2164 et
931 2106 981 2162 rie
992 2111 1140 2179 perpetuae
1153 2108 1288 2181 Virginis,
1303 2109 1333 2165 iu
1347 2110 1417 2166 urbe
1432 2111 1589 2183 bajocensi,
1603 2110 1747 2183 sepultum

59 2214 142 2265 matu
154 2208 254 2265 simiis
265 2206 398 2269 absalon,
411 2209 477 2277 pari
493 2220 556 2261 nece
569 2204 729 2261 multandus
741 2208 790 2260 est.
931 2204 982 2257 est.
998 2200 1124 2258 Adalidis
1142 2201 1336 2274 pulcherrime
1351 2204 1432 2276 virga
1446 2205 1508 2276 jam
1523 2204 1629 2261 nubilis
1645 2204 1747 2262 devota

96 2299 255 2374 Frequenti
273 2299 413 2372 colloquia
428 2297 613 2354 Narmaauiai
633 2313 766 2369 proceras
781 2311 881 2367 ragom
931 2296 987 2350 cao
1001 2309 1030 2350 se
1042 2295 1265 2364 commendavit,
1277 2299 1307 2351 et
1318 2297 1370 2352 sub
1383 2298 1471 2353 tutele
1484 2297 1599 2370 Rogarii
1610 2298 1645 2354 de
1659 2297 1747 2355 Bella·

61 2395 177 2452 anocuti
199 2396 281 2461 suut;
302 2398 332 2449 et
352 2392 426 2449 dulci
449 2392 549 2460 allatu,
568 2390 757 2463 precibusque
779 2405 879 2445 ranco-
933 2392 1031 2444 monta
1058 2394 1156 2444 sancto
1182 2389 1239 2445 linc
1266 2389 1383 2462 quievit.
1408 2391 1571 2448 Constantia
1598 2392 1747 2464 lierganua

62 2505 126 2545 rem
153 2488 219 2560 ejus
243 2485 373 2542 emollire
398 2484 490 2542 conati
513 2487 589 2540 sunt.
612 2483 749 2556 Episcopi,
775 2481 881 2554 aliique
931 2481 1027 2538 comiti
1043 2481 1199 2552 Britauum‚
1214 2483 1393 2539 Nauticeusis
1411 2484 1479 2552 illia,
1500 2485 1608 2557 llajocis
1623 2484 1690 2541 data
1704 2489 1748 2541 est

62 2581 190 2655 religiosi
214 2581 266 2637 viri
292 2580 393 2635 divinis
415 2578 594 2635 sermonibus
620 2576 755 2633 duritiam
777 2575 882 2631 tumidi
932 2592 949 2632 a
972 2579 1054 2647 patre
1078 2592 1144 2632 curn
1166 2577 1276 2649 ingenti
1301 2578 1435 2650 tripudio,
1457 2594 1522 2651 quae
1547 2579 1577 2635 iu
1602 2577 1748 2635 Britannia

62 2676 157 2734 cordis
172 2673 382 2732 contriverunt.
399 2673 507 2744 Regina
524 2674 554 2727 et
566 2671 653 2744 legati
667 2670 743 2743 ragis
758 2671 880 2725 Franco·
933 2671 1101 2726 mortuaest
1115 2669 1175 2727 sine
1190 2670 1258 2727 lllio.

63 2787 139 2840 rum,
150 2767 321 2841 nobilesque
335 2765 421 2823 narni
433 2771 461 2822 el
474 2764 559 2821 amici
574 2764 609 2820 td
623 2763 882 2837 compaginandam
967 2772 1127 2846 Stephanus
1143 2775 1293 2845 blesensis,
1308 2776 1449 2846 palatinus
1465 2793 1571 2847 comes,
1586 2792 1651 2832 cum
1669 2776 1746 2833 Guil-

63 2880 165 2938 paeem
185 2863 377 2919 arcuerunt.
394 2859 520 2916 'landem
539 2858 621 2914 fortis
639 2857 771 2930 princeps
791 2861 882 2912 tautu-
931 2863 1018 2920 laima
1032 2882 1102 2938 rega
1120 2867 1236 2924 firmare
1256 2869 1355 2925 voleus
1372 2870 1536 2939 amicitiam,
1552 2869 1699 2942 requisivit
1711 2871 1747 2926 ab

63 2974 128 3014 mm
142 2954 297 3013 ⁸⁵³¹¹lllb¹¹⁸
306 2957 471 3026 mimium
485 2951 577 3020 ⁰0³⁸lis
588 2953 617 3007 el
629 2967 663 3006 0¹
676 2951 781 3022 pietate
792 2951 883 3005 Victus
933 2975 966 3013 eo
981 2959 1011 3014 iu
1024 2959 1191 3033 conjugium
1208 2961 1327 3017 adalam
1347 2962 1409 3034 ejus
1423 2962 1520 3018 liliam.
1535 2965 1603 3028 011ae
1618 2964 1748 3019 consultu

61 3051 192 3107 sobolem
208 3064 290 3105 auam
309 3063 374 3103 cum
394 3044 514 3119 collegis
532 3044 590 3100 suit
608 3043 725 3115 recepit.
742 3044 880 3099 NOlmass·
933 3051 1108 3123 prudentum
1119 3071 1136 3109 a
1147 3057 1228 3127 patre
1242 3055 1282 3111 illi
1297 3072 1431 3111 concessa
1445 3062 1498 3126 ast,
1516 3059 1545 3113 et
1560 3073 1626 3112 cum
1639 3072 1746 3130 magua

62 3146 119 3201 nire
146 3158 264 3217 quaque
289 3142 435 3209 ducatum,
461 3138 533 3195 sicut
560 3137 628 3194 olim
655 3137 729 3209 apud
758 3136 880 3191 Bonam·
932 3147 1000 3201 satis
1021 3146 1148 3219 tripudia
1167 3147 1206 3203 illi
1228 3149 1332 3205 sociata
1353 3152 1406 3205 cst.
1427 3151 1475 3205 llle
1495 3150 1572 3222 apud
1592 3150 1748 3206 Bretolium

62 3239 167 3296 Villam
183 3237 239 3311 (⁸8l
254 3251 331 3309 ⁸³80?
347 3236 526 3291 0⁰⁰⁰⁶⁸³⁸f⁸l
539 3232 564 3288 ⁰5
582 3235 648 3304 P⁰Sl
662 3231 771 3287 ⁰bii¹¹¹¹¹
786 3246 881 3298 wilm,
932 3255 996 3296 eam
1020 3239 1212 3312 desponsavit,
1236 3247 1265 3298 at
1287 3243 1363 3314 apud
1388 3243 1544 3300 Camotum
1568 3243 1748 3300 bonombiles

62 3348 142 3388 naua
163 3331 272 3386 iterum
290 3328 367 3384 itala
386 3325 621 3399 recapitulatione
643 3324 791 3394 concessit,
808 3323 881 3394 oilli·
933 3333 1046 3405 nuptias
1057 3333 1133 3390 lecit.
1149 3334 1196 3390 llic
1208 3333 1346 3391 'l'edbaldi
1360 3335 1436 3392 lilius
1449 3336 1504 3392 luit
1518 3337 1637 3409 palatini
1650 3352 1750 3394 consu·

63 3429 179 3482 matum
202 3421 333 3480 consultu
355 3436 483 3477 suorum·
509 3421 581 3475 Pace
598 3418 735 3474 nimirum
758 3421 882 3490 peracit,
932 3426 976 3494 lis,
996 3431 1025 3481 et
1045 3443 1136 3498 napos
1153 3430 1242 3484 Bertae
1262 3429 1412 3485 Britanum
1431 3429 1584 3486 comitissae
1605 3434 1635 3486 et
1653 3431 1746 3487 Ceno·

61 3518 224 3577 ⁴tormnnni
247 3520 276 3573 et
297 3516 544 3571 Cenomanuenses
567 3512 672 3586 oppido
695 3510 784 3584 gavisi
805 3515 881 3579 sunt,
933 3520 1143 3576 maanensium.
1154 3521 1315 3594 Praecipuus
1325 3523 1455 3578 consules
1468 3522 1594 3579 Odouem
1610 3529 1639 3580 et
1652 3526 1746 3596 liugo-

62 3611 295 3688 quiJamdudum
307 3608 410 3667 bellica
423 3608 519 3665 labore
529 3607 688 3680 perplures
699 3621 789 3662 annos
799 3604 883 3661 vehe-
932 3628 1000 3669 nem
1021 3613 1124 3669 iratum
1144 3614 1253 3683 hebuit,
1272 3614 1391 3670 attilius
1413 3620 1545 3688 quatuor,
1564 3616 1748 3673 Guillelmum

63 3713 180 3765 menter
193 3705 284 3762 attriti
298 3709 375 3760 sunt.
933 3709 962 3762 at
975 3705 1161 3776 tedbaldum,
1178 3707 1409 3780 stephanumque
1424 3713 1453 3764 et
1465 3709 1616 3766 henricum
1631 3725 1663 3765 er
1677 3725 1747 3783 pree·

62 3826 130 3882 nv,
154 3824 216 3881 gur
234 3824 287 3895 pus
306 3821 445 3880 fluitarent
461 3821 532 3889 repes
556 3818 631 3874 bonvs
654 3817 773 3873 moribus
793 3817 881 3872 encra.
931 3801 990 3855 lata
1005 3801 1128 3873 conjuge
1146 3801 1254 3873 genuit.
1269 3801 1395 3867 Quamm
1414 3805 1472 3858 tres
1489 3803 1597 3875 priores
1614 3807 1746 3876 suntpa·

284 3903 400 3956 manat.
416 3897 507 3954 Adeta
522 3897 579 3967 ejns
593 3897 662 3965 fitia.
933 3897 1026 3948 tentas
1040 3894 1179 3965 consules,
1194 3899 1224 3952 et
1235 3895 1311 3951 inter
1325 3894 1467 3952 maximas
1480 3896 1653 3953 Francorum
1668 3912 1746 3953 com·

99 4004 250 4065 serenitas
261 4003 339 4076 pacis
351 4000 401 4058 diu
412 3999 539 4074 quesita
552 3999 628 4054 iuter
638 4012 738 4070 ragam
751 3998 780 4053 et
791 3995 882 4052 lilium
932 3990 1071 4059 putantur
1085 3988 1281 4061 ethuglorum
1296 4005 1436 4061 proceres.
1448 3990 1657 4063 Primogenitus
1669 3991 1748 4048 enim

62 4103 127 4176 ejus
139 4098 272 4156 celeriter
289 4092 452 4153 obnubilata
471 4095 522 4150 est.
541 4094 693 4148 Protervus
707 4089 785 4147 enim
799 4090 881 4163 juve·
933 4080 1110 4152 Gulllelffissb
1129 4098 1218 4155 80⁰0?
1231 4083 1351 4140 Gefflssls
1370 4083 1405 4140 de
1424 4084 1525 4141 S⁰llel⁰
1544 4088 1572 4141 θῑ
1590 4084 1691 4153 hiems
1707 4083 1750 4140 Vll·

61 4196 107 4252 nis
128 4199 244 4266 patrem
268 4189 357 4263 sequi,
381 4187 426 4244 rel
446 4188 473 4244 ei
496 4185 611 4243 obedire
635 4185 806 4258 dedignatus
830 4188 881 4240 est.
932 4174 1024 4229 bonus
1037 4177 1080 4230 est
1091 4179 1121 4232 et
1132 4175 1276 4248 paciilcus,
1291 4182 1319 4233 et
1332 4177 1427 4234 sobole
1442 4179 1551 4250 palleus
1563 4183 1650 4251 atque
1663 4179 1750 4234 lacul-

61 4289 218 4348 huimosus
236 4301 304 4340 varo
322 4283 456 4357 princeps
475 4280 510 4336 ab
529 4279 675 4352 ignaviam
695 4277 757 4350 ejus
776 4276 883 4333 crebris
933 4268 1047 4324 talibus.
1076 4269 1248 4338 ledbaldffi,
1277 4271 1370 4327 haeret
1400 4270 1575 4328 haeledllalss
1604 4277 1747 4344 Ρὸῑθῐῦω,

62 4398 134 4440 eum
149 4376 404 4452 redargutionibus
423 4378 453 4431 et
469 4372 603 4429 conviciis
619 4373 713 4444 palam
731 4371 883 4444 injuriatus
934 4361 1085 4434 multiplici
1102 4362 1207 4418 virtute
1221 4365 1298 4436 viget
1315 4368 1400 4437 atque
1415 4365 1567 4438 probitate.
1584 4366 1748 4437 Stephanus

63 4480 117 4533 est
133 4473 215 4531 Unde
230 4471 326 4528 denuo
341 4475 405 4542 post
417 4466 533 4540 aliquod
547 4473 671 4538 tempus,
687 4465 784 4537 paucis
797 4447 1047 4524 enda-Dantem,
1075 4472 1164 4529 gener
1195 4455 1337 4513 Erratachii
1366 4458 1540 4514 Balonieasis
1566 4459 1688 4514 considis
1719 4462 1749 4513 et

61 4570 140 4627 libus
162 4568 265 4634 iratus,
287 4582 304 4620 a
326 4568 408 4637 patre
431 4561 558 4628 recessit,
583 4575 635 4615 nec
659 4562 757 4632 postea
784 4557 882 4628 rediit;
933 4550 1035 4619 haeres,
1051 4549 1127 4606 douo
1146 4551 1258 4606 Haurici
1271 4552 1348 4624 ragis
1365 4551 1496 4607 avunculi
1516 4551 1560 4607 sui
1578 4552 1747 4608 comitatum

61 4665 154 4721 donee
174 4665 254 4734 pm,
272 4657 385 4714 rediens
399 4654 561 4712 moricum
582 4652 729 4720 comitem,
748 4657 779 4708 „2
797 4650 882 4707 duca.
933 4643 1065 4699 lloritalii
1087 4644 1114 4700 in
1130 4645 1315 4712 Narmannia,
1333 4651 1361 4700 at
1379 4647 1484 4700 multos
1502 4645 1530 4700 in
1550 4645 1652 4717 buglis
1672 4644 1746 4700 obti-

61 4765 126 4814 tum
141 4752 282 4810 Neustriae
296 4751 446 4824 reciperet,
461 4749 490 4804 iu
505 4746 620 4804 Galliam
635 4746 670 4802 ad
685 4761 752 4802 eum
767 4744 882 4800 direxit.
933 4737 998 4793 nuit
1011 4737 1145 4794 honores.
1159 4738 1297 4795 llenricus
1308 4754 1376 4794 vero
1390 4738 1493 4794 divinas
1506 4739 1541 4793 ab
1556 4738 1676 4795 infantia
1692 4738 1746 4794 mi-

98 4849 178 4907 ΒΜ
197 4863 250 4920 pm
265 4843 415 4902 comibus
432 4841 588 4915 prelibatis
605 4839 787 4895 stomachans
802 4839 881 4911 geni.
933 4832 1001 4887 litiae
1017 4832 1046 4887 ia
1060 4832 1189 4889 coeuobio
1204 4832 1382 4889 Cluniaceusi
1397 4833 1575 4905 mancipatus
1588 4837 1639 4901 est,
1654 4838 1683 4890 et
1695 4833 1747 4888 sub

61 4949 108 5001 ror
125 4939 314 4999 temerariam
331 4937 443 5010 prolem
462 4934 608 4991 interdum
626 4931 783 5000 maledixit,
799 4932 883 5004 eique
934 4925 1088 4982 monachili
1101 4943 1213 4997 norma,
1226 4943 1314 4982 sacrae
1327 4927 1397 4998 legis
1410 4927 1517 4983 litteras
1530 4928 1653 5000 pleniter
1668 4925 1748 4983 edoc-

59 5041 148 5113 ptura
171 5035 343 5108 plerumque
364 5029 522 5086 infortunia
545 5026 716 5099 peroptavit;
741 5025 781 5082 sic
804 5025 884 5081 obse·
933 5025 980 5076 tus
999 5024 1051 5077 est.
1072 5022 1103 5076 ln
1123 5037 1189 5093 qua,
1204 5020 1227 5075 si
1246 5021 1320 5076 bene
1341 5022 1572 5092 perseveraverit,
1589 5023 1669 5094 regni
1689 5037 1746 5078 coe·

59 5131 240 5189 „undantem
260 5126 315 5182 sibi
339 5124 449 5198 prolem
472 5121 656 5180 Guillelmum
681 5125 710 5176 at
731 5120 883 5176 ilenricum
932 5115 1011 5170 lestis
1032 5114 1206 5182 heresem,
1229 5115 1387 5187 mundique
1407 5121 1575 5187 contemptu
1595 5116 1749 5172 mundanis

58 5222 248 5283 amicabiliter
266 5218 422 5277 benedixit.
442 5216 599 5273 bichardus
619 5215 696 5270 enim
715 5213 790 5270 lilius
809 5214 881 5285 aJus,
932 5207 1103 5282 primatibus
1121 5208 1279 5280 spectabilis
1300 5208 1457 5281 prestabit.
1477 5211 1536 5265 lloc
1555 5209 1590 5266 da
1609 5211 1748 5282 progenie

59 5321 111 5396 qni
127 5320 192 5392 past
209 5314 385 5373 [lodharium
402 5315 486 5368 uatus
499 5309 602 5378 iuerat,
617 5308 667 5365 scd
682 5307 812 5364 nondum
826 5308 882 5362 mi·
933 5301 1076 5358 Guillelmi
1089 5300 1298 5374 regisbreriter
1311 5306 1475 5359 caraxatum
1487 5302 1659 5375 adpraesens
1672 5304 1748 5359 suih-

58 5415 132 5472 litiae
152 5410 303 5486 cingulum
323 5411 481 5480 acceperat,
497 5403 567 5460 dum
587 5418 677 5476 prope
697 5402 837 5458 Gucntam
852 5401 882 5457 iu
933 5396 998 5464 ciat,
1014 5396 1080 5468 quia
1095 5412 1140 5452 me
1153 5396 1263 5451 lcrvida
1277 5396 1406 5452 voluntas
1422 5396 1457 5451 ed
1472 5397 1673 5470 complendam
1686 5412 1749 5468 pro·

58 5525 138 5566 nora
150 5507 259 5564 foresta
271 5505 436 5569 venaretur,
447 5502 476 5556 at
489 5496 645 5570 quamdam
659 5496 760 5563 leram,
774 5494 882 5550 caballo
932 5489 1099 5546 missionem
1132 5506 1226 5545 meam
1255 5490 1365 5562 jugiter
1396 5491 1542 5558 stimulat,
1569 5494 1597 5547 et
1626 5488 1749 5547 reddere

60 5605 210 5670 currente,
223 5595 408 5673 pertinaciter
421 5593 632 5666 insequeretur,
648 5589 685 5645 ad
699 5588 777 5646 sellae
791 5588 880 5646 clitcl·
933 5589 1030 5641 votum
1046 5601 1091 5640 me
1107 5600 1209 5657 cogere
1224 5601 1281 5641 uon
1295 5588 1396 5641 cessat.

93 5779 147 5845 (⁸3)
161 5776 201 5835 lea
214 5776 337 5833 Pmrost.
353 5773 425 5830 htale
438 5771 543 5826 lutiam
559 5771 670 5835 Bonam,
684 5769 713 5824 iu
725 5766 884 5823 cumanae
896 5766 1028 5826 aditione.
