3750 6046
407 256 563 314 Historiis
582 257 846 316 ECCLESthTlGd.
860 286 895 297 -
909 256 995 313 etas
1014 258 1049 312 ll.
1064 285 1098 298 -
1113 257 1176 312 ΗΒ.
1197 258 1239 312 Vl.
1611 264 1662 319 466

72 394 158 451 epure
175 379 317 436 Guillelmi
334 380 458 451 juvenis,
480 379 531 435 filii
550 380 686 436 liodberti
707 381 794 449 ducis,
807 393 836 466 Α
847 380 985 453 pravitate
998 381 1178 454 aliquatenus
1191 381 1297 438 retrahi
1312 384 1405 455 empit.
1424 386 1489 440 Erat
1504 384 1582 442 enim
1597 402 1665 459 pru-

72 471 233 528 luillelmus
246 473 281 529 de
296 473 396 528 archis
410 478 511 529 contra
527 473 629 529 ducem
642 473 795 544 rebellavit,
847 472 918 530 dens
932 478 961 530 et
973 473 1106 543 facunda,
1120 479 1149 531 et
1163 492 1180 530 a
1193 474 1351 547 puerilibus
1372 477 1455 533 anuis
1476 479 1533 535 lieo
1552 480 1663 551 devota,

72 582 97 622 re
114 566 244 622 omnium
256 568 465 640 Talogiensium
484 566 583 641 parilis
599 566 725 623 deiectus
744 585 796 623 no·
846 566 1000 640 multisque
1025 583 1078 639 pro
1106 583 1190 639 posse
1215 584 1266 623 suo
1290 568 1372 624 bonis
1397 571 1531 642 operibus
1559 573 1663 631 dedita.

84 660 244 733 principem
269 659 406 729 deseruit,
428 661 501 717 solus
523 661 678 717 liichardus
695 664 797 717 contra
847 660 911 716 llaec
928 664 986 716 tres
1001 660 1103 717 iratres
1120 659 1242 717 habebat
1258 663 1411 734 preclaros
1430 664 1545 735 milites,
1562 667 1663 723 torda-

72 769 101 809 ιι
120 753 150 809 in
167 753 282 810 castello
303 770 354 809 suo
376 769 457 809 secus
475 754 622 811 ecclesiam
641 754 796 810 Sancti-bl·
847 769 917 809 num
929 754 1239 828 etGuillelmumatque
1251 756 1435 814 liudbertum.
1446 759 1573 824 Quorum
1584 761 1661 816 auxi·

73 846 190 916 erstitit,
201 850 230 903 et
238 863 291 920 pro
303 846 440 903 fidelitate
450 848 530 904 ducis
543 851 643 904 contra
655 848 796 904 discursus
845 847 883 903 lio
897 848 1022 903 sororius
1042 863 1143 904 eorum
1165 848 1195 903 in
1219 848 1329 905 dolosos
1351 866 1530 922 persuasores
1551 868 1659 925 proeva-

72 941 201 997 oensium
224 940 399 1014 provinciam
421 941 671 1014 circumjacentem
695 942 794 998 defan-
845 940 911 1008 luit,
940 945 969 996 et
993 941 1093 1012 plura,
1121 957 1186 1013 quae
1210 941 1401 998 fraudulentis
1427 944 1662 1018 subreptionibus

75 1033 178 1090 uravit.
195 1034 346 1106 Adjutores
366 1038 463 1090 autem
478 1036 540 1106 ejus
553 1035 584 1090 iu
599 1036 648 1092 illo
663 1035 796 1091 conflictu
846 1032 1041 1106 nequidquam
1063 1033 1230 1090 distraxerat
1244 1051 1277 1090 ae
1294 1035 1457 1108 perdiderat
1473 1040 1661 1110 recuperavit.

72 1126 141 1185 edus
163 1144 254 1200 gener
275 1127 347 1199 ejus,
373 1131 401 1183 et
424 1130 505 1200 liugo
529 1128 565 1185 de
585 1129 794 1198 hierio-Monte,
846 1126 966 1182 Proeiata
986 1127 1089 1183 mulier
1106 1126 1166 1183 viro
1188 1144 1240 1183 suo
1260 1128 1334 1183 filios
1354 1132 1383 1183 et
1403 1128 1473 1185 tilius
1488 1147 1611 1187 numero
1626 1148 1665 1188 ιιι

72 1220 143 1278 atilli
163 1221 197 1277 de
215 1221 424 1276 Novoliercato
447 1220 508 1289 tilii,
528 1223 662 1291 fuerunt;
676 1238 712 1277 ex
731 1222 796 1295 qui·
846 1220 968 1291 peperit,
989 1235 1113 1292 quorum
1132 1220 1269 1292 majorem
1287 1224 1398 1293 partem
1418 1223 1571 1280 immatura
1585 1241 1663 1282 mors

72 1330 195 1387 ugonem
208 1329 275 1370 cum
292 1313 426 1370 omnihus
438 1315 496 1370 suis
516 1315 707 1372 archacenses
720 1317 796 1388 apud
845 1312 876 1367 in
894 1312 1016 1369 infantia
1034 1329 1100 1369 nvox
1119 1313 1275 1369 absorbuit.
1295 1314 1405 1372 Deinde
1425 1316 1497 1389 ipsa,
1513 1318 1662 1391 completis

72 1408 235 1464 m·llontem
253 1412 371 1480 repente
391 1407 658 1477 circumdederunt,
678 1425 796 1482 seseque
846 1421 912 1461 cum
926 1405 985 1461 viro
999 1423 1050 1462 suo
1064 1423 1099 1461 xv
1114 1407 1206 1476 annis,
1226 1423 1273 1463 vus
1291 1407 1351 1463 Kal.
1371 1409 1518 1466 Februarii
1539 1412 1593 1483 (93)
1611 1412 1663 1469 de·

72 1517 96 1557 tr
109 1501 315 1557 defendentem
328 1502 550 1557 interemerunt.
567 1504 655 1559 Porro
672 1503 795 1560 Goisfre·
845 1499 942 1554 functa
953 1503 1006 1563 est,
1027 1505 1055 1556 et
1069 1500 1098 1555 in
1112 1500 1235 1556 claustro
1252 1501 1468 1572 monachorum,
1490 1519 1560 1575 quos
1581 1505 1663 1562 valde

72 1610 81 1649 ι
100 1594 191 1658 Adde,
212 1594 345 1650 Richardi
363 1593 431 1663 filia,
452 1595 629 1651 Bemardum
646 1599 674 1651 el
690 1597 797 1670 [trogo-
845 1591 991 1664 dilexerat,
1001 1592 1036 1648 ad
1046 1593 1150 1648 ostium
1160 1592 1282 1649 basilicae
1292 1595 1402 1667 sepulte
1416 1601 1467 1652 est.
1479 1599 1583 1654 Arcum
1593 1614 1661 1655 vero

72 1688 180 1760 genuit,
201 1687 304 1758 quibus
319 1688 413 1743 varius
434 1691 551 1744 eventus
563 1689 683 1767 ¹(exstitit,
704 1691 796 1762 [trogo
845 1684 991 1757 lapideum
1006 1702 1092 1758 super
1103 1686 1192 1759 ipsam
1201 1687 1341 1745 Guarinus
1353 1688 1433 1759 prior
1443 1691 1571 1746 construi
1585 1691 1662 1761 fecit,

82 1780 185 1836 relicta
203 1780 316 1848 militia,
338 1780 414 1852 apud
434 1780 546 1837 Uticum
565 1781 697 1854 religiose
716 1783 794 1852 vixit,
806 1756 834 1829 Β
846 1781 875 1834 et
888 1778 985 1836 vitalis
997 1779 1156 1852 angligena
1170 1780 1348 1853 epitaphium
1367 1780 1534 1854 hujusmodi
1550 1783 1640 1840 edidit
1656 1800 1664 1841 ι

76 1873 255 1929 monachatu
276 1874 385 1930 litteras
409 1874 515 1943 didicit,
530 1876 559 1932 et
576 1891 630 1948 per
650 1891 796 1932 sacrorum
844 1924 946 1977 Nobilis
957 1925 1055 1979 dvm
1068 1928 1245 1991 ommam
1258 1927 1314 1978 Mo,
1325 1927 1384 1979 mu
1395 1927 1447 1994 W

72 1983 82 2022 ⁵
107 1966 242 2023 minum
267 1984 355 2040 mque
379 1968 415 2024 fld
440 1968 632 2024 ³³⁰⁰¹⁸d0ti⁰ffl
654 1970 793 2026 ”cendst-
844 1993 967 2048 Christus
977 1997 1002 2046 es'
1014 2001 1098 2047 tutam
1111 1997 1236 2048 maceriei
1247 1997 1277 2046 ia
1290 1996 1385 2048 ethere
1396 1998 1493 2049 eitum!

72 2059 138 2116 rdus
150 2066 247 2117 autem
262 2077 352 2133 usque
366 2061 402 2116 ad
417 2061 532 2117 senium
544 2061 654 2117 militiae
670 2063 792 2133 inhesit,
844 2066 895 2117 Cui
909 2066 1004 2131 proba,
1018 2066 1082 2118 dum
1093 2068 1170 2130 sicit,
1184 2080 1243 2119 cam
1257 2066 1336 2118 tcum
1347 2068 1473 2132 frequens
1485 2070 1611 2132 labiavit,

81 2153 175 2211 tribus
191 2154 300 2225 angliae
315 2154 430 2227 regibus
444 2160 560 2211 strenue
578 2155 720 2212 militavit.
738 2157 792 2212 lie·
842 2139 879 2188 ¹4⁶
892 2137 1065 2204 ”milium
1077 2140 1253 2201 ⁶⁰¹²⁰⁸¹⁸J¹⁴r⁰
1268 2137 1381 2191 ’ΨΜ

73 2249 205 2318 tempore
219 2247 364 2303 Guillelmi
381 2248 455 2316 liull,
475 2250 573 2304 contra
590 2249 693 2318 liesca,
707 2251 792 2307 Gual-
842 2206 961 2331 gem,
970 2207 1525 2345 fflffssfflfvffizffifflffiffmqm

89 2356 203 2412 regem,
228 2341 381 2413 pugnavit;
408 2358 463 2415 quo
488 2348 648 2415 perempto,
672 2343 791 2400 Bracbe-
843 2350 962 2412 Quotidie
974 2352 1070 2401 missos
1083 2350 1178 2402 audire
1191 2350 1311 2402 studebat
1323 2355 1348 2400 et
1359 2352 1450 2405 boras.

72 2450 108 2489 ιιιι
124 2434 272 2490 castellum
288 2434 424 2504 condidit,
438 2451 619 2508 regnumque
634 2436 790 2505 Britonum‚
845 2421 936 2504 Vfiifi
948 2426 1040 2485 illm
1052 2434 1103 2503 ΜΡ
1116 2421 1154 2472 θ”ΰ
1165 2422 1241 2484 ⁶129ss
1254 2422 1364 2474 immiti
1376 2423 1477 2506 puvila-

72 2530 154 2599 mput
164 2526 288 2598 'felgard
302 2532 428 2593 vocatur,
442 2527 539 2583 multis
553 2528 638 2583 annis
652 2528 790 2600 possedit.
840 2492 1338 2629 gmmfflmfmwfflff
1349 2501 1458 2619 m?

72 2619 129 2675 iam
145 2634 261 2691 quoque
273 2619 304 2676 in
317 2620 426 2676 bonore
438 2621 532 2677 Sancti
544 2621 660 2677 ioannis
673 2636 793 2694 evange·
839 2634 931 2685 Edidit
943 2640 1064 2699 optatam
1074 2635 1176 2701 protem
1189 2648 1300 2687 stomaro
1315 2603 1476 2688 dandamim.

75 2730 97 2769 n
121 2712 228 2786 oppido
251 2730 302 2769 suo
325 2714 492 2783 construxit,
516 2713 612 2786 ibique
634 2714 791 2771 monachos
839 2704 959 2757 Militi
970 2706 1083 2770 wlfadi
1093 2705 1241 2770 wiliulfi
1254 2706 1307 2757 diti
1318 2707 1385 2758 itm
1396 2706 1487 2770 {libili

72 2806 131 2877 mit,
147 2810 176 2861 et
193 2806 322 2863 omnium
344 2807 385 2862 cis
407 2824 504 2863 rerum
524 2824 640 2864 suarum
664 2807 791 2864 decimas
839 2775 1345 2912 {ffiffissfflssfflwfflffi
1357 2777 1481 2900 'wa'

72 2905 101 2957 t.
839 2917 1017 2981 Presbyterum
1032 2917 1182 2976 incoactos,
1197 2917 1304 2978 uiduus,
1320 2930 1404 2983 apros
1414 2923 1438 2969 et
1449 2932 1543 2984 sqsaos

72 2998 160 3051 terius
186 2996 297 3063 autem,
328 2993 459 3049 liichardi
489 2993 580 3061 filius,
617 2994 788 3066 beatricem,
839 2989 946 3054 Simili?
956 2982 1488 3054 diwavflrm¹l1⁸⁰illfil⁸⁰⁰m⁸⁸³0i⁰⁰ffh

88 3085 244 3142 Christiani
270 3087 305 3142 de
331 3087 496 3142 valencenis
520 3086 639 3142 illustris
665 3058 1549 3196 tribuni,Cffifflssffimgofflxfffflffifflssmm

72 3195 93 3235 ιι
103 3178 193 3248 duxit,
204 3195 268 3250 quae
279 3179 338 3235 viro
349 3195 400 3235 suo
410 3180 588 3235 Gualterium
599 3183 628 3236 et
638 3182 789 3253 llugonem
837 3202 869 3252 1„
880 3200 982 3252 amo
997 3199 1088 3259 imm,
1101 3212 1156 3264 qua
1172 3200 1265 3251 vetros
1275 3200 1455 3266 pontificalem

74 3272 237 3328 lieetricem
255 3273 375 3345 peperit.
391 3272 528 3329 Pvaeiatus
550 3273 646 3343 heros,
666 3291 787 3331 consen·
838 3270 997 3322 commedit
1010 3271 1172 3332 camaram,
1184 3284 1245 3322 m
1256 3278 1375 3322 mmmm
1386 3272 1467 3322 emit
1480 3277 1506 3323 st
1518 3277 1614 3324 atrum.

839 3342 890 3394 Pro
903 3346 982 3393 tosta
993 3355 1057 3394 eaeo
1068 3342 1181 3393 domine
1194 3342 1255 3407 pent
1267 3342 1427 3405 diluissem

71 3382 95 3422 ss
115 3365 205 3435 ducis,
221 3381 334 3438 semper
353 3365 380 3421 ei
402 3366 495 3422 fidelis
516 3367 579 3430 fuit,
603 3374 717 3424 etcum
740 3368 788 3425 illo
837 3412 884 3464 A„
895 3413 991 3464 anim
1006 3413 1075 3464 Dm
1087 3413 1182 3464 ,vm-3
1193 3413 1234 3463 d„
1244 3412 1345 3477 gaudi,
1359 3411 1434 3464 νέω]
1447 3414 1538 3464 ΑΜ,

72 3474 132 3527 tus,
155 3458 273 3515 caetibus
292 3460 351 3515 suis
373 3460 505 3532 stipatus,
530 3461 559 3516 in
577 3460 652 3517 hello
671 3463 787 3535 Angiico

72 3553 139 3608 sina
151 3553 278 3624 pertulit.
293 3555 408 3623 Verum,
424 3559 576 3627 postquam
597 3571 718 3627 regnum
737 3572 787 3627 pa·
873 3552 1034 3609 Gualterius
1048 3557 1146 3609 autem
1157 3557 1221 3624 post
1234 3552 1434 3608 humationem
1449 3553 1580 3624 conjugis
1592 3554 1655 3611 iere

77 3650 134 3715 est,
154 3651 183 3702 et
199 3646 369 3702 Guillelmus
386 3648 526 3719 regnavit,
545 3647 706 3719 Gulbertus,
720 3665 788 3721 rege
837 3645 928 3702 tribus
941 3645 1024 3701 annis
1037 3645 1118 3714 vixit,
1131 3648 1159 3701 et
1172 3644 1283 3701 diutino
1298 3645 1417 3716 langore
1429 3644 1580 3716 cruciatus,
1595 3662 1654 3703 ιιιο·

72 3760 76 3791 t
90 3738 124 3794 in
140 3739 242 3810 anglia
256 3739 446 3809 possessiones
460 3740 608 3810 offerente,
626 3742 788 3798 Neustriem
837 3738 923 3795 nachi
937 3738 1078 3795 cucullam
1098 3737 1203 3806 induit,
1222 3740 1252 3794 et
1271 3737 1356 3810 paulo
1373 3741 1447 3810 post,
1462 3738 1531 3794 dala
1544 3738 1656 3797 confes·

72 3834 95 3900 l,
108 3830 299 3905 legitimaque
311 3832 492 3904 simplicitate
505 3832 627 3904 pollens,
642 3833 677 3890 de
688 3834 788 3906 rapina
838 3832 930 3901 sione,
948 3834 1137 3904 perceptaque
1156 3831 1332 3904 paenitentia,
1351 3848 1378 3887 vr
1394 3832 1455 3887 lial.
1472 3832 1549 3888 lunii
1568 3831 1652 3889 obiit.

72 3940 132 3982 tam
151 3925 297 3996 possidere
317 3925 417 3981 uoluit.
433 3925 497 3981 Suis
514 3929 673 3992 contentus,
695 3926 787 3983 aliena
837 3928 923 3982 Porro
944 3941 1047 3998 corpus
1068 3926 1196 3997 ejusdem
1215 3925 1393 3999 llildegerius
1417 3925 1496 3999 prior
1514 3926 1550 3982 ad
1566 3926 1653 3999 pedes

72 4034 94 4086 ;,
121 4017 270 4090 filiumque
295 4034 380 4072 sunm
411 4020 561 4089 hugonem
590 4019 786 4077 ecclesiasticae
837 4019 964 4090 praefatas
979 4018 1108 4090 conjugis
1126 4035 1183 4075 suae
1204 4019 1365 4087 tumulavit,
1386 4024 1415 4076 et
1435 4019 1531 4076 vitalis
1548 4020 1652 4092 hujus·

72 4110 146 4177 inte,
174 4109 227 4165 sub
254 4110 420 4181 magisterio
447 4111 572 4167 hlainerii
599 4111 726 4182 abbatis,
755 4114 786 4169 in
836 4112 918 4168 modi
931 4112 1038 4169 naenias
1053 4128 1140 4185 super
1153 4112 1200 4170 illo
1213 4113 1378 4186 prompsit:

72 4202 286 4259 simouasterio
305 4203 422 4258 devotus
440 4202 787 4276 obtulit.Cumreligiosa
836 4263 869 4314 M
904 4263 909 4273 ,
961 4263 967 4274 ,
995 4261 1012 4313 ἡ
1090 4264 1111 4315 G
1151 4263 1160 4314 l
1206 4264 1210 4274 ,
1253 4263 1281 4315 h,
1380 4264 1385 4275 ,
1431 4263 1463 4289 ,Ι

73 4314 107 4364 e,
129 4312 196 4367 quea
218 4295 358 4351 llathiidis
384 4297 494 4368 reginae
518 4296 689 4353 consobrina
713 4303 785 4370 erat,
835 4261 1460 4400 Insssgg'ss':„emcffiffirffipffurowff'⁸'

72 4388 120 4458 rit,
144 4392 174 4444 et
195 4389 382 4461 eleemosynis
403 4406 435 4445 ac
455 4390 644 4458 orationibus,
665 4390 786 4464 aliisque
839 4404 939 4468 Viginti
951 4411 1047 4469 septem
1060 4404 1128 4456 soles
1138 4406 1199 4468 jum
1213 4407 1302 4458 liuius
1317 4404 1439 4461 babebat,

72 4482 201 4556 »peribus
217 4498 306 4555 usque
322 4483 356 4538 ad
371 4483 458 4538 linem
469 4483 651 4539 laudabiliter
665 4481 824 4553 studuit.D
838 4475 904 4524 Μ
917 4475 961 4524 ”ll
976 4475 1018 4525 '⁸⁶⁶
1032 4476 1061 4524 ¹³¹
1075 4475 1198 4525 'limiti'
1213 4477 1304 4526 ‘tillim
1318 4476 1351 4526 ὼ
1361 4488 1468 4526 imm
1478 4476 1589 4540 filimi»

72 4574 142 4631 bilis
154 4577 250 4631 autem
267 4575 380 4631 Beatrix
396 4579 461 4647 post
474 4575 590 4642 jobitum
604 4576 656 4631 viri
672 4576 715 4632 sui
730 4579 783 4634 tri-
836 4545 1543 4682 gmaewuwofflgffffizflzfaghmimmr
1558 4618 1640 4668 amm

72 4668 117 4724 nis
131 4668 297 4740 supervixit,
312 4671 341 4723 el
354 4668 383 4724 iu
397 4674 492 4724 sancta
506 4669 683 4725 confessione
699 4686 718 4725 u
731 4672 785 4727 lio-
1271 4653 1280 4676 '
1400 4655 1408 4677 '
1533 4653 1538 4664 ·
1644 4653 1650 4668 ·

72 4761 161 4817 marii
176 4761 255 4817 obiit.
871 4761 1007 4817 Defuncto
1027 4762 1181 4830 Gualterio,
1203 4764 1328 4834 quatrmr
1346 4759 1446 4833 pupilli
1464 4759 1585 4816 desolati
1605 4776 1650 4817 re·

72 4854 164 4911 terius
178 4870 247 4910 vero
261 4870 331 4926 puer
345 4855 472 4928 elegans,
488 4856 536 4911 sed
551 4872 653 4927 parum
670 4857 783 4929 sepiens
834 4858 1010 4922 manserunt,
1033 4855 1189 4911 iiicbardus
1210 4858 1240 4909 et
1261 4854 1412 4923 terdenus,
1437 4854 1600 4910 Gualterius
1621 4858 1649 4910 et

86 4947 124 5003 ob
137 4947 192 5003 hoc
205 4948 372 5004 Godmundo
387 4949 506 5021 aliisque
523 4950 627 5006 dolosis
643 4951 783 5007 tutoribus
833 4949 942 5014 helias,
961 4965 1034 5021 quos
1051 4949 1186 5004 ilenricus
1210 4965 1259 5003 rex
1279 4948 1308 5003 in
1329 4964 1381 5003 sua
1403 4948 1491 5003 tutela
1514 4947 1648 5020 suscepit,

72 5041 207 5114 ubjacuit.
223 5041 389 5098 Societatem
409 5042 586 5098 nebulonum
605 5043 783 5100 familiariter
833 5045 863 5097 et
876 5041 1033 5114 alfagiense
1044 5042 1092 5113 jus
1104 5041 1249 5097 liudberto
1264 5041 1425 5098 vicecomiti
1440 5040 1552 5097 duobus
1564 5040 1649 5097 anuis

71 5134 149 5202 :ivit;
169 5150 292 5205 quorum
308 5135 420 5191 nelarie
433 5136 614 5207 persuasione
627 5141 782 5209 paternum
831 5135 992 5207 regendum
1012 5136 1154 5208 praecepit.
1174 5138 1262 5191 Porro
1278 5134 1419 5191 Jordanus
1434 5134 1470 5190 de
1489 5134 1648 5204 salcavilla,

72 5244 102 5284 m
127 5227 294 5299 insipienter
315 5227 494 5300 dilapidavit,
518 5233 547 5284 et
569 5230 726 5286 monachos
750 5246 782 5286 ac
831 5227 950 5284 servitiis
964 5231 994 5286 et
1008 5228 1173 5285 muneribus
1191 5229 1254 5300 regi
1272 5229 1383 5298 ablatis,
1398 5231 1491 5285 totum
1506 5228 1555 5300 jus
1571 5227 1648 5283 ohti-

72 5339 91 5390 s,
106 5319 309 5392 legitimosque
323 5321 438 5378 colonos
457 5321 568 5393 injuriis
581 5322 682 5379 crebro
697 5323 781 5379 illatis
831 5322 905 5389 nuit,
920 5322 1053 5395 ipsosque
1067 5327 1183 5394 nepotes
1196 5338 1263 5378 suos
1275 5323 1383 5378 alturus
1396 5339 1460 5378 cum
1476 5321 1648 5394 patrimonio

72 5414 152 5470 savit.
175 5413 303 5469 Tandem
325 5414 406 5471 mdes
428 5414 557 5483 effectus,
580 5415 731 5487 pulchram
752 5420 782 5474 et
832 5431 882 5471 suo
902 5417 1091 5487 recuperavit,
1105 5419 1135 5471 et
1151 5420 1274 5489 quatuor
1290 5416 1374 5472 aunis
1396 5414 1552 5471 honorilice
1573 5431 1647 5470 con·

72 5512 148 5564 ntem
176 5505 313 5578 aviciam,
343 5507 501 5564 lierbranni
525 5507 632 5580 filiam,
662 5525 780 5566 uxorem
831 5509 950 5565 servavit
962 5513 991 5565 et
1004 5509 1090 5566 auxit.
1108 5510 1220 5566 interea
1231 5509 1387 5565 Richardus
1400 5509 1560 5566 duodennis
1574 5524 1647 5581 puer

83 5598 165 5672 cujus
189 5599 305 5656 consilio
327 5606 355 5657 et
377 5601 470 5673 sagaci
494 5605 598 5658 conatu
621 5618 639 5657 a
661 5602 781 5674 pristina
829 5601 908 5672 obiit,
928 5605 958 5658 et
975 5603 1006 5660 in
1028 5602 1147 5660 ecclesia
1175 5602 1287 5660 Sancta
1311 5603 1362 5659 liei
1385 5602 1532 5675 genitricis
1553 5601 1648 5659 hariae

72 5792 130 5859 seg.
149 5792 254 5855 uertit,
275 5792 293 5846 t.
313 5805 338 5848 e.
358 5792 404 5849 dle
423 5793 556 5849 vicesima
574 5795 699 5852 secunda
719 5795 874 5863 Februarii,
886 5793 1027 5853 utvideve
1040 5796 1128 5853 estin
1139 5795 1204 5866 ipsu
1216 5794 1376 5867 epitaphio.
