3750 6046
138 215 207 278 lbt‘t
685 216 806 277 ebonis
825 217 964 276 ltBBthS
982 216 1268 279 llOlllllthllENSlS.
1760 218 1824 274 tete

136 350 280 413 cernetur,
293 360 358 400 eum
375 344 436 416 ejus
455 344 604 400 aestimatio
618 349 647 401 et
660 345 781 417 abjectio
793 363 944 417 cognosce·
957 348 1112 432 Amiaieae
1126 348 1287 404 Nativitatis
1307 347 1396 416 loeas,
1420 348 1534 418 tempas
1556 347 1585 402 et
1609 344 1823 401 testimoniam.

137 445 203 508 tur;
232 438 317 505 istud,
347 453 412 493 cum
438 437 500 509 eius
526 439 760 495 emolumentum
783 442 811 494 et
829 441 951 511 jactura.
1003 446 1103 511 Locus,
1119 448 1198 497 extra
1216 442 1340 514 patriam
1350 444 1499 512 ;tempas,
1514 441 1543 494 in
1569 438 1824 506 noete3testimo·

137 533 295 589 AEstimatio
315 532 467 602 conjicitur
485 549 538 604 per
559 548 631 604 opus
652 535 701 589 Dei
720 550 771 605 pro
791 551 825 589 ca
843 536 952 590 exhilii·
1003 538 1094 603 niam,
1110 536 1145 590 de
1159 537 1229 591 cerlo
1243 535 1417 607 angelicum.
1431 534 1582 605 Daplicem
1599 533 1678 605 gerit
1692 531 1826 587 eruditio·

88 642 91 649 ·
137 631 198 682 tam
213 645 220 694 ;
234 626 364 697 abjectio,
379 643 432 696 per
451 642 563 681 causam
584 628 689 698 operis.
708 630 802 699 lpsam
822 630 953 700 estquod
1004 630 1049 685 nis
1064 631 1185 685 formam
1199 629 1289 692 locas,
1303 630 1337 683 ad
1354 628 1489 683 meritum
1509 644 1561 682 nos
1584 627 1739 681 instruens
1752 642 1823 680 eom-

137 720 328 776 eonsidcravit
349 720 500 791 Propheta,
522 724 550 775 et
571 721 694 792 expavit,
715 738 802 793 saper
820 739 876 793 qno
897 727 952 777 Αιι-
1002 723 1173 795 parandum,
1191 726 1219 777 et
1240 724 1275 777 ad
1295 722 1425 777 exsilium
1447 720 1670 792 deplorandum.
1695 719 1825 773 Meritum

53 876 56 881 Δ
138 814 290 886 gustinus:
307 834 321 863 ιι
335 813 411 884 Opus
425 819 520 882 tuum,
533 815 617 882 Deus,
632 814 754 870 Verbum
769 832 833 871 caro
845 816 953 871 lactum
1002 832 1213 887 comparamus,
1234 832 1300 870 enm
1324 813 1477 869 virtutibus
1494 829 1610 885 operam
1634 812 1758 878 damus;
1778 828 1822 865 cx-

139 911 193 963 est.
220 927 234 959 n
262 909 319 962 lloc
344 923 442 977 opere,
469 911 572 962 nostrae
594 909 812 964 commendatur
842 915 953 964 naturae
1003 909 1099 964 silium
1121 907 1314 980 deploramus,
1330 923 1395 962 eum
1416 907 1451 961 ad
1475 907 1599 978 patriam
1621 905 1821 976 suspiramus:

140 1001 277 1071 dignitas,
292 1001 474 1071 cognoscitur
486 1001 751 1072 aestimatiollagni
761 1002 887 1072 prolecto
902 1018 953 1057 nos
1003 1003 1052 1057 sed
1080 1003 1140 1057 haec
1166 1002 1270 1073 agendi
1295 1002 1370 1057 loeas
1395 1016 1451 1055 nou
1476 1003 1519 1054 est
1543 999 1599 1054 nisi
1627 998 1664 1053 de
1692 998 1824 1069 prasenti

77 1096 80 1103 '
138 1095 297 1162 estimavit,
312 1094 414 1164 qui,ut
427 1094 618 1149 necessariam
631 1095 776 1149 conterret
789 1095 951 1163 sanitatem,
1003 1095 1105 1151 saeculo
1128 1097 1192 1150 dum
1214 1110 1306 1150 samus
1328 1097 1357 1148 io
1380 1109 1499 1164 censore,
1520 1098 1549 1147 et
1569 1093 1822 1162 peregrinamure

137 1194 241 1243 nostrae
251 1188 416 1242 substantia
429 1187 616 1258 fragilitatem
630 1188 665 1242 ad
678 1205 736 1242 sam
750 1205 878 1259 personas
889 1189 953 1243 sub·
1003 1191 1113 1244 Domine
1126 1189 1160 1260 (ll
1174 1188 1247 1250 Cor„
1262 1190 1298 1257 v).
1313 1189 1385 1243 Cum
1401 1202 1471 1258 ergo
1486 1201 1664 1241 exercemur
1684 1183 1721 1238 ad
1739 1184 1819 1253 jasti-

137 1282 216 1336 vexit
228 1282 376 1336 unitatem.
392 1280 445 1345 Qui
466 1284 494 1335 in
507 1283 608 1336 meraclo
623 1287 693 1344 erat,
707 1299 758 1352 per
773 1299 850 1352 quem
871 1299 951 1338 mun·
1002 1282 1083 1349 tiam,
1108 1287 1137 1336 et
1159 1282 1336 1352 suspiramus
1361 1280 1395 1335 ad
1420 1279 1552 1351 gloriam,
1579 1284 1726 1348 tanqaam
1747 1280 1820 1331 extra

138 1376 188 1431 dtis
199 1377 290 1442 tactas
304 1380 340 1429 est
355 1376 456 1443 (leave,
470 1376 499 1444 ι),
513 1378 587 1429 uenit
609 1377 639 1429 in
653 1377 785 1430 mundum
803 1381 953 1446 peccatores
1003 1375 1126 1446 patriam
1141 1375 1279 1446 rapimur,
1299 1373 1481 1429 ostendentes
1500 1388 1554 1427 uos
1578 1372 1629 1426 hic
1655 1376 1821 1425 manentem

138 1470 227 1524 salvos
251 1470 340 1535 tacere
364 1468 384 1537 (l
411 1468 493 1531 lim..
522 1468 561 1537 ι);
588 1485 683 1539 neque
708 1468 738 1523 id
759 1469 863 1535 solum,
891 1470 951 1535 sed,
1004 1468 1146 1524 civitatem
1158 1484 1214 1523 non
1228 1467 1343 1534 habere,
1355 1466 1542 1522 sedfaturam
1553 1465 1708 1537 inquirere
1721 1463 1820 1533 (fleta,

137 1563 248 1616 Domini
271 1563 378 1615 Domini
402 1565 488 1616 caitus
513 1563 608 1616 mertis
638 1563 721 1632 (Paul.
743 1562 838 1631 aava).
866 1562 953 1632 Hujus
1003 1562 1072 1629 ιιιι).

139 1655 231 1726 operis
244 1671 337 1722 eausa,
354 1657 449 1709 nostra
462 1654 517 1709 luit
530 1654 657 1709 miseria.
669 1656 797 1710 llumana
810 1654 953 1726 siqnidem
1039 1655 1150 1726 Duplici
1163 1670 1245 1726 aeque
1258 1654 1430 1709 documento
1443 1652 1618 1708 instruimur
1632 1668 1670 1706 ex
1685 1658 1819 1723 ternpore,

138 1754 241 1803 natam
255 1748 290 1802 ab
307 1748 366 1819 ipsa
378 1748 471 1802 radice
485 1764 536 1819 per
549 1748 669 1802 liberum
683 1747 835 1803 arbitrium
846 1748 951 1814 vitiata,
963 1738 992 1810 B
1004 1748 1199 1803 humilitatem
1215 1764 1276 1814 nos,
1290 1752 1318 1802 et
1331 1747 1494 1802 cautionem
1515 1745 1648 1801 docente.
1665 1746 1727 1800 Nox
1746 1744 1817 1800 enim

137 1845 217 1897 tanta
239 1840 344 1895 erroris
367 1840 490 1911 caligine
510 1840 715 1908 involvebatur,
731 1844 788 1895 tam
811 1840 956 1912 perplexis
1006 1842 1241 1913 repraesentativa
1256 1846 1297 1896 est
1312 1839 1496 1906 adversitatis,
1506 1844 1534 1894 et
1544 1838 1732 1894 obscuritatis
1744 1837 1818 1892 ellec-

138 1933 298 2005 iniquitatis
323 1933 519 2004 stringebatur
537 1933 661 2002 ionibus,
677 1937 812 2005 tantaque
831 1935 955 1989 interca·
1008 1936 1067 1991 tiva
1077 1953 1086 2003 ;
1111 1935 1267 1990 adversitas
1286 1933 1428 2002 humiliat,
1442 1938 1470 1988 et
1492 1932 1654 1988 obscuritas
1673 1931 1754 1986 celat
1774 1933 1820 1987 ne

139 2028 244 2101 pedine
259 2044 275 2081 a
292 2028 413 2082 coelestis
423 2027 524 2098 patria
536 2026 716 2081 beatitudine
727 2027 955 2098 disjungebatur,
1006 2046 1111 2084 cemar
1124 2029 1219 2100 itaque
1232 2033 1408 2099 pernoctem
1423 2027 1562 2082 cautelam
1578 2025 1817 2083 ethamilitatem:

138 2126 235 2177 atnec
256 2121 319 2191 ipsa
343 2121 401 2174 sais
419 2119 526 2175 viribus
546 2120 713 2188 illuminari,
729 2120 893 2191 justificari,
908 2125 957 2175 aut
1006 2123 1158 2189 cantelam,
1174 2127 1205 2176 at
1218 2122 1343 2176 celemus
1364 2137 1429 2192 quae
1451 2135 1595 2187 amamus,
1611 2134 1648 2173 ne
1673 2118 1818 2190 perdamus

139 2215 260 2280 redimi,
275 2230 327 2268 nec
343 2213 472 2285 angelus,
488 2214 530 2268 vel
544 2214 684 2285 propheta
696 2214 720 2268 ei
736 2214 871 2285 opitulari
886 2214 957 2269 vale
1006 2216 1028 2270 si
1044 2215 1221 2286 prodamas;
1237 2214 1441 2282 humilitatem,
1456 2229 1492 2268 nc
1510 2212 1703 2283 presumptio
1724 2227 1817 2282 opera·

48 2304 51 2309 ’
139 2309 194 2363 ret.
209 2307 338 2378 [lenique
355 2306 421 2361 data
436 2312 479 2361 est
495 2308 537 2361 leo
551 2323 614 2378 quaa
628 2323 685 2361 non
698 2306 790 2378 potuit
805 2306 955 2375 vivificare,
1007 2308 1093 2364 tionis
1115 2308 1237 2363 interius
1258 2309 1378 2378 generet
1400 2306 1500 2361 vitium
1525 2304 1674 2360 elationis.
1703 2305 1817 2375 Utrame

141 2400 574 2472 atfaceretpeccatoresetiam
598 2401 893 2471 prevaricatores3et
910 2417 956 2454 aa·
1008 2401 1126 2473 prodest
1151 2401 1188 2455 ad
1218 2400 1381 2472 pellendum
1406 2405 1434 2455 et
1466 2399 1651 2454 evellendam
1688 2398 1817 2470 superbia

142 2498 223 2567 geret
238 2494 385 2563 delictum,
403 2511 461 2548 non
477 2494 594 2549 deleret.
608 2496 645 2550 At
659 2495 708 2548 ubi
725 2497 798 2549 verrit
814 2494 957 2564 placitando
1007 2500 1124 2567 typam3
1146 2496 1192 2550 illa
1206 2495 1364 2562 exterioris,
1377 2494 1439 2548 hee
1458 2491 1605 2548 interioris
1615 2510 1625 2562 ;
1651 2492 1701 2548 illa
1716 2493 1816 2562 jactan-

141 2591 278 2658 tcmporis,
294 2591 367 2642 misit
380 2592 448 2643 lleas
467 2589 566 2643 Filiam
585 2604 665 2642 sacrm
684 2590 787 2655 factam
811 2591 841 2642 in
863 2589 957 2642 simili·
1007 2589 1063 2656 tiae,
1077 2589 1138 2643 haee
1151 2588 1294 2643 vanitatis.

141 2682 263 2753 tudinem
289 2684 380 2736 cernis
400 2684 505 2752 peccati
529 2680 648 2752 (Galat,
674 2681 724 2750 ιι),
747 2687 778 2736 ιιι
796 2682 957 2752 justificatio
1043 2685 1075 2737 ln
1091 2680 1649 2752 testimoniedeniqueconsidcrandum
1661 2680 1816 2752 quiequid,

35 2822 40 2831 .
141 2777 206 2844 legis
227 2776 384 2847 impleretur
410 2777 439 2829 in
462 2775 539 2829 nobis
560 2775 736 2846 {Rom.,var).
759 2777 820 2847 lpse
844 2775 958 2845 estqui
1007 2775 1110 2847 quibus
1135 2778 1263 2830 testatur.
1294 2775 1401 2846 Dignus
1432 2778 1555 2829 testatur
1585 2774 1678 2844 digna
1709 2773 1815 2845 dignis:

141 2868 263 2923 traditus
290 2875 330 2922 est
352 2874 470 2939 propter
492 2867 595 2922 delicta
621 2875 726 2935 nostra,
750 2875 778 2922 et
803 2869 958 2923 resurrexit
1009 2869 1128 2939 angelus
1152 2868 1294 2925 Christum
1328 2867 1511 2940 pastoribus;
1542 2868 1665 2922 nuntius
1688 2866 1816 2929 veritatis,

141 2967 259 3034 propter
270 2961 503 3031 justificationem
520 2964 657 3027 nostram,
672 2977 763 3015 eaecos
782 2962 956 3029 illuminans,
1008 2962 1146 3034 gaudium
1162 2962 1268 3030 salutis,
1285 2961 1440 3015 humilibus
1455 2959 1585 3031 personis
1595 2978 1603 3028 ;
1629 2960 1751 3015 minster
1766 2960 1816 3014 ela·

143 3055 253 3109 solvens
268 3054 387 3121 vinctos,
402 3054 541 3108 reducens
556 3069 701 3123 erroneos,
716 3053 957 3122 doctrina,morte
1008 3055 1108 3121 ritatis,
1135 3061 1229 3110 ortum
1251 3054 1376 3121 laminis,
1402 3054 1488 3109 corde
1515 3053 1645 3109 sollicitis
1671 3071 1703 3109 ac
1731 3056 1818 3108 mente

144 3152 173 3202 et
188 3147 400 3202 resurreetione
410 3163 470 3200 sua.
486 3149 555 3200 Eece
569 3153 675 3217 quanto
690 3148 826 3218 languore
844 3164 958 3219 preme·
968 3104 996 3178 C
1008 3149 1124 3204 devotis.
1135 3150 1166 3204 ln
1182 3149 1271 3203 tribas
1285 3148 1407 3219 denique
1418 3147 1497 3202 testis
1507 3146 1554 3202 hie
1562 3147 1818 3202 commendabilem

143 3241 227 3296 batur
242 3257 332 3311 genas
347 3239 519 3307 hanranam,
533 3239 567 3293 ad
583 3240 662 3311 quod
676 3241 832 3295 sonandam
845 3244 958 3295 tantum
1008 3259 1037 3297 se
1052 3242 1161 3314 praebet
1181 3248 1209 3296 et
1233 3240 1412 3296 imitabilem.
1433 3244 1560 3311 Apparet
1577 3240 1668 3306 solus,
1682 3247 1714 3295 ut
1735 3240 1819 3295 solidi-

144 3350 258 3389 necesse
274 3339 334 3389 erat
347 3333 443 3388 venire
460 3333 614 3388 medicam.
630 3335 700 3388 llinc
717 3337 821 3388 nostrae
838 3350 957 3405 praescr·
1008 3338 1097 3390 tatem
1121 3335 1224 3390 doceat
1235 3335 1350 3389 unitatis
1360 3352 1368 3403 ;
1391 3337 1480 3400 stans,
1501 3337 1533 3388 ut
1552 3334 1746 3388 constantiam
1765 3334 1820 3388 soli-

143 3428 195 3482 tim
223 3427 389 3498 abjectionis
417 3427 557 3482 vilitatem
583 3443 759 3498 cognoscere
784 3428 861 3494 licet,
881 3428 958 3499 quod
1008 3428 1103 3485 ditatis
1127 3429 1207 3499 juxta
1233 3434 1265 3484 ut
1290 3428 1424 3483 allectam
1451 3426 1608 3482 eharitatis.
1636 3429 1670 3483 Et
1697 3443 1816 3499 congrae

143 3526 248 3576 nostrae
263 3521 431 3592 magnitudo
451 3520 622 3575 infirmitatis
644 3537 827 3592 nequaquam
848 3520 883 3575 ad
904 3525 959 3575 sta·
1008 3522 1087 3593 prius
1114 3539 1206 3592 unua,
1230 3525 1329 3592 postea
1357 3520 1457 3588 multi,
1485 3520 1555 3592 quia
1581 3520 1680 3575 unitas
1706 3521 1822 3575 transire

145 3619 207 3669 tam
230 3615 417 3669 reduceretur
437 3614 578 3682 sanitatis,
603 3614 656 3669 nisi
676 3616 815 3685 sanguine
835 3615 959 3669 sarientis
1009 3620 1102 3687 potest
1115 3616 1144 3670 in
1156 3613 1433 3686 augmentationem,
1449 3613 1648 3685 multiplicitas
1661 3612 1784 3669 detluere
1796 3614 1820 3667 io

145 3708 264 3764 sanandi
279 3708 466 3763 conficeretur
481 3707 735 3774 medicamentum,
755 3712 784 3761 et
806 3724 883 3761 mors
901 3724 959 3762 me·
1008 3709 1200 3781 paacitetem3
1225 3714 1254 3763 et
1276 3708 1342 3763 lieet
1364 3707 1525 3763 nuntiantis
1547 3707 1706 3762 auctoritas
1732 3713 1822 3762 notam

146 3802 202 3857 dici
216 3802 303 3857 citam
316 3804 466 3856 revocaret
477 3802 588 3871 egroti.
605 3800 695 3872 lgitur
713 3801 808 3856 honor
825 3801 959 3856 humanae
1009 3803 1158 3874 propulset
1170 3800 1386 3869 incredulitatis,
1406 3801 1489 3856 datur
1506 3804 1603 3856 tamen
1620 3801 1738 3873 signnm
1759 3816 1821 3856 con·

147 3895 294 3967 dignitatis
320 3895 472 3965 conjicitur
501 3910 535 3948 ex
564 3894 761 3965 assumptione
794 3897 896 3949 nostrae
929 3894 959 3948 in
1009 3912 1115 3968 gruum
1129 3895 1263 3966 dignitati
1276 3895 1428 3951 nascentis.
1443 3894 1717 3966 Invenietis,inqait,
1731 3897 1821 3963 inliva-

147 3989 236 4044 Deum
264 3988 461 4054 humanitatis,
490 3987 609 4057 abjectio
635 3987 760 4054 vilitatis,
783 4004 817 4042 ex
845 3988 959 4041 cumulo
1010 3997 1073 4053 tem,
1088 3996 1119 4044 ιιι
1132 3988 1415 4058 infirmum3paanis
1428 3989 1592 4055 inuolutum,
1606 3992 1641 4042 ut
1655 4003 1824 4060 pauperem

146 4081 336 4148 infirmitatis;
352 4081 422 4146 haee,
437 4097 472 4135 ex
486 4080 654 4136 dillicultate
668 4080 798 4136 remedii.
1008 4089 1034 4139 et
1044 4085 1164 4153 positam
1177 4085 1207 4137 in
1220 4084 1351 4153 presepio
1373 4082 1457 4153 (Lae,
1472 4080 1514 4152 ιι),
1526 4084 1559 4137 ut
1573 4080 1735 4138 humilem.
1753 4082 1825 4136 llisee

182 4174 302 4245 Expedit
315 4180 376 4244 post
392 4174 454 4228 lraee
471 4174 497 4229 in
511 4175 622 4229 actione
637 4180 735 4229 nostra
755 4190 809 4229 nos
830 4179 959 4230 nostrum
1009 4194 1026 4232 a
1051 4177 1171 4243 Christo,
1199 4175 1369 4243 Christiane,
1395 4174 1617 4241 infirmitatem,
1647 4179 1681 4230 ut
1715 4180 1824 4230 tuanrm

148 4267 294 4324 attendere
317 4267 456 4322 damnum
480 4284 509 4322 es
535 4270 741 4323 commodam:
767 4268 915 4335 domnam,
936 4269 959 4322 si
1009 4287 1097 4341 ponas
1117 4268 1217 4323 virium
1240 4266 1507 4341 presumptionem,
1526 4273 1559 4323 ut
1576 4268 1741 4339 perituram
1763 4285 1824 4324 eon·

147 4361 397 4434 reprehensibilis3
414 4362 609 4431 commodum,
621 4361 644 4415 si
657 4361 693 4416 sit
706 4362 864 4416 laudabilis.
879 4363 958 4434 blag-
1009 4369 1118 4418 temnas
1134 4363 1352 4434 possessionem,
1363 4365 1396 4417 ιιι
1411 4361 1510 4417 mandi
1520 4361 1612 4416 calces
1628 4362 1823 4418 ambitionem.

148 4473 217 4511 nam
240 4455 366 4526 profecto
385 4455 527 4527 passionis
548 4461 589 4509 est
605 4454 794 4520 damnumst
807 4455 1098 4541 iamstima-DUuius
1121 4457 1245 4528 denique
1269 4454 1481 4512 annuntiationi
1502 4456 1660 4512 multitado
1682 4461 1826 4512 attestatur

147 4550 215 4618 bile,
242 4550 407 4620 pertingens
430 4564 519 4619 usqae
545 4548 580 4602 ad
608 4547 774 4603 divisionem
802 4549 906 4603 animes
932 4553 961 4603 ct
1011 4551 1202 4605 laudantium.
1229 4555 1258 4605 et
1280 4549 1458 4604 dicentium:
1484 4549 1576 4606 Gloria
1600 4551 1632 4604 in
1649 4552 1764 4606 eacelsa's
1780 4551 1825 4605 on

148 4644 284 4714 corporis,
303 4647 331 4697 et
352 4642 435 4709 altra,
455 4644 504 4711 qai
521 4642 621 4696 Filium
642 4643 692 4696 Dei
712 4642 915 4703 conculcaverit,
935 4649 961 4698 et
1011 4644 1114 4715 (ieta).
1131 4644 1194 4698 llaec
1209 4644 1298 4715 gloria
1312 4649 1365 4711 est,
1378 4644 1412 4698 de
1424 4642 1665 4714 quaproedictum
1680 4648 1747 4700 est:
1768 4642 1823 4700 Glo-

147 4740 308 4806 sunguinem
333 4736 485 4790 testamenti
502 4736 635 4805 pellatam
658 4735 777 4798 decerit,
796 4741 822 4790 et
844 4738 962 4806 Spiritui
1010 4740 1054 4793 rie
1074 4740 1125 4792 Dei
1143 4739 1230 4792 celare
1254 4738 1371 4794 Verbum
1389 4736 1491 4807 (Pron,
1512 4738 1586 4805 xxv).
1612 4737 1823 4810 Sempiteraam

147 4833 243 4901 pratia
267 4829 454 4884 contumeliam
484 4830 579 4895 feccrit
611 4828 717 4899 (Heba,
744 4828 783 4899 x).
810 4828 961 4884 Conculcat
1011 4831 1089 4886 enim
1105 4831 1195 4885 Patris
1208 4830 1330 4885 Verbum
1344 4830 1448 4887 velavit
1460 4836 1489 4886 et
1500 4830 1603 4897 celavit
1622 4830 1748 4887 humani
1765 4846 1822 4887 cer·

150 4925 253 4980 Filiam
268 4923 326 4989 llei,
348 4922 396 4994 qui
419 4921 584 4976 incredulas
597 4924 641 4976 est
655 4921 701 4991 ei;
725 4923 863 4993 [vallatum
885 4922 961 4978 ducit
1011 4926 1088 4996 poris
1101 4924 1326 4993 tabernaculam,
1340 4929 1368 4980 et
1381 4923 1549 4980 indeficiens
1562 4925 1666 4980 aeterni
1678 4925 1768 4998 jubar
1783 4940 1821 4979 so·

149 5019 317 5090 serigniaem
335 5016 508 5083 testamenti,
528 5016 576 5086 qai
595 5016 681 5070 vitam
701 5018 760 5087 agit
781 5017 894 5088 plenam
914 5017 959 5072 in·
1010 5018 1053 5086 lis,
1069 5018 1140 5073 texit
1152 5018 1227 5074 nube
1240 5018 1332 5073 carnis
1344 5017 1466 5073 candida
1489 5022 1518 5073 et
1534 5018 1589 5073 levi
1605 5034 1612 5073 :
1630 5018 1766 5088 candida,
1778 5032 1824 5091 per

149 5112 350 5185 quinamenti;
366 5109 482 5182 Spiritui
495 5110 594 5180 gratiae
611 5110 899 5180 laciteontameliam,
912 5111 960 5183 qai
1010 5112 1225 5179 innocentiam;
1247 5111 1313 5180 levi,
1334 5128 1386 5184 per
1403 5110 1570 5183 potentiam.
1585 5112 1651 5167 llaec
1672 5113 1724 5169 Dei
1740 5112 1824 5185 glorie

149 5223 230 5262 saram
244 5206 296 5260 sibi
320 5207 434 5276 arrogat
454 5203 604 5274 justitiam.
624 5205 692 5259 lluic
711 5205 845 5259 damnum
864 5205 961 5259 immi·
1010 5212 1062 5274 est,
1077 5222 1134 5278 qua
1149 5208 1233 5262 Pater
1246 5206 1387 5278 gloriosus
1401 5205 1545 5278 apparuit,
1560 5222 1651 5279 quem
1668 5208 1756 5263 Filias
1769 5207 1823 5280 glo·

149 5302 209 5354 net.
224 5300 276 5362 Qui
288 5315 356 5355 vero
379 5299 435 5353 tide
460 5298 586 5365 devotas,
601 5298 814 5353 conversatione
835 5303 958 5367 sanctus,
1010 5299 1130 5356 ritlcavit
1143 5316 1229 5372 saper
1240 5304 1356 5356 terram.
1370 5299 1427 5356 Sed
1441 5300 1530 5369 gioria
1552 5316 1649 5371 repam
1668 5303 1824 5371 maenianae

148 5390 309 5447 humilitate
341 5398 438 5463 gratos
469 5390 616 5459 exstiterit,
642 5390 729 5446 habet
761 5391 958 5460 commodam,
1008 5384 1155 5451 eumenem
1168 5394 1271 5467 (ibid).
1287 5396 1381 5467 lleges
1403 5394 1508 5450 merito
1530 5394 1723 5467 appellantur
1734 5394 1825 5452 telae

149 5484 223 5557 quod
240 5485 296 5540 fide
315 5486 449 5555 ereditur,
464 5488 574 5541 ratione
594 5485 752 5556 conjicitur,
770 5485 799 5540 in
813 5486 871 5541 tine
892 5502 956 5558 pro·
1009 5486 1050 5543 illi
1071 5491 1211 5559 pastores,
1224 5488 1274 5560 qui
1297 5504 1328 5544 se
1352 5502 1458 5562 suaque
1474 5488 1585 5561 optime
1604 5488 1762 5563 regebant.
1776 5488 1825 5554 Qui
1865 5518 1867 5533 ι

147 5578 273 5635 habitur.
288 5578 388 5633 Fidelis
409 5578 487 5633 enim
511 5579 593 5647 Deus,
613 5578 662 5650 qui
685 5579 859 5636 exhibitione
882 5596 958 5652 pres·
1008 5597 1169 5638 sermonem
1200 5581 1415 5655 investigantes,
1441 5587 1575 5639 venem
1599 5586 1627 5640 et
1652 5585 1824 5647 ὑιικιεινιιι,

145 5671 269 5729 sentiam
283 5669 412 5727 notificat
429 5673 669 5743 exspectationem
680 5673 853 5730 tatarorum.
1007 5677 1077 5732 sicut
1088 5676 1191 5732 dictum
1208 5680 1247 5732 est
1257 5676 1292 5733 de
1304 5690 1389 5748 pacm
1403 5676 1452 5733 bec
1463 5670 1551 5749 (hira,
1566 5676 1611 5749 u),
1623 5676 1680 5755 qul
1692 5680 1739 5737 est
1755 5678 1824 5736 Ιιοιυ

124 5790 127 5797 ’
151 5766 238 5827 ’νυνι
247 5767 391 5843 preterea
411 5764 555 5843 preclara
576 5781 691 5825 moram
711 5767 881 5827 documenta
907 5768 959 5825 oo-
1007 5768 1213 5827 bansdictosin
1227 5769 1343 5829 meula.
1355 5773 1457 5836 Amen.
