3750 6046
157 210 210 265 999
827 206 999 271 ANASTdSll
1019 208 1051 271 lV
1070 210 1166 273 PAPAE
1451 210 1456 221 '
1778 224 1841 281 tout

191 337 250 407 Ego
264 334 413 392 aribertus
427 336 574 411 presbyter
588 338 740 395 cardinatis
756 338 872 396 titulis.
896 343 972 396 Ana·
985 352 1014 425 A
1025 342 1205 410 munionem,
1219 358 1273 399 nec
1299 342 1464 405 interdictos
1477 345 1515 402 ad
1541 344 1634 403 officia
1654 362 1738 403 sacra
1756 349 1839 405 meci-

156 429 258 486 stasise.
1023 436 1112 506 piant.
1132 437 1217 492 Porro
1232 438 1379 493 eeclesiam
1396 439 1426 495 B.
1445 439 1538 496 llariae
1557 441 1705 498 Matricem
1729 456 1839 515 semper

190 525 249 596 ligo
261 525 383 582 loannes
395 525 543 598 presbyter
560 527 710 583 cardinalis
729 528 778 585 SS.
799 527 915 584 loannis
943 533 972 585 et
1021 529 1120 585 haberi
1137 531 1221 602 (sient
1235 531 1370 587 hactenus
1384 532 1480 589 habita
1499 537 1552 605 est)
1566 538 1595 590 et
1617 534 1677 591 illic
1696 535 1838 607 episcopa·

155 617 235 674 Pauli
250 619 332 675 titulo
347 620 492 675 Pamacliii
505 638 541 675 ss.
1021 624 1078 678 lem
1094 623 1273 680 decernimus
1287 625 1383 681 sedem
1395 643 1577 699 permanere,
1598 632 1629 683 et
1643 628 1710 697 tibi,
1732 628 1838 702 tuisque

190 713 250 785 Ego
259 713 323 769 Otto
338 712 473 770 diaconus
488 713 563 770 ca'rd.
579 714 608 771 S.
625 714 739 787 Georgii
754 716 791 772 ad
805 715 903 772 Telum
918 719 971 771 au·
1021 717 1228 772 suecessoribus
1252 720 1454 775 confirmamus
1476 738 1665 794 quascunque
1687 723 1840 793 possessio·

153 823 247 863 reum.
794 804 797 811 '
1022 827 1081 878 nes,
1098 827 1276 885 quecunque
1290 813 1474 870 bonaeadem
1489 816 1604 871 ecclesia
1620 816 1651 870 in
1668 817 1833 887 praesentis·

188 903 248 973 Ego
271 901 363 958 Guido
390 901 527 958 diaconus
549 902 578 958 S.
599 902 691 959 llariae
709 903 739 958 in
764 904 880 959 Porticu
901 903 967 960 sub·
1019 921 1084 959 rum
1111 906 1195 976 (juste
1208 909 1237 960 et
1257 907 1405 979 canonice)
1424 909 1561 980 possedit,
1584 914 1635 964 aut
1661 910 1835 967 infuturum

155 996 266 1067 scripsi.
1020 1000 1200 1055 concessione
1211 1001 1388 1071 pontillcum,
1405 1001 1554 1074 largitione
1567 1019 1684 1076 regum,
1697 1004 1743 1059 vel
1759 1005 1831 1076 prin·

187 1091 246 1160 Ego
257 1088 428 1161 Hyacinthus
446 1088 583 1146 diaconus
596 1090 749 1146 cardinalis
769 1090 798 1147 S.
820 1091 915 1146 llarioe
937 1091 967 1145 in
1018 1093 1125 1164 cipum,
1149 1093 1293 1149 oblatione
1314 1094 1452 1161 fidelium,
1468 1112 1518 1151 seu
1543 1096 1604 1151 aliis
1621 1096 1710 1168 justis
1736 1098 1833 1166 modis,

154 1183 316 1240 Cosmedin.
1018 1188 1075 1240 [teo
1098 1187 1231 1257 propitio,
1255 1189 1360 1258 poterit
1376 1188 1504 1260 adipisci,
1537 1188 1623 1245 firma
1644 1190 1710 1259 tibi,
1728 1192 1834 1263 tuisque

188 1278 247 1348 Ego
271 1277 410 1333 Gerendus
428 1276 564 1334 diaconus
589 1277 742 1334 cardinalis
768 1279 798 1337 S.
821 1279 916 1334 llarias
937 1280 966 1333 in
1017 1281 1222 1336 successoribus
1247 1285 1275 1336 et
1300 1281 1408 1336 illibata
1436 1289 1624 1354 permaneant
1650 1301 1657 1339 ε
1681 1284 1712 1339 in
1738 1286 1834 1357 quibus

151 1371 295 1427 Via-leta.
1016 1374 1079 1429 hoec
1094 1373 1216 1447 propriis
1238 1374 1371 1430 duximus
1394 1376 1583 1447 exprimenda
1600 1377 1762 1433 vocabulis.
1781 1379 1831 1434 Ab·

187 1464 338 1538 llgoOddo
360 1464 496 1521 diaconus
514 1464 667 1521 cardinalis
680 1466 707 1521 S.
728 1465 832 1522 Nicolai
850 1466 879 1521 iu
896 1467 965 1523 Gar·
1016 1467 1121 1522 baliam
1146 1469 1172 1522 S.
1191 1467 1332 1523 Benedicti
1356 1469 1521 1538 iuGarruls,
1545 1470 1699 1527 abbatiam
1727 1472 1758 1528 S.
1781 1473 1833 1528 lla-

152 1575 216 1616 cere
229 1577 264 1614 ss.
1015 1562 1066 1615 rive
1085 1561 1115 1615 in
1130 1564 1276 1628 cataneto,
1297 1561 1444 1618 abbatiam
1467 1564 1496 1619 S.
1524 1564 1639 1619 loannis
1665 1565 1696 1621 iu
1729 1567 1832 1636 Pesula,

187 1655 289 1709 Datum
310 1653 448 1718 Laterani,
469 1669 521 1722 per
547 1668 666 1708 manum
682 1653 814 1720 Rolandi,
832 1654 861 1709 S.
880 1653 914 1708 R.
933 1655 963 1708 E.
1018 1654 1168 1709 llbbotiam
1203 1655 1231 1710 S.
1254 1654 1368 1710 toannis
1396 1657 1425 1710 in
1454 1657 1610 1721 Seoreione,
1636 1659 1789 1715 eeclesiam
1807 1662 1831 1716 S.

151 1748 310 1820 presbytcri
336 1746 485 1802 cardinalis
518 1750 548 1802 el
577 1746 747 1810 cancellarii,
774 1763 789 1803 1
827 1722 1153 1817 KalendasBFlaviani,
1177 1765 1242 1803 cum
1263 1750 1371 1819 Castro,
1394 1750 1503 1818 Portus,
1529 1757 1557 1807 et
1583 1751 1720 1807 omnibus
1749 1754 1833 1824 perti·

150 1841 321 1910 Decembris,
346 1841 499 1896 indictione
519 1857 550 1910 n,
577 1840 780 1895 incarnationis
807 1841 965 1896 Dominicoe
1019 1842 1124 1897 nentiis
1146 1842 1213 1909 suis,
1245 1843 1415 1899 canonicam
1445 1844 1473 1899 S.
1499 1844 1633 1916 Sylvestri
1669 1846 1700 1900 in
1728 1847 1831 1916 Saline,

153 1938 232 2001 stas,
249 1935 429 2006 pontillcalus
442 1951 509 1991 vcro
531 1934 645 1990 Domini
668 1934 807 1989 anastasii
829 1951 912 2007 papae
935 1935 968 1990 tv
1018 1936 1116 1991 Plebes
1142 1937 1170 1993 S.
1193 1936 1285 1992 lteriae
1309 1938 1339 1992 in
1371 1937 1443 2005 vico,
1463 1937 1492 1993 S.
1508 1938 1602 1994 llariae
1623 1938 1654 1993 in
1669 1940 1789 2011 Vellete,
1806 1940 1832 1997 S.

152 2045 228 2086 anno
243 2029 347 2101 primo.
1017 2029 1092 2086 Petri
1116 2031 1145 2085 in
1172 2031 1313 2098 Bouiano,
1339 2031 1365 2087 S.
1389 2031 1463 2086 Petri
1479 2031 1508 2086 in
1530 2031 1639 2101 Abelio,
1655 2032 1682 2088 S.
1702 2032 1832 2091 Victorini

1016 2125 1163 2192 inGanali,
1190 2125 1217 2181 S.
1242 2125 1335 2180 llariae
1362 2126 1391 2180 in
1416 2127 1565 2196 Brazzano,
1589 2126 1615 2182 S.
1633 2127 1828 2184 Salvatorisin

448 2285 482 2298 ..
528 2167 584 2223 Vll.
682 2285 687 2298 ι
889 2285 894 2296 .
1016 2218 1183 2288 Pagliarolo,
1205 2218 1235 2274 S.
1256 2218 1400 2274 Laurentii
1422 2219 1450 2273 ln
1484 2218 1655 2287 Festiniano,
1671 2220 1703 2276 S.
1721 2221 1831 2277 llariiui

151 2286 331 2355 &²5⁵me
349 2286 482 2376 Apim
497 2284 762 2376 fim’sswlm‘lu‘
780 2299 963 2353 P⁰⁵⁸⁶⁸⁸²⁰⁷¹⁶⁵¹
1015 2312 1045 2366 in
1059 2313 1206 2383 iunipero,
1221 2312 1249 2368 S.
1264 2312 1357 2367 llariae
1372 2313 1400 2367 in
1416 2312 1509 2380 Predi,
1526 2313 1553 2368 S.
1570 2313 1651 2368 Pauli
1662 2313 1693 2369 iu
1718 2314 1830 2384 Ablata,

282 2370 390 2435 peteme
403 2365 524 2422 6ωάοΜ
539 2379 672 2434 mmm·
684 2365 833 2433 mmm·
1015 2405 1194 2461 S.Laurentii
1206 2406 1236 2459 in
1248 2405 1385 2475 Civitella,
1404 2405 1609 2461 monasterium
1623 2407 1653 2463 S.
1668 2407 1828 2465 sebastiani

399 2475 550 2547 immanis
569 2491 634 2530 ΠΜ·
652 2476 710 2545 27·)
1015 2500 1043 2554 in
1076 2500 1212 2566 Gemano,
1248 2499 1389 2555 civitatem
1417 2502 1617 2569 luteramnem,
1648 2518 1716 2556 cum
1747 2502 1831 2558 Vilica

323 2571 462 2640 lU‘Jflffl'r
480 2568 791 2639 ¹⁰¹¹is²⁵a⁰ffl2¹v357l
1014 2594 1166 2661 Carticula,
1202 2593 1375 2650 Suburbium
1402 2594 1429 2648 S.
1459 2593 1591 2662 Flaviani,
1620 2586 1688 2650 cum
1725 2595 1827 2667 insula,

182 2693 350 2746 Anasrssrus
387 2686 544 2757 episcopus,
584 2701 680 2740 servus
717 2701 863 2741 servorum
900 2686 958 2755 ltsi,
1013 2689 1185 2753 lllontonem,
1201 2687 1509 2759 ripamdeTortoreto,
1525 2689 1671 2753 etlanro,
1691 2688 1830 2746 medieta-

146 2801 210 2841 ven.
242 2782 324 2838 fratri
350 2795 463 2837 curnem
488 2779 635 2850 Aprutinae
662 2779 792 2834 Ecclesiae
820 2780 961 2851 episcopo,
1013 2784 1072 2836 tem
1088 2780 1195 2836 Pretnli
1218 2780 1363 2847 lavaroni,
1379 2781 1524 2848 Neretum,
1539 2782 1697 2849 Turenum,
1719 2784 1826 2839 Partem

147 2878 265 2948 ejusque
275 2872 483 2929 successoribus
495 2872 628 2927 canonice.
643 2872 859 2928 substituendis.
1013 2874 1144 2930 Gusbcrti
1171 2875 1201 2929 in
1222 2874 1368 2943 Oloriano,
1391 2875 1506 2929 Terram
1526 2875 1653 2931 illiorum
1672 2877 1827 2933 llontaeelli

181 2975 260 3031 Sicut
280 2973 386 3044 injusta
412 2969 593 3043 poscentibus
617 2971 712 3025 nullus
727 2974 770 3025 est
791 2971 962 3025 tribuendus
1012 2968 1159 3036 Gualterii‚
1189 2972 1217 3023 et
1239 2969 1382 3041 Raynerii,
1414 2970 1529 3037 Lucum,
1556 2970 1665 3026 Gollem
1691 2973 1824 3041 vetulum,

146 3068 272 3135 effectus,
288 3065 338 3121 sed
349 3066 476 3137 legitime
491 3063 714 3118 desiderantium
727 3066 792 3130 lnon
814 3067 858 3118 est
877 3064 958 3120 diffe·
971 3086 998 3161 C
1012 3063 1164 3133 Rapinuns,
1183 3061 1317 3125 ilianum,
1330 3065 1481 3119 Terrarum
1496 3062 1621 3118 liliorum
1636 3063 1822 3132 albertionis,

53 3200 56 3205 -
144 3163 234 3219 reuda
248 3159 362 3232 petitio;
379 3159 434 3214 luis
454 3159 560 3229 itaque,
582 3157 683 3213 dilecte
699 3157 728 3212 in
742 3157 852 3213 Christo
875 3158 960 3213 frater
1011 3157 1174 3224 sorcetlam,
1196 3156 1383 3227 Capralicum.
1411 3162 1515 3213 terram
1528 3157 1823 3215 CanonisdeGuieta·

146 3258 291 3329 episcope,
318 3253 452 3325 precibus
475 3256 633 3307 annuentes
658 3251 693 3306 ad
727 3257 894 3324 perpetuam
926 3253 956 3308 S.
1009 3251 1068 3320 riis,
1083 3250 1202 3323 podium
1216 3250 1322 3304 seilicet
1336 3251 1536 3323 cantalupum,
1554 3251 1745 3307 medietatem
1759 3252 1819 3308 Ger·

68 3390 73 3399 -
145 3350 289 3423 aprutinae
306 3347 429 3404 ecelesias
449 3363 548 3418 pacem
568 3350 596 3401 et
615 3344 792 3401 nobilitatem
810 3346 986 3417 praesentis·
1009 3345 1144 3411 maniani,
1171 3348 1285 3415 partem
1302 3343 1397 3412 Bizini,
1420 3343 1572 3400 civitellam
1584 3344 1819 3419 Coloniam,psr-

49 3497 53 3505 .
142 3443 246 3500 decreti
261 3441 415 3498 stabilitate
436 3440 587 3507 sancimus,
601 3444 634 3494 ul
654 3438 794 3494 universus
813 3439 958 3510 parochiae
1008 3445 1067 3494 tem
1081 3439 1115 3494 de
1134 3438 1246 3507 Gazino,
1260 3440 1288 3492 et
1300 3438 1336 3492 de
1360 3442 1419 3493 tota
1439 3442 1515 3493 terra
1534 3440 1561 3495 S.
1583 3439 1705 3495 lt'icolai.
1725 3441 1820 3496 [tecer-

141 3539 215 3594 llnes
229 3537 338 3609 (sicula
352 3534 406 3590 tuis
419 3533 673 3606 predecessoribus
684 3549 774 3604 usque
789 3533 873 3587 hodie
892 3550 956 3604 pos·
1007 3534 1104 3588 nimus
1117 3533 1213 3605 igitur,
1229 3536 1259 3588 ut
1271 3531 1467 3589 nulliomnino
1487 3532 1641 3587 hominum
1654 3532 1818 3605 liceatproe·

141 3633 212 3689 sossi
232 3632 309 3702 sunt)
329 3629 368 3685 ita
394 3630 512 3684 omniuo
532 3634 589 3684 tam
611 3627 662 3684 tibi
674 3627 831 3699 quamttuis
846 3644 955 3683 succes·
1006 3627 1092 3683 iatam
1112 3627 1262 3682 Ecclesiam
1287 3630 1393 3681 temere
1418 3626 1598 3698 perturbare,
1613 3631 1666 3682 aut
1678 3626 1742 3699 ejus
1756 3643 1816 3698 pos·

141 3726 252 3783 sonibus
264 3725 294 3779 in
308 3726 477 3796 perpetuum
505 3724 718 3778 conserventur.
745 3720 798 3785 Orsi
826 3721 957 3777 videlicet
1007 3722 1145 3776 sessiones
1166 3721 1288 3787 avilerre,
1304 3720 1349 3775 vel
1369 3719 1478 3774 ablatas
1497 3719 1639 3787 detinere,
1656 3721 1699 3775 vel
1720 3720 1818 3792 iniusto

140 3822 211 3876 llnes
225 3837 242 3874 a
256 3818 347 3890 capite
361 3816 482 3873 Vomani
498 3832 549 3887 per
562 3816 651 3886 ipsam
663 3815 856 3870 summitatem
873 3832 953 3870 mon·
1006 3816 1104 3881 datus,
1117 3814 1173 3869 suis
1195 3814 1292 3869 usibus
1311 3813 1464 3879 vindicare,
1484 3813 1629 3882 minuere,
1644 3813 1690 3870 vel
1698 3819 1817 3870 temera·

140 3915 186 3982 tis,
200 3929 289 3985 usque
304 3913 333 3967 in
354 3911 447 3965 rivum
470 3909 520 3980 qvii
538 3909 662 3964 decurrit
689 3908 763 3963 inter
784 3909 955 3964 Aeculanum
1005 3909 1054 3964 riis
1074 3909 1265 3964 vexationibus
1286 3908 1420 3978 fatigare,
1440 3908 1488 3963 sod
1510 3908 1606 3963 omnia
1631 3907 1746 3981 integra
1760 3923 1818 3963 con·

141 4007 318 4071 comitatum,
333 4009 362 4059 et
371 4004 554 4075 Aprutium,
568 4008 597 4058 et
617 4019 670 4074 per
684 4002 842 4069 carrufum,
866 4019 955 4075 usque
1005 4005 1221 4058 serventurtam
1235 4003 1296 4074 ejus
1311 4019 1397 4076 quam
1412 4002 1591 4069 clericorum,
1603 4005 1634 4057 et
1658 4016 1817 4075 pauperum

141 4108 217 4157 trans
248 4099 366 4153 iluvium
403 4097 512 4163 Tsenti,
543 4096 579 4151 ad
610 4097 765 4152 confinium
794 4097 870 4168 quod
914 4097 954 4152 ibi
1005 4098 1101 4153 usibus
1132 4097 1282 4169 profutura
1314 4096 1399 4168 (salva
1433 4097 1463 4151 in
1493 4095 1629 4151 omnibus
1656 4096 1816 4169 apostolice

140 4192 303 4251 decernitur
317 4190 445 4263 usquein
459 4205 547 4259 mare,
564 4192 592 4244 et
617 4206 669 4260 per
698 4189 783 4244 maris
807 4207 897 4262 usque
922 4190 952 4245 in
1004 4192 1079 4246 sedis
1092 4190 1313 4259 auetoritatelSi
1328 4191 1390 4262 quis
1400 4189 1488 4263 igitur
1501 4189 1530 4244 in
1544 4191 1694 4260 posterum
1703 4190 1814 4246 Archis-

138 4288 256 4344 lluvium
284 4285 403 4341 Vomani
427 4300 488 4340 esse
503 4289 668 4351 cernuntur,
685 4284 760 4339 inter
773 4300 844 4355 quos
869 4285 951 4353 finos,
1003 4286 1144 4356 piscopus,
1160 4285 1318 4357 episcopus,
1335 4285 1501 4355 imperator,
1516 4286 1567 4338 aut
1587 4299 1650 4353 rex,
1671 4284 1815 4355 princeps,

137 4396 315 4455 quaecunque
341 4377 454 4449 oppida,
471 4393 648 4449 quaeeunque
669 4376 752 4444 rillae,
773 4393 951 4449 quaeeunque
1005 4384 1055 4434 aut
1076 4379 1141 4448 dux,
1167 4395 1274 4447 comes,
1295 4381 1326 4435 V.
1344 4395 1449 4446 comes,
1471 4376 1573 4449 judex,
1597 4377 1753 4445 Castaldio,
1771 4378 1817 4432 aut

136 4476 244 4549 plebes,
260 4489 438 4547 qriaecunqne
461 4470 591 4526 Ecclesiae
615 4471 675 4526 sitae
694 4474 769 4537 evivit,
788 4459 1191 4544 antimpostcelesiastica
1206 4473 1525 4545 saecularisvepersona,
1540 4471 1614 4526 hanc
1633 4478 1742 4528 nostre
1756 4487 1816 4527 cou-

135 4577 229 4626 terum
243 4566 414 4634 lvrerint,sub
428 4569 478 4621 tua
492 4571 520 4620 et
532 4571 648 4620 tuorum
667 4565 871 4621 catholicorum
889 4582 951 4622 suc·
1004 4567 1159 4622 stitutionis
1174 4568 1309 4639 paginam
1324 4568 1426 4636 sciens,
1441 4571 1617 4622 contrusam
1634 4571 1743 4622 temere
1757 4571 1813 4621 tsn-

136 4679 278 4720 cessorum
312 4661 467 4733 episcopali
505 4660 678 4732 providentia
710 4665 738 4714 et
770 4659 952 4730 dispositione
1002 4660 1111 4729 evei-it,
1128 4666 1181 4716 etc.
1198 4663 1300 4716 Amen.

136 4761 334 4831 permaneant,
352 4758 432 4810 etex
453 4754 493 4810 eis
514 4753 646 4809 omnibus
670 4753 842 4825 episcopalia
870 4753 951 4809 vobis
1040 4756 1097 4826 Ego
1109 4755 1273 4812 anastasius
1287 4754 1432 4810 catholicae
1447 4751 1575 4809 Ecclesia
1586 4752 1751 4826 episcopus.

132 4851 197 4925 jura
223 4853 378 4917 solvantur,
400 4852 457 4903 tam
477 4849 506 4903 in
529 4848 696 4903 elericorum
715 4847 950 4918 ordinationibus,
1038 4850 1096 4919 Ego
1121 4849 1272 4921 Gregorius
1296 4849 1443 4921 presbyter
1468 4846 1621 4902 cardinalis
1646 4846 1691 4902 til.
1708 4847 1739 4903 S.
1766 4846 1813 4902 Ga·

137 4953 166 5002 ct
187 4944 369 5002 ecelesiarum
383 4941 656 5011 consecrationibus,
671 4957 758 5013 quam
778 4941 808 4995 iu
836 4941 951 4997 redditu
1002 4943 1074 4998 listi.

136 5039 312 5095 decimarum
326 5043 355 5092 et
372 5035 559 5103 oblationum,
583 5036 640 5090 sive
667 5035 695 5089 in
714 5035 949 5106 correctionibus,
1037 5040 1095 5109 Ego
1114 5036 1273 5093 Manlredus
1287 5035 1381 5109 presb.
1397 5035 1473 5090 card.
1489 5034 1532 5090 tit.
1546 5035 1576 5091 S.
1591 5034 1719 5091 Sabinae.

135 5132 373 5204 delinquentium.
398 5131 471 5186 Sane
495 5130 571 5185 illam
596 5130 805 5185 monachornm
833 5147 950 5203 pravam
1036 5131 1336 5204 Egonllicrtuspresb.
1352 5130 1428 5185 card.
1442 5129 1487 5184 tit.
1501 5129 1528 5185 S.
1540 5130 1709 5185 anastasiae.

135 5226 401 5298 praesumptionem,
416 5240 480 5297 quie
495 5223 613 5295 (partim
627 5224 826 5296 episcoporum
851 5224 951 5279 absen-
1036 5227 1095 5298 Ego
1107 5226 1276 5283 Octavianus
1285 5224 1379 5297 presb.
1396 5223 1473 5279 card.
1488 5224 1515 5279 S.
1530 5222 1661 5281 Caeciliae.

133 5321 183 5388 tia,
197 5320 303 5392 partim
323 5334 423 5373 eorum
436 5317 600 5389 pervicacia)
618 5318 647 5372 in
660 5318 867 5390 aprutinorum
882 5319 948 5373 lini·
1036 5321 1094 5393 Ego
1117 5320 1239 5376 ioannes
1264 5319 1359 5391 presb.
1384 5318 1460 5374 card.
1487 5316 1531 5372 til.
1561 5316 1608 5374 SS.
1622 5318 1667 5373 to.
1680 5321 1711 5375 et
1735 5314 1812 5374 Psuli

131 5414 185 5471 bus
199 5413 326 5479 inolevit,
351 5411 436 5467 modo
451 5411 675 5482 inhibemus,lut
702 5428 753 5467 uec
776 5412 949 5484 baptismum
999 5414 1152 5471 Pamacliii.

132 5508 252 5565 ulterius
264 5506 296 5562 in
316 5505 494 5562 monasteriis
505 5504 624 5569 faciant,
639 5522 691 5561 nec
709 5507 744 5561 ad
766 5506 947 5563 intirmorum
1035 5511 1093 5580 Ego
1116 5508 1232 5565 Gentius
1256 5506 1362 5579 presb:
1376 5506 1451 5562 card.
1476 5504 1520 5561 tit.
1545 5504 1574 5561 S.
1611 5504 1760 5563 Laurentii
1782 5503 1812 5561 in

118 5602 275 5658 unctiones
286 5600 322 5657 de
335 5598 468 5656 claustris
487 5599 547 5655 suis
571 5598 712 5674 progredi
735 5600 870 5671 audeant,
897 5617 947 5658 nec
998 5601 1113 5658 bucina.

97 5695 142 5749 ed
158 5694 372 5766 penitentiam
391 5694 612 5770 injungendam
638 5698 798 5773 populares
816 5714 956 5773 personas
1038 5698 1103 5771 ligo
1125 5695 1207 5753 uado
1232 5695 1309 5751 diae.
1332 5694 1410 5750 eard.
1429 5694 1480 5749 ut.
1502 5692 1534 5750 S.
1558 5692 1645 5751 Geor.
1666 5692 1810 5753 adratum

75 5785 257 5864 admittant,
271 5807 332 5849 nee
343 5789 535 5869 abepiscopo
540 5795 820 5855 excommunicatos
832 5795 872 5853 ad
880 5811 964 5855 com·
1018 5798 1160 5855 aureum.

20 5941 33 5969 ῖ

20 5982 28 6007 Ι.
