3750 6046
76 228 130 289 653
497 228 654 289 HISTORIA
673 229 943 291 ECCLESthTICA.
959 259 994 270 —-
1009 230 1096 286 PARS
1115 230 1160 286 Ill.
1174 258 1209 271 -
1225 231 1289 287 LlB.
1309 230 1353 285 lx.
1472 266 1477 273 ·
1704 232 1756 288 bid

70 357 119 411 ΙΙΙ.
137 355 257 413 canalia
273 357 303 410 in
323 355 449 427 pentibus
468 357 643 414 Normanniae
665 359 810 414 celebrata,
830 355 1082 440 Bel-Atinillelmi
1104 359 1185 425 reqis,
1208 361 1233 410 et
1254 371 1314 411 cum
1332 355 1429 411 eisdem
1449 355 1707 420 eorssuetudinibus3
1729 361 1754 410 et

297 437 353 492 lum
367 452 474 493 militm
485 439 664 508 Plaedl'fflfflt'·
939 450 1011 522 quod
1024 451 1115 505 nullus
1134 450 1221 504 laicus
1238 451 1477 520 participationem
1498 448 1595 504 habeat
1618 451 1648 503 in
1672 451 1754 504 tertia

106 542 276 598 Guillelmus
299 542 387 614 igitur
407 543 639 617 archiepiscopus
657 544 808 600 concilium
830 545 885 598 Ro·
936 544 1244 616 par·tedecimae,vetin
1258 544 1410 613 sepultura,
1424 544 1467 597 vei
1486 546 1517 597 in
1536 542 1670 598 oblatione
1685 544 1756 598 alta-
1854 588 1858 593 .

68 636 203 708 ihomagi
225 637 404 710 aggregavit,
419 643 447 693 et
462 654 528 694 cum
543 638 731 711 suffraganeis
750 637 888 710 episcopis
938 641 986 702 ris,
1001 654 1048 693 aec
1070 640 1220 697 servitium,
1236 653 1282 692 nee
1295 638 1417 707 aliquam
1435 639 1602 692 exactionem
1625 637 1687 691 inde
1706 652 1754 692 en-

71 730 110 787 da
131 731 302 786 utilitatibus
323 731 519 788 ecclesiasticis
538 733 680 788 tractavit.
693 733 771 788 Tunc
790 748 888 787 omnes
937 735 1005 804 iqat.
1019 737 1120 803 prater
1133 747 1192 786 eam
1206 747 1264 802 quae
1278 736 1395 801 tempore
1413 730 1553 787 Guillelmi
1566 733 1637 800 reqis
1652 733 1754 787 consti·

69 841 174 881 mensa
186 824 339 881 Februario
350 823 441 899 [1096]
455 827 669 897 Rotbomagum
681 828 887 893 convenerunt,
940 832 1001 881 tuta
1013 828 1080 894 tuit.

68 918 196 991 capitula
208 918 321 990 synodi,
333 936 396 992 qua
411 920 487 991 apud
498 921 742 977 clarummontem
751 920 824 976 iacta
836 926 888 987 est,
975 924 1000 975 6.
1022 922 1127 977 Statuit
1152 921 1235 973 etiam
1257 924 1289 973 ut
1310 919 1403 973 nullus
1424 919 1511 973 laicus
1530 919 1575 973 det
1591 918 1633 974 vel
1648 919 1754 974 adimat

70 1011 248 1068 unanimiter
262 1012 448 1085 contemplati
464 1019 540 1070 sunt.
556 1015 630 1071 Scita
644 1030 758 1087 quoque
776 1018 888 1086 aposto·
935 1014 1119 1084 presbyterum
1135 1013 1248 1068 ecclesia
1261 1014 1319 1067 sine
1332 1027 1458 1068 semensa
1478 1014 1614 1082 praesulis,
1631 1028 1677 1068 nec
1688 1029 1752 1068 ven·

67 1106 127 1162 lica
140 1106 391 1177 confirmaverunt,
404 1113 430 1164 al
441 1108 607 1180 hujusmodi
618 1109 755 1180 scriptum
768 1107 889 1181 posteris
939 1108 998 1170 dat,
1014 1122 1061 1163 nec
1070 1108 1217 1178 pecuniam
1233 1106 1296 1160 inde
1313 1108 1431 1176 accipiat
1440 1123 1449 1174 ;
1472 1121 1503 1160 oc
1520 1111 1551 1160 ut
1569 1107 1663 1162 nullus
1678 1107 1755 1161 homo

68 1199 256 1256 dimiserunt.
940 1217 1042 1257 comem
1065 1203 1182 1262 nutnat,
1197 1199 1244 1256 sed
1257 1201 1292 1255 sit
1314 1204 1416 1262 tonsus,
1432 1201 1502 1253 sicut
1526 1199 1599 1256 decet
1621 1200 1752 1258 chnsna-
1850 1268 1853 1277 Ι

107 1297 131 1348 l.
153 1294 260 1350 Statuit
284 1294 407 1364 synodus
428 1299 535 1355 seinata.
549 1298 580 1349 ut
602 1297 687 1350 trevia
709 1296 759 1350 Dei
777 1295 892 1364 tirmiter
940 1310 1016 1351 num.
1035 1295 1167 1364 Alioquin
1186 1309 1204 1348 a
1221 1293 1360 1347 liminibus
1380 1300 1483 1348 sancta
1504 1295 1600 1348 manis
1621 1293 1754 1357 Ecclesiae,

65 1387 253 1450 custodiatur,
267 1403 285 1442 a
298 1389 441 1443 Dominica
457 1388 500 1443 die
516 1394 578 1443 ante
592 1392 673 1458 caput
685 1388 795 1458 jejunii,
809 1402 891 1458 usqne
940 1388 1163 1458 sequestrabitur,
1184 1402 1231 1441 nec
1249 1386 1374 1441 sacerdos
1392 1387 1492 1457 aliquis
1511 1387 1635 1442 diuinum
1653 1389 1678 1442 ei
1695 1388 1755 1456 offl-

67 1481 109 1534 ad
122 1480 271 1536 secundam
285 1483 396 1549 terion,
410 1484 512 1537 amente
533 1483 597 1543 sole,
612 1488 674 1552 post
694 1486 801 1537 octovas
819 1484 890 1537 Pen-
940 1483 1010 1537 mum
1023 1483 1116 1548 facim,
1129 1481 1171 1535 vel
1185 1480 1242 1549 ejus
1254 1481 1403 1550 sepultura
1414 1483 1547 1536 intererit.
1559 1481 1659 1537 Nullus
1672 1481 1756 1536 laicus

65 1578 194 1638 tecostes,
216 1581 242 1629 et
263 1580 399 1644 aquaria
419 1577 492 1642 seria
514 1580 576 1629 rente
596 1575 752 1631 Adventum
772 1576 889 1636 Domini,
941 1575 1037 1630 habeat
1056 1574 1261 1629 consuetudines
1284 1574 1454 1644 episcopales,
1473 1574 1515 1629 vel
1533 1573 1673 1643 justitiam
1694 1590 1755 1644 quae

65 1667 203 1724 occidente
220 1668 283 1731 sole,
307 1683 392 1739 usque
415 1670 452 1724 ad
474 1675 586 1724 oetecvas
605 1670 784 1739 Epiphania3
800 1672 826 1724 et
841 1683 892 1739 per
939 1670 1058 1739 pertinet
1072 1668 1110 1723 od
1124 1683 1216 1723 curam
1229 1668 1401 1722 animarum!

65 1777 160 1817 omnes
182 1760 364 1817 hebdomadas
387 1764 467 1825 anni,
491 1778 509 1817 a
532 1767 631 1832 quarta
651 1764 734 1830 suia,
755 1752 927 1823 occidenteB
975 1766 1001 1817 7.
1015 1762 1113 1818 Nullus
1123 1761 1488 1833 presbyteresficiaturhorno
1501 1763 1575 1825 laici,
1589 1763 1655 1831 qnia
1665 1762 1756 1832 indiq-

63 1855 132 1922 sole,
148 1870 232 1924 usque
256 1855 295 1910 od
316 1856 460 1911 secundam
480 1857 714 1925 seriam,.criente
735 1857 799 1917 sole,
815 1862 841 1910 et
861 1857 890 1910 in
939 1871 1004 1910 num
1029 1859 1068 1910 est
1088 1861 1120 1910 ut
1141 1870 1238 1910 miccius
1260 1857 1312 1909 Deo
1337 1861 1507 1915 consecrata,
1529 1860 1554 1909 et
1577 1869 1628 1926 per
1647 1869 1755 1910 sacram

64 1948 193 2004 omnibus
217 1948 295 2015 sestis
312 1948 419 2005 Sancta
442 1951 548 2013 Maria,
570 1955 596 2004 et
618 1950 720 2018 viqiliis
738 1964 840 2012 eorum,
865 1953 890 2005 et
938 1951 1091 2003 unctionem
1105 1951 1292 2018 sanctificata,
1312 1950 1458 2003 mittuntur
1483 1949 1553 2004 inter
1578 1963 1676 2003 manus
1698 1963 1753 2003 non

63 2043 96 2096 in
115 2041 240 2097 omnibus
264 2043 342 2108 testis
364 2043 546 2114 apostolorum
561 2049 586 2099 et
605 2044 707 2113 uigiliis
727 2058 836 2110 eorum;
857 2048 889 2097 ut
939 2048 1124 2108 consecratam
1140 2045 1207 2112 qnia
1220 2046 1260 2097 est
1279 2047 1327 2095 out
1346 2042 1490 2104 homicida,
1505 2048 1555 2096 aut
1570 2040 1688 2105 ecdulter,
1703 2046 1755 2097 out

65 2135 164 2189 nullus
178 2133 255 2189 homo
284 2135 371 2191 alium
390 2136 514 2199 assaliat,
535 2142 584 2191 aut
602 2137 735 2200 vulneret,
751 2139 802 2191 aut
821 2137 888 2192 occi·
938 2134 1076 2205 eeqeulibet
1095 2135 1360 2205 criminalispeccoti
1381 2135 1521 2191 obnonius.
1537 2135 1590 2192 Sed
1603 2135 1755 2202 sitandam

65 2227 129 2289 dat,
143 2228 236 2282 nuilus
248 2230 569 2300 namnumoelpradam
584 2233 688 2301 capiat.
938 2246 956 2283 a
982 2230 1051 2284 laico
1073 2228 1196 2284 sacerdos
1221 2230 1345 2290 tenuerit,
1372 2227 1445 2297 quod
1472 2228 1511 2283 od
1536 2228 1675 2283 ecclesiam
1700 2243 1754 2284 non

101 2326 130 2377 t.
144 2320 251 2379 Statuit
263 2324 346 2377 etiam
359 2329 391 2377 at
409 2338 499 2380 omnes
516 2325 630 2380 ecclesie
649 2328 674 2379 el
694 2324 767 2378 atria
784 2337 887 2385 earum,
934 2324 1080 2393 pertineat,
1108 2323 1189 2377 tatem
1209 2323 1297 2389 facien
1319 2323 1345 2376 ei
1366 2320 1527 2390 fidelitatem
1551 2321 1625 2392 quod
1644 2336 1754 2378 neurus

64 2419 92 2471 et
109 2417 236 2472 monachi
251 2422 277 2472 et
291 2417 393 2479 clerici,
416 2422 442 2472 ct
457 2418 678 2474 sanctimoniales
692 2401 718 2472 et
731 2418 849 2483 semine,
862 2422 889 2471 et
937 2419 985 2471 sil.

62 2511 208 2581 peregrini
219 2515 245 2567 et
264 2516 428 2567 mercatores
449 2516 474 2566 et
492 2512 596 2579 tremuli
610 2526 710 2577 eorum
728 2516 753 2565 et
775 2511 850 2566 boves
863 2514 889 2566 et
974 2511 1037 2566 llaec
1060 2510 1157 2580 itaque
1179 2509 1364 2577 Gislebertus,
1388 2507 1565 2565 Ebroicansis
1590 2507 1751 2580 episcopus,

66 2606 132 2674 equi
145 2610 257 2661 arantes
271 2610 297 2660 et
309 2607 429 2660 homines
443 2618 571 2661 carrucas
589 2605 712 2661 ducentes
734 2611 759 2660 et
780 2605 887 2660 hercea-
938 2603 987 2676 qui
1006 2619 1057 2659 sua
1077 2602 1248 2675 proceritatc
1269 2602 1533 2675 cognominabatur
1544 2602 1629 2672 Grus,
1645 2606 1675 2659 et
1688 2603 1753 2658 Ful·

64 2702 137 2753 tores
149 2704 176 2754 et
190 2700 254 2768 equi
265 2698 299 2754 de
313 2700 411 2770 quibus
425 2699 562 2766 herceant,
577 2704 603 2754 et
613 2699 731 2755 homines
744 2699 782 2754 od
795 2713 889 2754 carine·
904 2730 908 2735 ·
936 2697 1044 2765 bertus,
1057 2698 1298 2769 Roibomngensis
1312 2696 1543 2767 archidiaconus,
1555 2696 1626 2752 scita
1638 2701 1753 2769 patrum

64 2806 112 2846 cas
131 2793 319 2860 traiecisset
338 2807 427 2847 omnes
448 2797 526 2848 terra
547 2797 703 2849 seenetorum
722 2797 747 2849 et
767 2793 888 2863 persenia
937 2792 1029 2863 palam
1047 2791 1309 2863 promulgaverunt.
1326 2792 1359 2846 Et
1375 2790 1543 2846 Guillelmus
1563 2789 1752 2862 archiopisco-

64 2885 232 2949 chricoram,
253 2889 386 2956 perpetuo
399 2887 455 2942 sint
479 2888 509 2940 in
530 2901 616 2956 pace;
643 2892 674 2940 ut
695 2888 724 2940 in
745 2886 822 2941 nullo
844 2885 888 2940 die
936 2901 1000 2957 pus,
1014 2884 1117 2956 aliique
1136 2885 1273 2956 praesules
1287 2884 1457 2940 auctoritate
1478 2900 1529 2938 sua
1543 2884 1749 2940 corroborare·

63 2979 171 3049 aliquis
190 2978 292 3035 audeat
312 2993 356 3034 eos
371 2980 495 3043 assalire,
509 2981 552 3035 vel
571 2992 676 3050 capere,
691 2980 735 3034 oei
753 2978 887 3050 praedari,
937 2984 1013 3033 runt.
1029 2977 1089 3034 Odo
1108 2978 1215 3051 quippo
1232 2978 1393 3049 bajocensis
1415 2981 1445 3033 et
1466 2977 1639 3033 Gislebcrtus
1662 2978 1753 3033 Loxa·

65 3073 111 3127 vel
124 3072 222 3142 aliquo
235 3073 314 3128 modo
328 3073 471 3144 impedire.
937 3072 1049 3140 niensis,
1067 3072 1202 3143 Turgisus
1223 3071 1434 3127 abrincatensis
1458 3075 1487 3128 et
1510 3072 1588 3128 Serto
1610 3070 1755 3143 sagiensis
1856 3090 1862 3099 ·

101 3168 129 3221 3.
144 3166 249 3223 Statuit
270 3168 352 3221 etiam
372 3171 404 3221 ut
424 3182 513 3222 omnes
531 3166 649 3222 homines
667 3181 684 3219 a
706 3181 746 3220 111
767 3167 845 3221 tennis
858 3171 883 3220 et
895 3122 923 3197 C
935 3172 1021 3237 atque
1036 3165 1171 3220 hadulfus
1192 3164 1417 3221 constantiensis
1436 3165 1586 3237 preafatam
1609 3163 1753 3237 synodum

63 3274 161 3331 supra,
182 3259 273 3327 iurent
293 3261 363 3315 hane
384 3263 601 3316 constitutionem
623 3262 713 3315 trevie
734 3261 790 3322 liei,
814 3261 884 3315 sicut
933 3258 1230 3316 sanxeruntltbbates
1252 3275 1364 3332 quoque
1387 3257 1475 3314 totius
1498 3258 1662 3331 provinciae,
1681 3274 1750 3314 cum

63 3353 108 3408 hic
120 3353 305 3409 determinato
318 3358 368 3416 est,
386 3369 420 3409 ea
431 3356 535 3423 integro
550 3369 576 3410 se
588 3358 751 3417 servaturos,
767 3353 819 3407 tali
833 3353 881 3421 ju·
932 3353 1019 3421 clero,
1033 3356 1062 3408 et
1079 3355 1159 3423 parte
1174 3368 1326 3424 procorum
1346 3367 1445 3424 pacem
1464 3352 1626 3423 optantium
1645 3352 1750 3408 adinc-

62 3451 211 3502 ramento:
231 3466 246 3497 a
267 3449 322 3503 Hoc
342 3448 472 3511 audiatis,
495 3463 550 3510 vos,
574 3449 621 3511 Ν..
642 3446 715 3517 quod
732 3446 830 3501 amodo
852 3448 883 3501 in
932 3449 1008 3502 runt.
1023 3445 1158 3501 Praesules
1170 3445 1307 3501 nimirum
1320 3462 1352 3502 es
1365 3446 1442 3501 bona
1456 3446 1601 3501 voluntate
1615 3462 1744 3501 commo·

63 3545 149 3597 antea
170 3541 240 3597 hanc
258 3543 476 3596 constitutionem
494 3544 585 3596 trevia
606 3542 663 3603 Dei,
686 3542 755 3595 sicut
772 3538 815 3594 hic
834 3540 881 3594 de·
932 3540 1047 3595 dissime
1072 3542 1244 3595 statuerunt.
1272 3540 1337 3607 Sed,
1361 3539 1511 3610 principali
1536 3539 1647 3610 justitia
1673 3540 1746 3594 dafl-

62 3637 212 3691 terminato
235 3639 284 3698 est,
306 3635 423 3704 fideliter
445 3635 618 3697 custodiam,
637 3641 661 3689 et
683 3638 776 3689 contra
795 3648 883 3689 omnes
930 3633 1031 3702 ciente,
1046 3632 1083 3689 ad
1097 3633 1326 3688 emolumentum
1338 3632 1534 3688 ecclesiasticae
1549 3632 1745 3704 tranquillita-

64 3731 114 3799 qui
130 3729 201 3783 hanc
215 3729 313 3798 jurare
331 3731 547 3800 contempserint,
562 3729 604 3783 vel
624 3729 692 3783 hanc
712 3729 881 3783 corstitutio-
932 3728 968 3782 tis
982 3742 1084 3799 parum
1098 3728 1290 3799 proiecerunt.
1306 3727 1377 3781 Nam
1394 3742 1517 3797 quaeque
1531 3729 1610 3793 tuuc,
1624 3730 1655 3781 ut
1675 3742 1751 3798 prce-

62 3837 125 3878 nsm
135 3837 245 3878 mruare
263 3823 411 3892 noluerint,
425 3826 545 3893 episcopo
558 3824 600 3878 vei
619 3821 808 3877 <archidiacono
826 3836 882 3877 meo
933 3823 1060 3877 taxmum
1070 3824 1121 3888 est,
1136 3820 1322 3876 deffinierunt
1335 3824 1364 3876 et
1376 3836 1452 3893 pene
1469 3819 1551 3875 irrita
1566 3820 1691 3876 fuerunt.

64 3916 205 3972 emesam
218 3918 318 3984 ream,
334 3919 376 3972 era
389 3921 431 3981 ol,
446 3919 472 3971 n·
489 3933 530 3972 me
541 3916 749 3972 mariamniae
763 3916 883 3970 enacim
932 3929 1277 3985 cenomannensium.
1293 3930 1389 3984 reseas
1402 3930 1512 3983 nemea
1525 3931 1551 3982 ee
1564 3928 1752 3984 metereaque

63 4025 146 4080 supa
168 4025 221 4075 eos,
240 4026 286 4066 nec
308 4010 465 4082 dilucium,
480 4027 526 4067 nec
545 4010 731 4075 dissimulabo,
755 4009 802 4065 sed
822 4024 882 4065 cum
1108 4008 1257 4078 siqnatiad
1269 4009 1448 4064 Palaestinam
1459 4014 1591 4078 perqunt.

63 4107 150 4161 armis
169 4107 235 4160 meis
255 4121 315 4160 eum
335 4108 394 4176 ipso
411 4107 577 4176 proficuoar,
591 4111 618 4160 et
637 4105 770 4167 omnihus,
785 4103 883 4173 quibus
968 4107 1034 4162 Erat
1049 4107 1129 4163 enim
1144 4123 1178 4163 eo
1191 4111 1321 4180 tempore
1337 4107 1409 4162 mira
1422 4106 1524 4162 seditio
1538 4106 1614 4163 inter
1627 4105 1750 4179 optima·

60 4198 499 4270 parecjmaooaoversusillcs
517 4214 567 4269 per
580 4199 660 4269 idem
678 4201 736 4254 sine
753 4197 825 4253 malo
839 4199 881 4252 in·
931 4203 973 4256 tes
998 4200 1196 4268 Normanniae,
1226 4203 1255 4255 et
1279 4199 1390 4256 discolis
1411 4217 1464 4272 per
1488 4204 1577 4255 totam
1599 4198 1752 4273 regionam

61 4294 153 4361 qenio,
177 4292 326 4349 secundum
349 4309 436 4349 meam
456 4294 654 4348 conscientiam.
678 4294 723 4350 Sic
744 4295 815 4350 Deras
841 4307 883 4348 me
933 4293 1048 4366 grandis
1065 4299 1183 4350 conatus
1203 4299 1231 4350 at
1246 4293 1403 4349 violentum
1416 4294 1458 4349 ias
1472 4294 1560 4349 iurari
1575 4309 1625 4349 seu
1639 4308 1750 4366 rapere.

63 4385 190 4456 adjuvet,
201 4391 228 4443 et
242 4388 289 4442 isti
299 4390 399 4443 sancti.
933 4386 1067 4443 lucendia
1090 4389 1119 4442 et
1137 4386 1246 4459 rapinae
1261 4390 1352 4443 totam
1375 4381 1498 4458 patriam
1521 4387 1751 4442 devastaverunt.

99 4480 127 4535 i.
148 4479 254 4536 Statuit
274 4486 407 4551 pantena
427 4486 524 4536 seencta
543 4480 672 4551 synodus,
686 4483 717 4535 ut
734 4494 824 4535 omnes
840 4478 1750 4570 senindigenarumquamplurimasinexsiliumextruserunt,

62 4576 176 4631 nentur
192 4575 376 4639 anathemate,
396 4577 445 4646 qui
462 4575 509 4631 hac
522 4576 713 4644 juramentum
729 4576 820 4643 {acme
833 4589 882 4629 no·
933 4577 961 4630 et
975 4574 1117 4646 parochiis
1125 4573 1285 4642 destruetis,
1299 4573 1432 4629 ecclesias
1440 4573 1599 4646 presbyteri
1610 4570 1749 4644 fugiendo

64 4669 177 4733 luerim,
200 4669 243 4725 uel
265 4670 336 4724 hone
359 4672 573 4725 coruhtntionem
592 4669 765 4739 violaverint,
785 4674 811 4724 et
831 4684 883 4723 om·
934 4667 1077 4723 desolatas
1093 4667 1292 4724 deseruerunt.

62 4777 120 4823 nes.
144 4765 192 4833 qui
213 4764 252 4818 cis
273 4765 535 4828 communicaverint,
560 4764 603 4819 vel
626 4779 677 4819 sua
696 4762 883 4827 vendiderint,
969 4760 1110 4817 lndomita
1124 4777 1193 4833 gens
1212 4762 1443 4816 Normannorum
1461 4756 1513 4827 est,
1528 4760 1566 4828 et,
1581 4756 1634 4814 nisi
1655 4754 1748 4830 rigido

62 4857 120 4912 sive
133 4857 221 4925 fabri,
236 4859 292 4912 sive
304 4857 355 4912 eslii
376 4859 515 4928 officiales,
529 4860 583 4913 sive
601 4858 764 4928 presbyteri,
780 4859 829 4927 qui
842 4872 884 4912 eos
933 4862 1043 4912 rectore
1064 4858 1235 4922 coerceatur,
1257 4854 1293 4910 ad
1318 4850 1430 4908 facinus
1453 4852 1671 4924 promptissima
1692 4854 1747 4908 est.

64 4949 102 5004 ad
124 4951 339 5006 communionem
359 4954 532 5022 susceperint,
555 4952 598 5006 vel
619 4950 744 5006 divinum
765 4953 802 5005 eis
826 4952 884 5020 om·
934 4953 965 5006 ln
983 4949 1116 5004 omnibus
1135 4948 1272 5020 collegiis,
1286 4947 1448 5017 ubicunque
1466 4944 1584 5014 iecerint,
1601 4945 1747 5003 dominari

62 5044 136 5098 mum
147 5044 273 5110 fecerint.
290 5045 346 5098 Hoc
358 5046 441 5100 etiarn
454 5044 628 5099 anathemate
638 5045 779 5111 feriuntur
796 5043 884 5110 salsa·
932 5046 1079 5116 appetunt,
1095 5047 1124 5099 et
1136 5042 1260 5098 veritatis
1272 5039 1397 5112 fideique
1412 5046 1540 5096 tenorem
1554 5040 1747 5112 praevarican-

62 5138 111 5200 rii,
134 5142 160 5192 et
183 5142 307 5208 raptores
334 5142 360 5194 et
387 5144 517 5209 emptores
538 5138 706 5208 praclarum,
729 5142 754 5192 et
776 5138 825 5208 qui
853 5139 883 5193 in
932 5144 985 5204 tes,
1012 5136 1174 5192 ambitionis
1197 5141 1277 5205 aestu,
1304 5134 1449 5190 multoties
1473 5133 1565 5190 effecti
1592 5138 1669 5190 sunta
1691 5135 1749 5190 Hoc

62 5233 161 5287 castris
194 5235 395 5302 congregantur
422 5238 535 5302 propter
565 5231 726 5287 ecercendas
755 5232 882 5301 rapinas,
933 5231 1033 5287 Franci
1048 5236 1077 5285 et
1096 5229 1226 5285 Britones
1244 5233 1329 5300 atque
1351 5228 1544 5295 Flandrensas,
1560 5228 1666 5300 aliique
1689 5229 1747 5285 col-

63 5330 89 5381 et
101 5325 206 5381 domini
226 5326 275 5395 qni
297 5326 395 5381 amodo
414 5340 456 5381 eos
475 5327 638 5381 retinuerint
652 5327 681 5380 in
701 5326 796 5380 castris
816 5326 881 5380 suis.
933 5324 1073 5380 limitanei
1098 5324 1197 5379 crebro
1224 5326 1385 5391 senserunt,
1412 5320 1465 5377 hoc
1490 5322 1554 5377 ltali
1577 5326 1607 5377 et
1632 5322 1747 5391 Guinili,

60 5419 98 5474 Et
122 5419 292 5475 auctoritate
316 5420 466 5490 apostolica
490 5425 516 5475 et
543 5424 635 5475 nostra
656 5419 830 5490 prohibemus
853 5422 884 5474 at
933 5419 1116 5491 Saxonesque
1130 5417 1214 5489 Angli
1233 5432 1322 5488 usquc
1336 5415 1373 5471 ad
1392 5415 1619 5472 internecionem
1639 5415 1749 5489 experti

61 5512 141 5569 nulla
171 5510 368 5570 christianitas
398 5517 448 5584 hot
480 5517 511 5569 in
540 5516 620 5569 terris
653 5514 825 5569 dominorum
847 5513 881 5567 il·
934 5513 1009 5565 sunt.

63 5607 162 5663 iorum
969 5605 1008 5659 De
1033 5602 1118 5658 feroci
1144 5605 1229 5673 gente
1253 5599 1422 5674 Scytharum
1446 5599 1526 5673 origo
1547 5600 1745 5673 'trojanorum

97 5704 125 5757 5.
140 5700 249 5758 Statuit
262 5704 344 5758 etiam
364 5705 459 5759 serneio
476 5701 595 5773 synodus
613 5708 644 5758 ut
663 5716 752 5758 omnes
770 5702 884 5758 ecclesia
934 5698 974 5752 uti
991 5697 1126 5765 refertur,
1143 5694 1405 5768 processit.0uibus
1418 5695 1446 5750 in
1461 5696 1604 5750 excidium
1616 5695 1763 5762 redactis„

61 5796 104 5853 ita
117 5796 173 5855 sint
185 5797 309 5854 meraca
320 5797 354 5853 de
370 5797 450 5853 rebus
465 5800 531 5864 suis,
547 5799 617 5853 sicut
633 5800 745 5867 {uerunt
766 5802 883 5877 tempore
932 5791 1079 5868 Phrygius
1093 5793 1224 5848 Antenor
1236 5789 1362 5865 Illyrisos
1374 5789 1452 5844 huss
1462 5787 1647 5863 neustrasii,
1658 5792 1690 5835 eb
1700 5798 1775 5834 aum
