3750 6046
89 193 120 263 tt
149 256 152 261 .
768 208 930 270 onomius
948 206 1079 269 VleLlS
1738 200 1775 266 bi

87 336 154 390 ante
168 326 375 405 aliquotannos
387 329 503 390 beatum
513 334 713 391 Eadmundom
728 352 830 409 regem
845 339 905 393 Est·
916 334 1131 421 Aobsidionem
1156 334 1281 407 reliquit,
1303 336 1332 390 et
1356 331 1385 389 in
1406 329 1530 406 patriam
1551 348 1633 391 snam
1655 340 1774 392 maestus

87 426 248 497 anglorum
264 427 510 499 martyrizaverat,
529 446 614 501 snper
634 430 800 486 universnm
815 433 904 487 etiam
955 430 1100 486 remeavit.

87 535 207 592 gregem
220 520 324 577 Christi
346 537 422 594 pane
435 539 487 594 per
502 526 589 579 totam
605 523 761 579 Britannias
780 524 905 582 insulam
990 524 1139 579 Lotharius
1149 540 1201 580 rex
1213 523 1341 580 Letharii
1354 539 1479 595 regnum
1493 524 1682 595 recuperavit,
1692 540 1725 580 ac
1737 525 1773 580 ad

85 613 243 670 admodum
264 615 435 672 debacchata
456 616 551 672 inerat
568 620 598 673 et
620 618 707 673 sacris
727 618 836 675 aedibus
853 620 903 675 de·
956 618 1093 690 palatium
1107 617 1289 691 aquisgrani,
1300 617 1422 673 ubiOtto
1429 617 1587 688 imperator
1604 634 1670 673 cunr
1686 635 1774 674 uxore

88 708 213 777 structis,
234 710 396 766 Dominieas
419 727 485 767 ores
509 711 608 783 lupino
634 728 713 768 more
739 712 904 784 laniaverat,
955 729 1006 768 sua
1020 712 1165 779 manebat,
1187 728 1252 767 cum
1274 711 1399 767 exercitu
1421 711 1535 782 copioso
1548 711 1634 778 venit,
1649 715 1678 768 et
1700 713 1773 768 bora

86 816 137 858 seu
151 801 331 875 disperserat.
955 806 1126 878 prandendi,
1154 806 1272 862 nemina
1299 805 1522 872 contradicente,
1541 804 1681 863 introivit.
1708 806 1773 862 ono

122 896 297 969 Nicephorus
319 899 484 971 imperator,
507 917 525 954 x
550 900 641 956 annis.
667 901 855 958 turbationes
875 903 904 959 iu
955 905 1065 971 antem,
1081 916 1146 955 curn
1161 916 1248 956 uxore
1265 904 1293 955 et
1305 899 1413 972 populo
1426 899 1539 972 lugiens
1551 900 1689 972 palatium
1704 900 1772 956 reli·

89 990 201 1046 mundo
228 990 325 1048 nimiae
345 992 508 1062 saevierunt,
531 993 660 1066 avidique
687 1010 819 1067 proceres
839 1012 904 1052 cunr
954 995 1026 1067 quit.
1048 993 1155 1049 Deinde
1173 1010 1285 1049 reverso
1305 993 1335 1049 in
1358 993 1477 1049 Francia
1499 1010 1564 1049 cum
1584 994 1703 1050 victoria
1717 995 1771 1051 Lo·

89 1083 223 1154 subJectis
243 1085 414 1142 exercitibus
434 1089 534 1142 contra
549 1103 630 1159 pares
649 1089 680 1143 in
692 1088 769 1145 bello
791 1106 905 1146 consur-
955 1088 1059 1156 thario,
1076 1089 1212 1161 praelatus
1226 1087 1385 1159 imperator
1399 1088 1556 1144 exercitum
1574 1090 1771 1161 congregarit,

88 1181 234 1233 rexerunt.
954 1182 1077 1237 Parisios
1090 1182 1177 1249 venit,
1194 1181 1362 1237 suburbium
1375 1181 1449 1237 illius
1458 1181 1596 1252 incendit,
1612 1181 1710 1254 ibique
1721 1198 1770 1239 ne·

127 1273 260 1343 loannes,
275 1273 366 1329 occiso
384 1275 553 1348 Nicephoro,
572 1292 624 1348 per
639 1293 757 1334 uxorem
770 1279 831 1350 ejus
843 1295 906 1350 reg·
955 1293 1007 1347 pos
1025 1275 1116 1347 ipsius
1129 1275 1252 1348 Augusti
1271 1292 1336 1330 cum
1354 1275 1416 1331 aliis
1434 1275 1573 1346 pluribus,
1596 1275 1684 1331 armis
1706 1276 1770 1332 Gal·

92 1366 178 1434 navit,
200 1366 280 1439 cnjus
308 1369 401 1439 neptis
421 1370 600 1441 Theophanu
623 1372 719 1429 Ottoni
741 1372 905 1445 imperatori
954 1370 1046 1425 lorum
1065 1369 1184 1425 interiit.
1204 1369 1355 1425 Lotbarins
1373 1369 1462 1442 igitur
1483 1385 1533 1426 rex
1552 1371 1706 1441 lingonem
1721 1369 1774 1425 du·

89 1460 197 1532 nupsit.
212 1460 316 1525 Quinto
331 1462 448 1534 imperii
466 1464 527 1534 ejus
545 1481 622 1520 anno
635 1466 700 1521 Otto
715 1466 811 1522 minor
825 1466 904 1535 obiit,
955 1480 1019 1519 cem
1029 1465 1203 1519 Francorum
1216 1468 1245 1519 et
1257 1463 1410 1519 ilenricum
1421 1462 1522 1519 ducem
1532 1464 1772 1537 Burgundionum

88 1556 118 1608 et
129 1553 194 1608 Otto
204 1553 278 1609 iilius
288 1555 349 1626 ejus
360 1560 424 1627 post
434 1574 500 1612 eum
511 1575 575 1614 xvru
585 1559 665 1614 annis
678 1561 817 1632 regnarit.
828 1561 906 1616 Tunc
955 1558 1125 1628 convocavit,
1142 1563 1169 1613 ct
1185 1558 1214 1612 in
1233 1557 1329 1613 hostes
1349 1557 1441 1612 irruit.
1465 1557 1616 1629 Fugientes
1637 1573 1704 1613 vero
1724 1573 1770 1613 us·

88 1646 171 1718 Rogo
192 1648 309 1720 Magnus
332 1649 436 1722 aliique
462 1668 592 1722 proceres
616 1654 788 1710 Francorum
807 1657 905 1710 contra
956 1668 1012 1724 que
1033 1651 1213 1708 Suessionem
1233 1651 1366 1723 persequi
1388 1667 1446 1706 non
1468 1650 1584 1707 destitit.
1604 1651 1645 1706 illi
1663 1654 1772 1718 autern,

89 1740 264 1797 Lndovicnm
281 1759 379 1815 regem
397 1745 616 1802 rebellaverunt.
635 1748 771 1804 Praelatus
796 1749 903 1821 quippe
914 1723 943 1794 Β
955 1744 1188 1818 persequentium
1204 1751 1313 1800 terrore
1331 1744 1457 1800 tlnminis
1469 1747 1574 1800 Axouae
1587 1744 1703 1799 alveum
1716 1744 1771 1800 im-

93 1833 151 1889 dux
169 1835 288 1907 vestigia
306 1837 442 1893 Rodberti
464 1839 551 1911 patris
575 1840 617 1895 sui
642 1844 756 1896 secutus
777 1845 830 1908 est,
854 1843 903 1915 qui
952 1843 1072 1912 petuose
1087 1840 1207 1911 ingressi
1225 1841 1292 1893 sunt
1303 1838 1399 1911 ibique
1417 1838 1521 1894 vadum
1537 1838 1695 1894 nescientes
1708 1838 1772 1911 plu·

90 1933 191 1984 contra
206 1929 341 1986 Carolum
356 1931 519 2004 simplicem
541 1933 697 2003 rebellavit,
712 1938 741 1989 et
755 1935 785 1990 in
803 1953 902 2007 regem
953 1934 1019 1990 rimi
1049 1933 1208 2006 perierunt.
1237 1932 1335 1988 Plures
1365 1932 1460 2005 itaque
1487 1949 1563 2005 aqna
1596 1933 1774 2004 consumpsit

88 2028 193 2079 unctus
207 2027 260 2079 est.
275 2026 360 2080 Porro
373 2027 488 2081 Carolus
503 2044 562 2096 rex,
580 2033 611 2082 ut
622 2045 684 2084 sca
702 2029 820 2101 perjuro
833 2030 903 2086 duce
954 2044 1041 2100 quam
1061 2027 1185 2099 gladius,
1199 2026 1302 2082 lluvins
1320 2027 1400 2082 enim
1414 2026 1491 2098 ripas
1501 2043 1567 2082 suas
1584 2025 1756 2098 impleverat
1762 2045 1771 2096 3

90 2122 289 2190 contemptum
310 2120 463 2191 perspexit,
484 2122 613 2177 nondum
632 2139 708 2179 anno
728 2125 838 2195 expleto
859 2141 904 2180 co
954 2121 1029 2177 unde
1042 2120 1148 2177 ibidem
1159 2121 1229 2177 tanti
1239 2120 1410 2176 dimersione
1421 2120 1579 2191 perierunt,
1595 2122 1627 2175 ut
1640 2136 1718 2192 aqua
1730 2136 1774 2176 re-

88 2210 144 2282 piis
172 2212 301 2285 undique
328 2215 481 2271 contractis
508 2216 538 2271 in
564 2217 741 2273 desertorem
769 2219 902 2289 surrexit,
954 2215 1096 2271 dundaret
1107 2214 1293 2271 cadaveribus
1306 2214 1660 2270 mortuorum.l.otharins
1674 2217 1773 2269 antem

89 2304 242 2378 ipsumque
263 2307 420 2364 Suessionis
438 2310 591 2382 pugnaudo
612 2310 678 2367 vicit
699 2316 728 2367 et
747 2312 903 2369 interfecit.
953 2326 1004 2366 rex
1020 2309 1112 2365 trihus
1131 2307 1230 2365 diebus
1245 2308 1422 2381 totidemque
1442 2307 1571 2364 noctibus
1591 2308 1687 2363 hostes
1702 2325 1771 2363 con·

954 2407 1061 2459 stanter
1074 2408 1241 2475 persecutus
1254 2407 1306 2458 est.
1322 2402 1428 2458 Deinde
1437 2401 1467 2456 in
1479 2402 1541 2474 ipso
1551 2403 1773 2473 annopraelatns

954 2514 1002 2554 rex
1021 2513 1086 2553 cum
1100 2498 1272 2570 imperatore
1286 2496 1392 2564 Remis,
1416 2498 1515 2551 contra
1527 2495 1703 2552 voluntatem
1719 2496 1771 2551 du·

955 2607 1021 2647 cum
1037 2594 1066 2646 et
1080 2590 1221 2646 exercitus
1236 2591 1419 2657 Francorum,
1434 2589 1597 2660 pacificatos
1609 2594 1671 2657 est;
1687 2589 1773 2661 eique

123 2684 219 2739 Mense
242 2683 325 2755 iiaio,
353 2685 425 2740 faria
450 2704 487 2757 vr,
509 2688 625 2759 sanguis
649 2704 736 2760 snper
760 2691 905 2761 operarios
954 2684 1183 2756 Letharingiam,
1209 2683 1287 2755 qnod
1314 2684 1437 2738 Francos
1462 2682 1556 2755 magis
1580 2682 1772 2751 contristavit,

89 2774 171 2848 pluit.
200 2778 304 2834 Eodem
329 2782 723 2852 anno‚menseSepten1bri,
748 2784 906 2840 Lndovicus
955 2778 1075 2851 largitus
1090 2783 1142 2834 est.

89 2886 140 2927 rex
153 2876 218 2944 post
230 2873 334 2928 multas
346 2874 543 2930 tribulationes
557 2879 688 2931 mortuus
701 2881 753 2946 est,
766 2883 794 2932 et
808 2879 907 2933 Remis
992 2876 1074 2928 Anno
1105 2872 1140 2927 ab
1166 2871 1366 2928 incarnatione
1390 2871 1503 2928 Domini
1531 2874 1598 2939 976,
1623 2871 1773 2927 Lotlrarius

90 2963 121 3019 in
141 2964 256 3020 basilica
278 2965 373 3022 Sancti
394 2967 517 3040 Remigii
536 2971 664 3041 sepultus
683 2975 735 3026 est.
755 2971 906 3027 lotharius
956 2985 1004 3024 rex
1023 2973 1152 3023 mortuns
1170 2970 1223 3035 est,
1238 2969 1268 3021 et
1280 2965 1377 3022 Remis
1395 2965 1425 3020 in
1445 2965 1558 3021 basilica
1580 2965 1656 3021 Beati
1674 2965 1772 3021 Remi-

90 3063 186 3113 autem
210 3058 284 3114 filius
309 3060 371 3132 ejus
392 3063 491 3118 Remis
512 3063 544 3118 in
564 3078 661 3135 regem
690 3069 792 3120 unctus
804 3070 857 3134 est,
879 3071 906 3122 ct
957 3062 997 3135 gii
1016 3061 1142 3133 sepultus
1159 3066 1210 3116 est.
1231 3060 1387 3116 Lndovicns
1405 3076 1472 3115 vero
1488 3060 1564 3115 illius
1577 3061 1638 3132 ejus
1650 3077 1679 3115 xr
1691 3060 1774 3115 annis

89 3167 126 3207 vn
151 3152 234 3207 annis
255 3157 370 3210 strenue
397 3171 487 3227 reguo
515 3156 620 3229 potitus
645 3165 698 3214 est.
723 3160 801 3214 Tunc
826 3162 907 3231 llugo
957 3171 1048 3227 regno
1069 3155 1173 3226 potitus
1194 3159 1247 3221 cst,
1269 3159 1298 3208 et
1321 3154 1470 3209 defunctus
1493 3153 1523 3208 in
1542 3152 1657 3208 basilica
1677 3153 1772 3209 Sancti

90 3247 208 3317 lisgnus
240 3248 451 3305 aurelianensis
481 3251 539 3306 dux
578 3252 767 3319 Francorum,
799 3253 907 3309 cunctis
957 3249 1082 3307 Cornelii
1101 3249 1242 3320 martyris,
1257 3247 1571 3319 Compendiosepultus
1586 3250 1638 3302 est.
1657 3248 1774 3304 Carolus

87 3340 253 3411 proceribus
265 3342 413 3398 sublimior
427 3344 530 3400 divitiis
545 3349 574 3401 et
595 3347 723 3416 potentia
737 3347 838 3420 viguit.
857 3349 907 3404 iiic
957 3348 1054 3399 autem
1070 3342 1157 3398 frater
1171 3343 1233 3413 ejus
1248 3358 1372 3413 regnare
1386 3341 1482 3408 voluit,
1496 3341 1544 3397 sed
1557 3342 1639 3413 iiugo
1653 3342 1773 3412 Magnus

91 3433 181 3488 tiliam
200 3435 311 3491 Ottonis
331 3437 510 3508 imperatoris
533 3440 689 3511 conjugem
712 3440 822 3509 habuit,
842 3458 907 3514 quor
958 3436 1085 3509 lingonis
1097 3436 1188 3507 Magni
1202 3435 1279 3491 iilius
1297 3440 1398 3492 contra
1411 3435 1493 3491 illum
1505 3435 1661 3504 rebellavit,
1675 3439 1704 3492 et
1715 3437 1772 3491 cel·

87 2446 174 2503 xxvi.
187 2451 333 2507 Lotlrorios
350 2467 407 2507 reu.
430 2454 542 2511 Carolus
559 2470 617 2511 reo.
632 2456 785 2512 destinctio
799 2459 904 2516 Coroli-

366 2549 462 2616 magni
479 2547 623 2617 dynastia.

93 3532 152 3583 tres
164 3528 191 3584 ei
203 3528 275 3585 filios
284 3531 406 3603 peperit,
423 3534 582 3604 lingonem,
596 3539 624 3589 et
635 3534 777 3604 Ottonem,
789 3542 819 3590 el
831 3537 906 3591 lieu-
958 3533 1030 3589 lecto
1042 3530 1167 3587 exercitu
1182 3529 1308 3602 copioso,
1322 3530 1503 3597 laudunum,
1516 3529 1564 3584 ubi
1576 3528 1693 3585 Carolus
1707 3546 1774 3585 cnm

90 3621 193 3690 mcum,
219 3627 247 3678 et
269 3624 356 3680 filiam
377 3627 494 3682 nomine
514 3629 655 3696 Emmam,
679 3645 744 3701 quae
769 3629 907 3686 Richardo
958 3641 1045 3682 uxore
1059 3641 1110 3680 sua
1122 3624 1335 3694 commanebat,
1350 3623 1606 3681 obsedit'landem
1619 3622 1668 3680 ille
1677 3623 1774 3696 indig-

93 3717 198 3772 seniori
216 3718 448 3776 dormannornm
462 3721 526 3777 duci
540 3721 646 3796 nupsit,
666 3724 716 3779 sed
735 3724 797 3779 eine
810 3723 908 3780 liberis
957 3723 1041 3775 natus
1061 3718 1224 3774 decivitate
1244 3734 1311 3774 cum
1328 3717 1445 3773 armatis
1463 3717 1604 3789 prosiluit,
1620 3718 1774 3790 Rugonem

92 3810 171 3866 obiit.
957 3830 1024 3869 cum
1049 3813 1175 3869 exercitu
1200 3828 1250 3868 suo
1279 3811 1415 3867 certando
1438 3811 1566 3884 fugavit,
1594 3814 1624 3866 et
1650 3812 1775 3884 mapalia

127 3905 258 3962 Secundo
282 3924 358 3964 anno
389 3909 515 3965 Lotharii
541 3911 629 3983 regis,
655 3915 905 3986 nransetugusto,
958 3923 1058 3963 eorum
1082 3907 1217 3963 incendit.
1240 3909 1366 3964 Cernens
1390 3906 1484 3979 itaque
1504 3907 1585 3977 lingo
1608 3905 1677 3973 dux,
1698 3906 1774 3978 qnod

92 3999 172 4071 lingo
192 4001 309 4072 Magnus
326 4002 445 4057 Pictavis
465 4003 608 4060 civitatem
631 4005 749 4062 obsedit.
772 4006 828 4063 Sed
850 4008 906 4064 Do·
957 4000 1267 4058 tortitudineCarolum
1279 4015 1414 4072 superare
1428 4015 1485 4055 non
1499 4004 1604 4071 posset,
1620 3998 1773 4055 consilinm

91 4093 205 4162 minus,
232 4095 341 4151 maritis
364 4096 453 4152 sancti
476 4097 573 4152 iiilarii
600 4099 729 4170 praesulis
753 4105 782 4155 et
793 4101 907 4172 patroni
957 4095 1022 4150 iniit
1035 4110 1102 4150 cum
1120 4093 1248 4149 Ascelino
1262 4092 1392 4148 lauduni
1407 4093 1502 4148 vetulo
1515 4092 1648 4164 praesule,
1665 4096 1696 4149 et
1708 4109 1775 4148 con·

92 4186 223 4258 ejusdem
242 4188 330 4257 urbis,
343 4190 512 4247 terribiliter
523 4191 656 4248 intonuit.
678 4193 837 4249 vehemens
853 4211 905 4250 au.
957 4187 1064 4244 siliario
1078 4187 1179 4246 Caroli.
1197 4188 1284 4242 Porro
1297 4186 1345 4241 ille
1362 4186 1470 4242 ordinis
1481 4187 1525 4241 sui
1540 4190 1569 4242 et
1580 4187 1682 4252 aetatis,
1701 4203 1770 4242 con·

92 4284 151 4335 tem
165 4281 250 4337 turbo
261 4282 433 4353 papilionem
443 4284 521 4341 ducis
533 4285 663 4358 disrupit,
677 4286 831 4359 ipsumque
841 4304 906 4344 cum
956 4282 1106 4355 tiguaeque
1121 4281 1174 4336 sibi
1192 4280 1293 4337 mortis
1310 4280 1474 4349 immemor,
1493 4279 1679 4352 architophel
1690 4283 1720 4336 et
1729 4281 1776 4336 tn·

93 4374 221 4430 exercitu
246 4391 297 4430 suo
329 4382 428 4448 stupor
451 4378 536 4433 nimis
561 4379 674 4447 invasit,
699 4383 728 4435 ct
753 4381 849 4437 statim
870 4383 906 4437 ab
957 4376 1022 4432 dam
1033 4375 1171 4443 imitatus,
1182 4392 1241 4432 non
1251 4374 1364 4431 erubuit
1376 4374 1437 4430 tieri
1446 4373 1576 4431 traditor.
1589 4375 1681 4430 Noctu
1694 4374 1773 4430 enim

93 4467 170 4523 urbis
194 4469 341 4525 obsidione
365 4470 484 4542 fugavit.
507 4473 615 4529 Eodem
637 4489 711 4529 anno
733 4461 1168 4543 CislebertusDquiescentibus
1184 4469 1302 4537 cunctis,
1317 4468 1488 4525 Landunum
1502 4468 1637 4539 prodidit,
1651 4472 1680 4524 et
1692 4470 1774 4541 Rogo

91 4564 264 4634 Burgundio
281 4565 337 4620 dux
352 4570 483 4622 mortuus
498 4569 550 4635 est,
567 4572 597 4622 et
608 4567 674 4623 Otto
688 4568 765 4624 tilius
778 4569 906 4641 lingonis
955 4564 1089 4621 Carolum
1104 4579 1171 4618 cum
1191 4578 1280 4618 uxore
1295 4579 1356 4633 sna,
1373 4562 1502 4619 Herberti
1516 4561 1645 4617 videlicet
1657 4562 1774 4619 comitis

93 4672 182 4729 gener
202 4658 263 4730 ejus
278 4659 383 4716 ducatu
402 4660 510 4732 potitus
530 4665 583 4716 est.
602 4663 719 4732 Verum,
738 4678 795 4718 non
814 4663 905 4719 multo
955 4659 1110 4713 Frecarum
1141 4656 1216 4724 tilia,
1244 4655 1350 4725 vinxit,
1383 4661 1412 4712 et
1441 4655 1599 4711 Aurelianis
1630 4654 1661 4711 in
1693 4660 1773 4713 turre

90 4754 157 4823 post
172 4750 250 4807 idem
265 4753 327 4808 sine
341 4752 438 4810 liberis
456 4752 528 4810 obiit
542 4758 571 4810 et
590 4755 726 4810 lierrricus
740 4756 831 4812 irater
846 4757 907 4828 ejus
956 4751 1074 4806 diutiuoe
1098 4749 1233 4806 custodior
1259 4748 1443 4821 mancipavit.
1470 4749 1528 4805 illic
1554 4749 1671 4806 Carolus
1699 4749 1773 4805 duos

91 4845 236 4901 successit.
955 4843 1040 4912 illios,
1064 4843 1238 4899 Lndovicnm
1262 4848 1291 4899 et
1318 4843 1463 4913 Carsium,
1489 4842 1600 4914 genuit,
1623 4845 1653 4897 et
1671 4842 1775 4898 exinde

127 4939 205 4993 Tunc
216 4939 370 5012 ansegisus
380 4942 534 4997 Taenarum
555 4943 659 5014 praesul
672 4959 690 4997 a
703 4944 847 5001 ardberto
859 4961 905 5000 00.
956 4935 1109 5010 progenies
1139 4936 1231 4994 Caroli
1265 4937 1361 5008 Magni
1387 4952 1509 5008 regnare
1534 4935 1563 4991 in
1588 4935 1709 4992 Francia
1723 4935 1774 4992 de·

92 5029 162 5087 mite
175 5030 210 5087 de
223 5031 337 5088 civitate
354 5033 461 5105 ejectus
474 5038 528 5104 est,
543 5040 573 5092 et
587 5037 617 5091 in
638 5036 791 5093 saxoniam
804 5038 841 5093 ad
857 5037 905 5094 Ot·
957 5031 1013 5087 siit·

91 5128 189 5180 tonern
214 5125 417 5198 imperatorem
446 5129 590 5200 profectus
606 5135 665 5199 est;
690 5130 758 5186 inde
777 5130 907 5187 adductis
1008 5124 1109 5180 XXVII.
1123 5126 1200 5192 Hono
1218 5138 1277 5178 rec.
1294 5125 1419 5180 Romane
1433 5124 1591 5182 Concilium.
1607 5122 1721 5179 ueros-

92 5217 261 5289 Saxouibns,
286 5219 335 5275 din
355 5221 455 5276 Frecas
471 5221 593 5279 obsedit.
613 5223 675 5279 Duo
696 5223 836 5296 siquidem
859 5224 909 5281 dn·
1297 5223 1340 5273 ωδ
1356 5232 1443 5289 popo.

91 5328 149 5383 ces,
159 5312 247 5385 Relpo
256 5315 387 5370 etBruno
395 5330 460 5370 cnm
469 5315 637 5372 exercitibus
645 5317 703 5372 suis
712 5332 779 5373 eum
789 5318 906 5390 adjuva·
992 5315 1073 5369 Anno
1087 5311 1186 5384 itaque
1207 5310 1362 5368 Dominicae
1381 5309 1585 5367 incarnationis
1604 5312 1667 5380 993,
1691 5312 1776 5384 lingo

91 5405 907 5483 bant.Quondamvenientihmillisdepr-adariSenones,
957 5407 1015 5463 dux
1034 5406 1064 5461 in
1088 5421 1190 5478 regem
1208 5406 1304 5462 Remis
1331 5409 1434 5461 unctus
1457 5410 1510 5462 est.
1526 5405 1636 5461 Eodem
1661 5420 1777 5478 quoqne

92 5504 277 5557 occurrerunt
293 5500 519 5559 annemundus
536 5503 775 5578 archiepiscopos,
794 5509 824 5561 et
842 5505 907 5561 Rai·
957 5517 1033 5557 anno
1043 5500 1183 5556 Robertus
1199 5499 1275 5556 illius
1289 5500 1350 5573 ejus
1362 5515 1412 5555 rex
1426 5498 1573 5556 ordinatus
1586 5501 1639 5567 est,
1655 5502 1686 5555 et
1696 5498 1776 5572 regi·

90 5592 199 5649 nardus
221 5610 318 5651 comes
344 5596 470 5668 vetulus,
496 5613 652 5670 eorumque
676 5597 852 5670 phalangem
879 5602 909 5655 et
958 5599 1038 5655 minc
1061 5598 1145 5670 regni
1164 5614 1269 5655 xxxvm
1294 5597 1377 5654 annis
1396 5596 1509 5653 iunctus
1532 5600 1584 5653 est.
1605 5595 1778 5653 adtentum

93 5686 247 5744 commisso
259 5688 370 5762 prelio,
381 5690 588 5749 interfecerunt
598 5691 867 5764 Reipencmdncem
880 5697 910 5750 et
957 5692 1066 5750 facinus
1088 5694 1237 5765 [ingonem
1250 5691 1384 5765 quodam
1399 5689 1469 5747 visio
1490 5688 1641 5746 animarit.
1657 5689 1778 5747 Sanctus

88 5781 201 5837 multos
210 5781 437 5855 Saxones.Quod
451 5785 646 5843 Brunosocius
656 5785 907 5861 ejusdemvidens,
959 5787 1037 5844 euim
1050 5786 1216 5847 Cualaricos
1230 5784 1350 5863 praefato
1365 5783 1430 5847 duci
1447 5782 1600 5847 ulutatu
1610 5782 1682 5847 urbo
1693 5784 1775 5849 Pari·
