3750 6046
108 186 161 245 oro
247 150 249 155 ’
600 222 604 233 ·
794 190 955 249 oanaaru
973 188 1105 247 nmars
1337 190 1340 197 ·
1737 140 1814 245 aa?

87 314 184 370 'nibus
203 313 366 384 derelictus,
386 314 530 373 Rodbarto
553 317 650 374 comiti
672 317 843 374 consobrino
865 334 916 374 suo
927 331 958 407 Α
968 333 1023 390 qua
1036 316 1133 389 plures
1150 316 1259 389 reginae
1273 315 1466 386 adhaeserunt,
1480 320 1509 371 et
1524 328 1579 387 pro
1592 328 1666 387 rege
1678 312 1785 388 suisque

100 424 131 464 se
144 407 297 472 commisit,
316 414 345 464 et
362 413 462 483 captas
476 416 527 481 cst,
544 417 571 468 et
584 411 619 466 ab
636 412 736 468 eodem
755 413 841 486 paule
855 419 918 485 post
967 411 1129 467 haeredibus
1142 412 1447 484 virilitcrpugnaturos
1460 426 1491 466 ss
1503 407 1784 483 spoponderamus

98 502 225 559 blathildi
249 503 402 560 comitissae
425 505 535 561 oblatus
556 509 609 561 est.
634 507 696 574 Sic,
719 507 758 562 sic
779 512 916 579 vergente
967 505 1123 562 admodum
1143 505 1252 563 malitia
1266 505 1334 561 hinc
1349 504 1457 562 atinde
1474 502 1584 576 passim
1603 502 1785 578 multiplicus

99 596 216 653 volubili
235 602 298 654 rota
317 599 451 669 fortuna,
474 601 508 656 de
528 599 600 656 solio
620 600 704 673 regni
723 601 917 674 praecipitatus
967 604 1019 669 est,
1042 604 1071 656 et
1093 599 1202 672 rapinis
1222 602 1252 656 et
1270 597 1409 656 incendiis
1429 598 1647 672 hominumque
1669 596 1785 655 wdibus

88 694 153 761 est,
176 692 253 749 etin
276 693 388 765 ingenti
411 695 570 750 munitione
593 695 727 751 brichton
750 711 868 767 gemens
888 698 917 751 et
965 693 1070 765 Anglia
1090 693 1200 768 repleta
1218 698 1275 765 est;
1289 699 1318 750 et
1336 709 1401 766 quoe
1418 692 1488 749 olim
1508 690 1658 750 ditissima
1673 690 1784 751 affluens

99 785 197 855 miser,
213 787 394 859 prohdolor!
408 787 599 844 incarceratus
613 792 665 844 est.
682 788 836 845 halduinus
851 805 916 845 vero
965 786 1068 856 fueret,
1084 803 1159 844 nunc
1173 787 1376 845 miserabiliter
1389 786 1516 844 desolata
1530 789 1587 844 est.

98 880 135 936 de
147 880 239 949 Clara,
253 881 405 954 caeterique
418 883 546 954 praeclari
560 883 669 939 tirones
681 900 752 956 qnos
765 900 831 939 cum
847 900 915 956 rege
1001 881 1140 938 loffredus
1154 885 1252 937 autem
1266 880 1480 954 andegavensis
1497 896 1606 950 comes,
1623 882 1657 937 ut
1672 896 1783 939 uxoren

100 974 157 1030 dixi
171 973 350 1030 descendisse
365 979 394 1030 et
407 976 561 1048 insigniter
580 994 732 1050 pugnasse,
747 977 823 1050 capti
838 983 914 1035 sunt.
965 992 1046 1031 suam
1059 975 1159 1032 vicisse
1170 975 1288 1044 audivit,
1297 976 1427 1047 protinus
1438 976 1468 1030 in
1478 974 1689 1031 Normanniam
1702 976 1780 1044 veuit

135 1068 307 1125 Praecedenti
320 1073 412 1138 nocte,
433 1071 503 1126 dum
520 1071 600 1143 plebs
620 1072 669 1127 hei
688 1071 797 1144 vigilias
813 1073 843 1127 in
861 1072 914 1128 ho·
963 1069 1073 1141 legatos
1088 1070 1124 1126 ad
1139 1086 1271 1144 proceres
1285 1069 1398 1140 direxit,
1418 1085 1451 1125 ac
1473 1072 1504 1125 ut
1521 1068 1706 1127 munitiones
1722 1086 1780 1127 suas

100 1177 171 1218 nore
192 1161 317 1235 Virginis
339 1165 438 1220 matris
461 1165 633 1234 celebraret,
658 1171 686 1222 et
710 1165 915 1223 matutinorum
965 1163 1017 1218 sibi
1038 1163 1179 1220 dederent
1193 1167 1222 1220 et
1234 1163 1346 1236 pacitlci
1360 1164 1530 1236 essentjure
1547 1163 1711 1236 requisivit.
1726 1164 1778 1223 Pri·

98 1255 266 1329 generalem
285 1256 417 1330 synaxim
438 1258 627 1315 ecclesiastlco
647 1260 705 1315 ritu
724 1260 913 1316 solemnizari·
964 1272 1028 1312 mus
1044 1257 1073 1312 in
1093 1257 1225 1330 sequenti
1242 1256 1461 1330 quadragesima
1475 1258 1618 1313 llotroeus
1629 1258 1779 1315 ldoritonia

99 1349 164 1405 dem
189 1355 381 1423 exspectaret,
404 1353 434 1408 in
458 1351 583 1409 occiduis
604 1353 747 1426 partibus,
770 1354 799 1410 in
826 1354 915 1411 Gallia
964 1351 1062 1406 consul
1076 1367 1174 1424 pacem
1190 1368 1254 1407 cum
1273 1350 1320 1406 illo
1337 1351 1420 1422 iecit3
1437 1354 1466 1407 et
1479 1355 1563 1424 rapto
1576 1351 1691 1409 ioeders
1708 1352 1779 1426 quod

97 1443 204 1501 scilicet
226 1461 258 1501 ac
281 1445 439 1517 Britannia,
466 1446 573 1502 nimius
597 1447 690 1504 imber
717 1447 864 1520 grandinis
887 1451 915 1505 et
964 1461 1029 1501 cum
1047 1461 1114 1519 rege
1133 1446 1293 1520 pepigerat,
1309 1444 1449 1501 auxilium
1463 1461 1549 1502 suum
1568 1445 1779 1520 andegavensi·

96 1538 201 1610 pluria
216 1539 305 1595 factus
320 1545 372 1611 est,
387 1544 416 1596 et
432 1557 496 1596 cum
511 1541 620 1613 ingenti
636 1542 832 1598 coruscatione
847 1558 912 1598 mu·
963 1539 1016 1596 bus
1029 1540 1168 1597 exhibuit.
1179 1539 1362 1597 Occasionem
1371 1555 1496 1613 nemque
1505 1539 1558 1597 ira
1568 1542 1674 1597 contra
1685 1557 1779 1615 regern

98 1633 174 1704 gitus
192 1632 325 1690 terribilis
343 1634 464 1690 tonitrui
485 1635 598 1691 auditus
617 1641 668 1692 est.
687 1639 749 1708 lpso
769 1636 823 1706 die,
844 1637 913 1693 dum
964 1650 1057 1707 nuper
1070 1637 1195 1707 ceperat,
1211 1634 1289 1707 quod
1305 1634 1400 1707 ipsum
1418 1651 1472 1707 pro
1491 1634 1641 1708 ereptione
1660 1635 1779 1693 Richerii

98 1742 149 1783 rex
168 1731 346 1800 pugnaturus
365 1728 477 1784 Missam
501 1729 629 1799 audiret,
650 1736 679 1786 ot
702 1730 862 1803 multiplici,
884 1730 913 1786 ni
925 1707 953 1780 Β
964 1727 1078 1801 nepotis
1094 1728 1137 1784 sui
1158 1728 1338 1801 requisierat,
1352 1728 1402 1784 sed
1417 1728 1490 1785 nihil
1507 1744 1559 1801 per
1571 1729 1673 1802 ipsum
1691 1729 1778 1803 impa-

98 1821 194 1890 tallor,
205 1822 369 1895 cogitaturi
381 1839 449 1878 cura
462 1822 633 1879 intrinsecus
647 1823 799 1895 laboraret,
814 1841 913 1881 cerens
963 1826 1096 1879 travemt.
1117 1822 1265 1879 Richerius
1284 1821 1423 1894 siquidem
1447 1823 1483 1878 de
1505 1822 1610 1895 Aquila
1633 1824 1779 1881 Domiuioo

97 1920 277 1972 consecratus
302 1916 330 1971 in
354 1932 441 1972 manu
466 1917 528 1989 ejus
552 1917 658 1973 fractus
680 1923 731 1988 est,
756 1922 795 1987 et,
816 1919 913 1974 multis
962 1917 992 1972 in
1007 1916 1178 1989 Septembri,
1194 1916 1263 1972 dum
1276 1917 1307 1972 B.
1321 1916 1414 1973 Mariae
1426 1916 1562 1973 Nativitas
1574 1917 1777 1987 celebraretur,

96 2008 299 2081 spectantibus,
313 2012 358 2065 ter
370 2010 464 2083 lapsus
479 2018 531 2067 est.
547 2013 604 2067 lloc
619 2011 703 2084 plane
724 2011 822 2067 infelix
837 2028 911 2085 pre·
963 2026 1029 2066 cnm
1043 2028 1059 2066 n
1071 2010 1209 2066 militibus
1219 2011 1250 2067 in
1264 2010 1398 2083 angliam
1410 2009 1524 2083 pacillce
1536 2011 1692 2084 pergebat.
1701 2012 1778 2069 Cum·

96 2103 207 2177 sagium
220 2103 392 2175 quibusdam
411 2103 544 2177 sophistis
558 2104 649 2160 visum
669 2108 721 2174 est,
742 2109 771 2161 et
786 2106 849 2179 ipso
865 2106 911 2166 die
963 2105 1074 2177 quaed
1095 2105 1222 2177 burgum
1245 2105 1294 2177 qui
1315 2105 1381 2161 Lira
1402 2105 1515 2176 dicitur,
1534 2104 1660 2162 inermis
1682 2120 1776 2179 perra·

96 2196 126 2251 in
141 2196 223 2268 lapsu
237 2197 373 2270 principis
386 2198 536 2255 manifeste
552 2198 695 2255 detectum
709 2204 760 2255 est.
962 2200 1059 2267 nisset,
1075 2199 1248 2255 eltodbcrto
1264 2199 1299 2261 de
1311 2199 1433 2256 Belismo
1451 2199 1506 2272 (84)
1523 2199 1575 2272 qui
1591 2199 1778 2257 insidiabatur

87 2296 172 2358 'xxn
194 2304 312 2358 Euentus
332 2304 407 2357 escrit
424 2309 486 2375 post
507 2306 655 2374 captionem
675 2306 746 2374 repis
768 2303 909 2376 Stephani.
961 2292 1059 2348 itineri
1080 2293 1152 2364 ejus»
1175 2293 1269 2348 ⁸¹¹bst0
1291 2296 1389 2365 callus
1413 2298 1464 2362 ⁰⁵²2
1488 2308 1553 2348 ⁰⁰⁰¹
1580 2309 1639 2366 <1²¹0
1670 2294 1776 2351 “imm

90 2392 93 2397 '
206 2383 281 2438 Finis
294 2382 404 2453 hujusce
416 2384 519 2454 Operis.
534 2385 590 2440 Pia
601 2384 797 2440 meditationes.
962 2402 1061 2458 pacem
1074 2386 1180 2442 habere
1198 2387 1337 2458 sperabat.
1359 2386 1485 2460 Denique
1504 2386 1615 2443 britolii
1632 2403 1682 2443 sex
1698 2404 1775 2445 meu-

87 2486 90 2491 '
131 2478 322 2534 intortunium
336 2478 413 2552 regis
424 2480 532 2535 luctum
552 2481 663 2553 peperit
681 2481 789 2537 clericis
803 2488 830 2538 et
848 2499 909 2538 mo·
962 2479 1038 2536 sibus
1052 2481 1081 2535 in
1095 2496 1207 2536 carcere
1220 2480 1274 2535 fuit
1281 2498 1290 2550 ;
1306 2486 1334 2537 ct
1347 2480 1483 2553 praetatus
1494 2481 1594 2553 praedo
1606 2497 1675 2538 cum
1692 2482 1775 2539 nimia

94 2571 193 2628 nachis
215 2573 385 2645 populisque
406 2573 590 2645 simplicibus,
610 2574 678 2648 quia
700 2575 776 2630 idem
796 2591 847 2631 rex
860 2577 910 2633 hu·
961 2574 1113 2647 tyrannide
1125 2579 1228 2630 terram
1241 2576 1302 2646 ejas
1315 2575 1424 2646 rapinis
1433 2578 1463 2631 et
1472 2574 1614 2631 incendiis
1623 2576 1688 2632 sine
1699 2592 1775 2633 cane

94 2666 170 2722 milis
195 2669 224 2722 et
245 2672 409 2723 mansuetus
433 2673 495 2723 eret
515 2668 598 2724 bonis
623 2684 655 2723 ac
679 2668 806 2739 mitibus,
829 2673 866 2738 et,
887 2670 911 2726 si
962 2668 1126 2724 devastavit.
1143 2670 1283 2725 Retrocus
1296 2685 1365 2741 ergo
1380 2685 1474 2725 comes
1492 2670 1654 2725 avunculus
1668 2670 1774 2743 ejusde

94 2760 183 2817 dolosi
210 2761 363 2832 optimates
389 2765 575 2834 paterentur,
599 2762 709 2818 abolitis
735 2763 793 2818 suis
815 2764 910 2836 pravis
960 2768 1041 2818 tanta
1061 2761 1139 2818 rabie
1158 2763 1280 2818 multum
1303 2763 1402 2833 doluit,
1426 2768 1455 2819 at
1477 2767 1619 2837 nepotem
1639 2781 1726 2822 suum
1744 2765 1773 2821 dc

94 2854 258 2924 conatibus,
281 2855 406 2911 liberalis
429 2859 506 2912 tutor
527 2856 625 2928 petrice
648 2856 746 2912 suisset
768 2874 801 2913 ac
821 2858 909 2915 bene·
959 2856 1088 2924 vinculis,
1103 2860 1132 2911 et
1147 2856 1288 2912 honorem
1301 2857 1362 2928 ejm
1374 2856 1410 2912 ab
1420 2857 1547 2913 inimicis
1560 2873 1666 2914 cruere
1680 2874 1773 2915 eoncu-

93 2950 183 3005 rolus.
197 2949 277 3005 Cives
292 2954 389 3005 autem
405 2950 558 3006 Lincoluie
574 2951 623 3023 qui
641 2950 713 3023 regi,
728 2956 759 3007 nt
773 2952 908 3024 oportuit,
960 2950 1043 3022 pivit3
1067 2950 1189 3023 ideoque
1212 2966 1276 3006 cum
1302 2951 1418 3007 armatis
1440 2951 1608 3023 frequenter
1632 2953 1772 3026 explorare

7 3090 10 3101 .
85 3042 214 3100 'domino
232 3059 282 3099 suo
300 3044 436 3113 faverant,
450 3044 625 3101 omnimodis
636 3048 669 3100 ut
684 3045 831 3101 victoriam
846 3063 907 3102 ces·
961 3060 1093 3100 occursus
1105 3045 1167 3116 ejus
1184 3060 1367 3117 summopere
1386 3045 1502 3100 curavit.
1521 3045 1651 3102 Tandem
1671 3048 1703 3102 in
1721 3048 1771 3103 tina

93 3138 161 3193 sisse
184 3138 350 3193 adversariis
371 3138 534 3206 audierunt,
555 3138 657 3195 domos
678 3144 788 3194 suaset
808 3155 909 3197 uxores
961 3138 1100 3208 Octobris,
1111 3139 1225 3197 volente
1235 3141 1304 3207 heo,
1317 3138 1498 3211 praedonibus
1509 3155 1574 3195 cum
1583 3140 1683 3197 valida
1692 3157 1772 3198 mana

86 3234 159 3287 'cum
175 3231 308 3287 omnibus
327 3230 412 3287 rebus
427 3232 485 3287 suis
501 3231 663 3298 diffidentes
683 3232 909 3305 dereliquerunt,
961 3233 1099 3301 occurrit;
1124 3232 1304 3289 Radbertum
1327 3239 1354 3289 et
1380 3232 1546 3289 Mauricium
1569 3233 1694 3291 tratrem
1717 3236 1772 3307 ejas

94 3326 170 3382 etad
191 3325 314 3381 vicinum
335 3324 455 3395 flumen,
477 3329 507 3381 ut
525 3325 653 3382 exsilium
671 3331 801 3399 petentes
820 3328 910 3383 salva·
960 3326 1087 3399 aliosque
1102 3326 1196 3400 plures
1211 3327 1444 3399 comprehendit;
1463 3326 1568 3399 quibus
1586 3328 1661 3397 dire,
1677 3333 1709 3386 ut
1717 3329 1770 3401 jus·

93 3422 202 3489 rentur,
223 3422 421 3494 confugerunt.
442 3421 495 3486 Qui
515 3421 585 3475 dum
604 3426 724 3493 reponte
746 3421 909 3493 conglobati
960 3424 1022 3477 tum
1035 3427 1087 3489 est,
1097 3421 1289 3491 incarceratis,
1303 3437 1440 3493 magnam
1455 3421 1638 3478 securitatem
1649 3422 1771 3480 innocuis

95 3514 132 3569 ad
157 3515 278 3588 scaphas
303 3514 455 3585 venissent,
481 3513 631 3586 nimiaque
655 3515 699 3569 sui
724 3514 909 3573 multitudiue
960 3515 1134 3588 pagensibus
1149 3516 1276 3571 contulit.

93 3610 208 3682 cymbas
218 3609 390 3682 implessent,
406 3612 543 3683 metuque
556 3608 657 3664 mortis
671 3609 783 3664 attoniti
798 3609 907 3665 inordi·
996 3612 1027 3665 ln
1041 3609 1138 3665 medio
1151 3608 1379 3682 Quadragesime
1391 3609 1535 3682 principes
1551 3610 1706 3684 regionum
1719 3614 1769 3669 llo·

91 3707 160 3761 nate
175 3721 205 3759 se
219 3703 393 3773 habuissent,
415 3709 444 3759 et
457 3703 629 3776 posteriores
648 3719 713 3758 cum
734 3703 844 3775 impetu
861 3720 908 3758 su·
958 3703 1070 3760 ritoniae
1085 3708 1287 3775 convenerunt,
1304 3709 1333 3759 et
1344 3703 1519 3776 colloquium
1534 3705 1568 3761 dc
1583 3706 1711 3778 negotiis
1725 3706 1771 3762 rei·

91 3814 145 3871 per
168 3799 277 3870 priores
302 3797 466 3869 irruissent,
493 3797 588 3854 statim
622 3797 759 3853 naviculae
788 3803 909 3854 versatae
959 3797 1263 3871 publicaehabucrunt.
1280 3797 1319 3853 lbi
1334 3799 1415 3870 {lugo
1431 3798 1672 3871 Rothomagensis
1686 3799 1771 3857 archi·

92 3894 169 3961 sunt,
187 3895 216 3948 et
230 3908 304 3964 pene
325 3908 436 3960 omnes,
461 3891 511 3963 qui
527 3891 715 3959 intraverant,
735 3895 768 3947 ut
787 3891 907 3964 quidam
959 3892 1107 3965 episcopus
1127 3897 1214 3964 etque
1239 3892 1395 3947 Normanni
1418 3892 1616 3949 Tbedbaldum
1639 3895 1769 3951 comitem

93 3991 233 4054 asserunt,
252 3987 312 4041 lere
330 3984 480 4058 quingenti
501 3984 611 4042 nobiles
633 3985 706 4041 cives
725 3984 906 4042 interiorunt.
959 3986 1104 4055 adierunt,
1123 3986 1207 4058 eique
1228 4002 1351 4058 regnum
1372 3986 1481 4058 Angliae
1500 3990 1530 4042 et
1550 3986 1687 4045 ducatum
1704 3990 1769 4046 Nor-

94 4082 126 4136 ln
147 4079 277 4136 conssictu
299 4080 401 4135 bellico
421 4096 478 4136 non
499 4080 570 4135 tanti
591 4084 770 4136 corruerunt.
792 4080 908 4136 Guillel·
958 4080 1083 4137 manniae
1097 4080 1270 4136 obtulerunt.
1287 4080 1336 4136 tlle
1349 4096 1415 4137 vero
1430 4083 1586 4151 tantarum,
1601 4087 1635 4139 ut
1649 4084 1771 4157 prudens

93 4191 157 4230 mus
170 4174 286 4247 qnidam
300 4174 426 4229 famosus
448 4173 525 4247 optio
547 4190 582 4228 cx
604 4176 684 4246 parte
705 4174 781 4247 regis
801 4175 909 4231 occisus
958 4174 1769 4247 etreligiosus,pregravaricurarumponderereiatarit,

92 4271 144 4337 est,
161 4268 211 4341 qui
227 4284 317 4341 nepos
336 4268 431 4323 fuerat
450 4267 586 4324 Goitlredi
604 4268 840 4340 llothomagcnsis
861 4286 908 4325 ar·
958 4267 1151 4337 sedlollredo,
1166 4267 1278 4323 Henrici
1296 4268 1371 4340 regis
1383 4284 1500 4340 genero,
1514 4269 1694 4343 interpositis
1707 4270 1767 4343 qui·

85 4361 276 4435 ehiepiscopi.
292 4364 331 4418 Ile
350 4361 412 4417 aliis
431 4378 507 4431 vcro,
523 4364 555 4417 ut
574 4364 727 4417 autumant
745 4362 793 4434 qui
816 4362 906 4418 inter·
957 4363 1077 4419 busdam
1100 4362 1327 4430 conditionibus,
1352 4362 1466 4434 regium
1486 4363 1535 4434 jus
1557 4365 1708 4434 concessit,
1734 4365 1770 4421 ita

92 4456 219 4525 inerunt,
234 4473 290 4512 non
306 4457 456 4530 plusquam
471 4459 587 4513 centum
601 4457 709 4511 mortui
720 4462 796 4513 sunt.
915 4456 1085 4531 Dvidelicet
1101 4461 1134 4512 ut
1149 4455 1320 4511 turonicam
1340 4456 1449 4524 urbem,
1469 4472 1534 4529 quse
1553 4456 1590 4512 de
1611 4456 1700 4513 teudo
1714 4459 1770 4531 ejus

126 4553 212 4607 Porro
226 4552 388 4608 Rannulius
401 4567 496 4607 comes
506 4550 611 4623 aliique
621 4550 740 4607 victores
754 4551 852 4607 urbem
865 4552 907 4608 in·
956 4554 1028 4619 erat,
1051 4550 1105 4605 sibi
1125 4549 1293 4617 dimitteret,
1315 4550 1490 4623 fratremque
1510 4565 1594 4606 saum
1615 4568 1717 4625 regem
1736 4552 1769 4608 dc

91 4646 240 4714 troierunt,
259 4651 409 4720 totamque
428 4649 459 4700 nt
475 4644 588 4702 barbari
607 4644 772 4718 depopulati
790 4651 865 4715 sunt,
878 4650 907 4702 et
956 4645 1074 4700 vinculis
1094 4644 1265 4713 absolveret,
1287 4649 1317 4699 et
1334 4644 1486 4717 pristinum
1506 4645 1649 4701 honorem
1670 4662 1768 4719 quem,

89 4742 219 4798 residuos
232 4740 306 4796 circs
320 4758 391 4814 quos
406 4739 535 4795 inuenire
554 4740 596 4795 vel
618 4756 720 4812 capere
740 4744 904 4812 potuerunt,
955 4739 1067 4795 vivente
1080 4739 1218 4795 avunculo
1231 4754 1292 4807 suo,
1306 4738 1453 4808 habuerat,
1471 4738 1525 4811 ipsi
1543 4742 1573 4794 et
1586 4739 1698 4796 haeredi
1711 4742 1771 4813 ejus

89 4835 209 4892 diversis
229 4835 363 4891 mortium
384 4834 550 4906 generibus,
570 4833 677 4906 absquo
695 4839 823 4905 respectu
843 4833 905 4906 pie·
956 4851 988 4890 ex
1002 4835 1114 4905 integro
1128 4833 1385 4890 restitueretl'uuc
1396 4832 1567 4901 Rodbertus,
1578 4833 1769 4906 chrecestra

88 4930 165 4998 tatis,
182 4933 212 4985 ut
225 4929 351 5003 pecudes
364 4930 570 4984 mactaverunt.
956 4945 1060 4999 comes,
1074 4944 1139 4983 cum
1161 4929 1281 4983 ilotroco
1299 4926 1391 4997 foedrp
1410 4926 1483 4996 iniit,
1503 4930 1531 4982 et
1550 4927 1719 4984 llicherium
1736 4929 1770 4984 de

124 5026 242 5080 Peracta
267 5024 363 5096 itaque
386 5040 484 5096 pugna
508 5029 535 5078 et
558 5025 642 5096 capto
665 5037 743 5093 rege,
767 5022 904 5078 dissensio
954 5022 1070 5095 Aquila,
1096 5026 1198 5095 rogatu
1221 5022 1372 5077 consulum
1395 5021 1444 5093 qui
1466 5020 1602 5084 aderant,
1627 5020 1769 5089 liberavit3

87 5135 193 5190 magna
209 5119 283 5174 iacta
296 5120 376 5174 estin
388 5118 544 5190 Anglorum
557 5132 658 5190 regno.
674 5116 811 5171 ilenricus
825 5117 904 5173 enim
953 5134 1054 5190 pacem
1068 5133 1185 5190 quoque
1198 5132 1263 5171 curn
1276 5114 1541 5188 andegavensibus,
1556 5116 1649 5172 donec
1664 5115 1701 5173 de
1713 5120 1768 5174 ttu-

87 5212 300 5267 Guentonensis
319 5212 468 5285 episcopus
484 5211 521 5267 ad
541 5210 709 5284 andegavos
725 5227 756 5267 se
775 5211 904 5284 pmtinns
954 5211 1013 5283 glis
1028 5214 1182 5282 remearet,
1195 5209 1249 5266 sibi
1262 5214 1291 5266 et
1304 5210 1485 5266 Gualcranno
1498 5209 1581 5265 tratri
1593 5226 1647 5267 suo
1664 5226 1767 5283 procu·

88 5306 235 5375 convertit,
249 5308 278 5362 et
297 5306 438 5362 comitissa
457 5306 486 5361 in
504 5306 574 5362 urbc
596 5305 689 5380 rogali
712 5305 904 5361 favorabiliter
952 5305 1035 5362 ravit.
1063 5305 1262 5362 Vemolienses
1287 5307 1382 5361 autem
1413 5303 1564 5377 oppidani,
1589 5304 1622 5361 in
1647 5320 1768 5378 quornm

88 5401 213 5471 recepta,
225 5400 344 5456 fratrem
354 5416 438 5456 suurn
448 5417 547 5473 regem
563 5406 590 5456 et
604 5416 703 5456 omnes
715 5398 763 5472 qui
775 5399 810 5456 dc
823 5405 903 5473 parte
954 5403 1094 5457 conventu
1115 5416 1161 5459 xm
1182 5399 1271 5457 millia
1289 5399 1441 5455 hominum
1452 5397 1702 5472 computabantur,
1720 5398 1768 5472 qui

87 5493 149 5567 ejus
176 5499 258 5551 erant
282 5493 400 5551 omnino
428 5495 564 5552 deseruit.
585 5494 784 5551 Gnalerannus
805 5499 902 5550 autem
953 5495 1022 5551 olim
1036 5511 1088 5569 pro
1102 5510 1169 5569 rege
1184 5493 1350 5550 terribiliter
1363 5492 1533 5550 frendebant
1549 5496 1579 5549 et
1596 5492 1768 5550 minitaban-

85 5603 192 5656 comes,
207 5590 236 5645 el
254 5588 419 5646 Guillelmus
440 5590 475 5646 de
496 5589 657 5660 Guarenna,
674 5593 703 5645 ct
721 5588 819 5646 Simon
839 5587 901 5644 alii·
952 5592 1009 5660 tur,
1023 5588 1236 5646 considerantes
1245 5586 1324 5662 qnod
1336 5584 1587 5661 andegavensibus
1593 5586 1658 5660 jam
1671 5589 1766 5661 plarar

42 5766 49 5773 .
88 5713 146 5777 (81)
155 5713 304 5769 liebertus
316 5718 345 5770 r's
358 5722 401 5774 est
415 5719 466 5789 qui
481 5718 610 5775 Poardus
631 5719 852 5791 cognominatus
869 5717 1080 5775 estatioberto
1090 5692 1190 5775 mnia
1196 5716 1377 5771 uehemens
1383 5712 1503 5777 promus
1512 5712 1648 5765 aarum.

1375 5780 1649 5846 imm-t
