3750 6046
159 130 228 221 ross
830 152 1167 219 mnrasarrvane
1421 146 1424 151 ’
1763 156 1827 219 aon

157 292 259 359 terras,
266 301 339 361 quas
346 283 376 341 in
385 284 506 343 circuitu
515 284 667 360 ipsiusloci
674 284 968 357 habetis,etdomum,
979 301 1009 375 Α
1019 288 1196 360 pontificum,
1212 286 1364 362 largitione
1384 301 1487 362 regum
1502 284 1547 347 vel
1561 284 1738 361 principum,
1753 286 1828 343 obla·

157 398 244 456 quam
259 379 370 437 habetis
382 380 459 436 ultre
472 381 579 437 Pedum
591 381 622 437 in
642 381 783 439 medensi
794 382 968 454 episcopatu,
1020 383 1096 439 tione
1109 383 1245 454 fidelium,
1261 401 1312 440 san
1325 384 1387 440 aliis
1404 382 1607 456 justismodis,
1622 382 1681 440 Deo
1698 380 1827 454 propitio,

157 474 424 547 compertinentiis
449 475 518 531 suis.
539 477 679 531 Praeterea
696 475 871 532 laudabilem
893 475 969 533 ordi·
1020 476 1446 549 poteritedipisci,flrmarobis
1458 475 1827 550 vestrisquesuccessoribus

156 586 237 641 nem,
253 568 342 642 quiin
356 568 459 625 eadem
472 568 585 625 domoe
600 569 682 625 bonae
692 569 837 625 memoriae
849 570 970 642 lingone
1020 576 1050 626 et
1072 570 1181 626 illibata
1206 574 1405 643 permaneant.
1432 573 1464 628 ln
1492 571 1595 643 quibua
1622 569 1687 626 haec
1713 569 1827 642 propriis

156 663 320 731 fundatore,
344 666 372 718 et
394 662 458 718 aliis
480 662 679 734 prudentibus,
703 668 732 719 et
754 662 883 719 diseretis
904 662 971 718 viris
1020 663 1155 721 duximus
1169 663 1534 738 exprimendavocabnlis:

99 781 103 791 ·
156 758 306 815 institutus
329 772 390 812 esse
415 755 604 828 dignoscitur,
628 761 657 813 et
678 772 695 811 a
716 755 798 812 bonae
823 755 970 813 memoria
1054 758 1200 828 Videlicet,
1214 758 1359 816 ecclesiam
1379 758 1475 815 Sancti
1494 757 1608 830 Georgii
1625 756 1791 815 colticensis
1804 761 1826 813 ct

157 851 286 908 arduino
306 850 470 907 Placentino
495 850 628 922 episcopo
648 850 850 918 confirmatus;
872 849 922 906 tibi
942 852 971 905 et
1019 851 1155 924 burgum,
1185 852 1333 909 ecclesiam
1355 852 1382 908 S.
1405 853 1500 908 llariae
1522 849 1745 920 sinemurensis,
1771 867 1825 906 cum

158 944 363 1003 successorihus
377 943 445 1012 tuis,
459 946 489 999 et
501 943 594 1000 eidem
606 943 705 1000 domui
719 943 884 1001 auctoritate
896 943 971 999 sedis
1021 944 1228 1018 parochiam,
1239 944 1387 1002 ecclesiam
1401 945 1514 1002 Sancta
1522 944 1669 1001 Trinitatis
1681 944 1824 1013 Prisciesci,

157 1037 319 1113 apostolice
340 1037 517 1106 roboremus,
531 1041 562 1094 et
580 1038 709 1107 firmum,
723 1043 752 1094 et
773 1030 970 1094 inconcussum
1020 1039 1169 1095 eeclesiam
1196 1040 1223 1096 S.
1249 1039 1361 1095 Genesii
1387 1038 1422 1094 de
1444 1038 1626 1111 lilarignieco
1653 1043 1683 1095 et
1710 1038 1825 1094 redditus

157 1148 274 1190 manere
300 1131 489 1187 decernimus.
516 1131 586 1187 lllnd
610 1132 706 1201 etiem,
731 1131 808 1204 quod
831 1132 969 1204 praelatus
1020 1132 1188 1188 letaniarum
1219 1132 1254 1187 ad
1284 1132 1361 1188 idem
1394 1130 1600 1188 monasterinm
1631 1130 1823 1204 pertinentes,

158 1227 310 1301 episcopus
323 1225 459 1298 predicto
476 1224 606 1297 hospitali
626 1224 773 1293 concessit,
786 1225 925 1296 videlicet,
940 1229 971 1281 ut
993 1254 1002 1267 ·
1021 1226 1170 1283 eeclesiam
1180 1225 1524 1298 Sanctisymphorianide
1535 1223 1679 1294 Griniaco,
1690 1224 1825 1280 ecclesian

46 1324 50 1329 '
157 1338 174 1377 a
193 1319 389 1377 sacerdotibus
407 1318 487 1387 inibi,
503 1324 531 1374 et
552 1319 581 1374 in
607 1318 726 1375 ecclesia
747 1318 842 1375 Sancti
866 1317 971 1390 Egidii,
1020 1321 1117 1377 Sancti
1131 1319 1264 1378 Germani
1278 1318 1314 1374 de
1327 1318 1442 1387 vitello,
1456 1318 1605 1375 ecclesiam
1618 1318 1647 1375 S.
1664 1317 1787 1374 Bondelii
1798 1318 1825 1374 de

159 1430 224 1486 quea
236 1412 289 1469 sub
305 1411 409 1469 eodem
423 1412 555 1485 hospitali
565 1413 703 1482 consistit,
717 1411 969 1480 commorantibus,
1020 1413 1143 1482 Vuabre,
1159 1411 1307 1469 ecclesiam
1317 1411 1412 1469 Sancti
1423 1411 1542 1483 Benigni
1555 1410 1591 1467 de
1601 1410 1739 1477 Sira-iaco,
1754 1411 1826 1467 eccle

156 1508 253 1564 nullus
270 1506 306 1563 de
326 1506 490 1562 Placentina
509 1506 624 1563 ecclesia
640 1505 812 1563 fidelitatem
831 1506 971 1562 ulhtenus
1021 1507 1091 1562 snm
1102 1506 1196 1563 Sancti
1206 1505 1318 1562 tlartini
1330 1505 1365 1562 de
1376 1503 1548 1575 lassiuiaco,
1562 1503 1717 1561 eeclesiam
1728 1503 1827 1561 Sancte

156 1601 270 1673 exigat,
300 1600 410 1672 pariter
433 1600 647 1657 confirmemus.
671 1600 818 1657 Naualium
846 1616 969 1673 quoqne,
1021 1600 1140 1671 Regium
1165 1599 1202 1655 de
1227 1598 1344 1668 iolieco,
1371 1598 1521 1655 ecclesiam
1546 1598 1642 1656 Sancti
1668 1598 1779 1653 liertini
1799 1598 1827 1654 dc

158 1711 222 1768 quea
245 1694 370 1767 propriis
391 1694 535 1765 manibus,
558 1696 608 1750 aut
629 1693 789 1765 sumptibus
809 1694 911 1749 iratres
930 1667 1148 1761 tniBVilliaco,
1177 1693 1325 1750 eeclesiam
1358 1692 1454 1750 Sancti
1479 1691 1600 1765 Benigni
1633 1690 1671 1747 de
1696 1691 1827 1760 bernaco,

158 1789 194 1845 de
208 1791 313 1844 cetero
327 1787 513 1855 excoluerint,
530 1804 580 1844 seu
602 1788 637 1843 de
657 1787 845 1844 nutrimentis
863 1792 970 1842 vestro·
1021 1786 1170 1843 ecclesiam
1188 1786 1280 1843 Sancti
1298 1786 1450 1843 Salvatoris
1464 1785 1500 1841 de
1520 1784 1676 1858 ilagtinile,
1691 1786 1829 1841 amicalem

157 1899 222 1938 rum
246 1880 425 1952 animalium,
444 1882 541 1938 nullus
562 1881 679 1938 omniuo
702 1897 719 1936 a
743 1881 823 1938 vobis
847 1881 972 1937 decimas
1022 1879 1114 1937 Sancti
1131 1879 1255 1952 Anhymi
1270 1880 1306 1935 de
1325 1880 1474 1950 Cancellis,
1485 1879 1634 1935 ecelesiam
1653 1879 1752 1936 Sancti
1767 1880 1829 1935 llar-

158 1977 273 2049 erigere
287 1980 452 2048 praesumat.
1023 1974 1085 2031 celli
1112 1974 1146 2030 de
1173 1974 1332 2044 Gleunone,
1359 1973 1509 2031 ecclesiam
1538 1973 1636 2030 Sancti
1665 1973 1780 2046 Sulpitii
1800 1973 1829 2028 de

195 2069 378 2126 Decernimus
397 2085 478 2141 ergo,
493 2075 526 2125 ut
546 2068 618 2124 uuhi
637 2068 755 2124 omniuo
774 2067 970 2124 homiuumli·
1022 2068 1168 2137 Fontanis,
1191 2067 1341 2124 ecclesiam
1368 2067 1462 2124 Sancti
1485 2066 1596 2123 liertim
1621 2067 1656 2123 de
1675 2066 1830 2135 chichiaco,

159 2169 221 2222 ceat
244 2164 395 2237 praelatum
420 2162 561 2236 hospitale
585 2166 694 2219 temere
720 2162 898 2236 perturbere,
923 2165 974 2217 aut
1022 2161 1169 2218 ecclesiam
1183 2161 1277 2218 Sancti
1289 2161 1363 2217 Petri
1381 2160 1417 2217 de
1438 2160 1562 2217 Puteolis
1579 2176 1646 2217 curn
1668 2160 1789 2217 decimis
1801 2160 1831 2216 etl

160 2259 221 2331 ejus
243 2256 435 2330 possessiones
449 2256 570 2325 auterre,
584 2258 629 2312 vel
644 2256 753 2312 ablatas
770 2256 904 2325 retinere,
919 2255 971 2311 mi·
1021 2255 1138 2312 easdem
1153 2256 1286 2312 ecclesias
1301 2253 1520 2328 pertinentibus.

158 2369 260 2421 nuere,
290 2368 339 2407 sen
372 2350 515 2424 aliquibus
545 2350 740 2407 vexationibus
764 2349 895 2422 fatigare,
922 2349 972 2404 sed
1057 2349 1240 2406 Decernimus
1261 2365 1331 2420 ergo
1351 2351 1384 2404 ut
1404 2348 1475 2404 nulli
1494 2347 1611 2404 omnino
1631 2348 1785 2405 hominum
1802 2349 1831 2404 li·

160 2445 261 2503 omnia
283 2445 397 2517 integre
418 2448 620 2500 conserventur
639 2444 750 2512 vestris,
764 2447 793 2498 et
813 2459 972 2517 pauperum
1022 2447 1084 2500 ccet
1096 2443 1175 2499 idem
1186 2443 1387 2499 monasterium
1401 2446 1510 2498 temere
1526 2442 1832 2515 perturbare,antejau

159 2539 274 2609 Christi,
288 2555 340 2611 pro
354 2554 475 2610 quorum
490 2537 705 2610 gubernatione,
722 2541 751 2592 ct
765 2536 972 2593 sustentatione
1022 2537 1210 2610 possessiones
1222 2536 1344 2606 auferre,
1358 2536 1400 2592 vel
1420 2536 1525 2592 ablatm
1538 2535 1675 2606 retinere,
1692 2537 1831 2607 minuere,

158 2645 292 2688 concessa
314 2631 391 2696 sunt,
406 2627 505 2683 usibus
524 2627 641 2683 omnino
658 2627 819 2699 profutura,
833 2627 908 2682 salva
928 2643 971 2682 ae·
1025 2631 1068 2687 rel
1081 2630 1224 2703 aliquibus
1237 2629 1432 2686 vexationibus
1449 2629 1582 2701 fatigare,
1601 2629 1652 2686 sed
1672 2630 1772 2687 omnia
1791 2631 1831 2686 in-

159 2722 202 2780 dis
219 2723 381 2796 apostolicae
396 2722 575 2779 auctoritate.
593 2721 692 2793 Siqua
706 2720 971 2793 ergoinfuturum,
1022 2726 1105 2797 tegra
1133 2730 1337 2780 conserventur
1359 2739 1459 2780 eorum
1479 2739 1533 2795 pro
1553 2739 1677 2795 quorum
1698 2727 1831 2781 sustenta·

158 2822 211 2874 etc.
927 2870 931 2879 ,
1022 2817 1099 2874 tione
1122 2834 1154 2873 ec
1176 2817 1382 2890 gubernatione
1402 2832 1534 2873 concessa
1553 2821 1631 2886 sunt,
1651 2817 1753 2874 usibus
1776 2835 1832 2874 om-

196 2914 256 2984 Ego
286 2910 451 2966 Anastasius
481 2909 626 2966 catholica,
657 2908 788 2965 Ecclesia
826 2908 973 2980 episcopus
1022 2911 1145 2967 nirnodis
1169 2911 1329 2984 profutura,
1352 2912 1426 2967 salve
1448 2911 1585 2967 nimirum
1611 2911 1833 2968 dioecesanorum

159 3004 320 3077 subscripsi.
1022 3005 1221 3079 episcoporum
1246 3004 1384 3062 canonice
1413 3004 1533 3077 justitie.
1561 3004 1692 3063 Obeuute
1723 3012 1833 3062 rerote

196 3102 364 3172 (Sequuntur
377 3097 560 3153 cardinalium
572 3096 789 3167 subscriptiones,
803 3111 871 3167 quos
890 3097 973 3152 breui·
1025 3116 1101 3156 nunc
1128 3099 1257 3172 ejusdem
1282 3100 1336 3155 loci
1364 3098 1476 3169 abbate,
1501 3098 1545 3154 vel
1569 3101 1688 3154 tuorum
1713 3100 1833 3173 quolibet

160 3197 226 3252 totis
240 3208 322 3249 consu
335 3190 503 3260 omittimus.)
1023 3209 1229 3262 successorum,
1254 3193 1350 3249 nullus
1376 3193 1416 3248 ibi
1435 3191 1562 3265 qualibet
1581 3194 1688 3250 astutia
1710 3210 1760 3251 seu
1779 3194 1833 3250 rio·

194 3290 256 3345 Dat.
268 3284 400 3342 Laterani
411 3300 463 3356 par
476 3299 594 3340 manum
604 3281 737 3352 iiolandi,
748 3284 775 3340 S.
787 3284 820 3340 R.
833 3285 864 3338 E.
876 3283 971 3356 presb.
1024 3288 1112 3344 lentie
1144 3290 1347 3359 preponatur,
1373 3286 1430 3342 nisi
1454 3302 1541 3359 quem
1565 3286 1668 3343 iratres
1696 3287 1834 3344 communi

159 3381 321 3448 cardinalis,
346 3385 375 3435 et
394 3377 562 3447 cancellarii,
576 3395 624 3435 vau
643 3379 705 3434 Kal.
725 3376 798 3448 ltaii,
819 3377 973 3434 indictione
1023 3397 1173 3452 consensu,
1197 3382 1240 3437 vel
1268 3381 1391 3436 fratrum
1417 3396 1485 3452 pers
1508 3381 1617 3436 consilii
1644 3381 1777 3451 sanioris,
1794 3381 1834 3437 ael

158 3472 411 3547 u,1ncarnatiouis
433 3472 587 3528 [lominica
609 3488 685 3527 anno
702 3471 973 3545 reseruassemus
1028 3492 1079 3531 suo
1092 3476 1137 3530 vel
1150 3476 1185 3532 de
1200 3476 1305 3545 alieno,
1322 3475 1344 3529 si
1366 3473 1521 3547 potuerint,
1535 3474 1655 3549 collegio
1682 3477 1834 3534 secuudum

158 3585 224 3627 vero
238 3569 272 3625 D.
286 3565 427 3624 anastasii
440 3566 475 3622 lv
485 3581 568 3639 papae
581 3581 658 3621 anno
672 3582 693 3623 1.
1023 3568 1175 3626 Dominum
1187 3572 1217 3625 et
1230 3568 1260 3624 B.
1274 3567 1421 3625 Benedicti
1434 3568 1573 3641 Regulam
1588 3570 1778 3642 praeviderint
1788 3570 1832 3628 eli·

511 3678 623 3734 vaffl,
1023 3663 1162 3735 gendum.
1176 3662 1205 3719 Si
1220 3678 1277 3735 qna
1291 3661 1389 3735 igitur,
1404 3668 1458 3719 etc.

158 3775 338 3834 passasque,
363 3779 388 3830 ,y
408 3775 479 3829 bona
498 3773 655 3827 magma
669 3772 697 3829 s¹
724 3771 797 3826 pem·
814 3770 971 3841 pygmea.
1059 3759 1117 3830 Ego
1131 3756 1293 3815 Anastasius
1305 3756 1450 3812 catholice
1463 3756 1591 3814 Ecclesiae
1606 3757 1769 3832 episcopus.

443 3854 526 3908 cenes
537 3854 688 3921 coufirmat.
1061 3852 1121 3923 ligo
1136 3851 1167 3906 G.
1181 3851 1212 3906 G.
1225 3850 1374 3923 presbyter
1385 3850 1535 3906 cardinalis
1547 3850 1622 3907 tituli
1633 3853 1746 3910 calixti.

403 3945 557 4019 (Laterani,
572 3945 661 4017 April.
675 3945 731 4015 ei.)
1061 3946 1121 4016 Ego
1136 3943 1228 4001 Gnido
1248 3943 1395 4017 presbyter
1412 3943 1563 4000 cardinalis
1582 3945 1659 4001 tituli
1677 3947 1705 4004 8.
1726 3947 1835 4020 Chryso

160 4042 289 4117 ipimus,
309 4042 416 4098 liecaffl
433 4040 467 4095 de
487 4040 574 4111 pieoes
596 4054 667 4110 pour
691 4041 777 4096 aereis·
800 4040 916 4096 di’bist.
941 4038 975 4095 dc
1024 4039 1101 4113 goni.

416 4120 716 4191 1³⁰”i909'10›l)·²3⁶·]
1060 4134 1119 4205 Ego
1138 4131 1264 4189 Ubaldus
1286 4131 1435 4204 presbyter
1451 4132 1602 4189 cardinalis
1620 4134 1697 4192 tituli
1718 4135 1749 4192 S.
1771 4136 1833 4191 Pra-

194 4231 361 4284 Auasraarus
383 4223 542 4296 episcopus,
567 4238 664 4277 servus
684 4238 829 4279 serrorum
848 4223 909 4292 liei,
931 4223 972 4280 di·
1025 4225 1115 4283 redis.

159 4317 235 4377 lecto
250 4319 309 4375 tilio
329 4319 470 4375 enniano
491 4315 585 4372 abbati
607 4316 773 4372 monasterii
792 4317 886 4373 Sancti
900 4316 974 4373 Petri
1060 4322 1119 4393 Ego
1133 4321 1293 4377 henfredus
1306 4320 1454 4393 presbyter
1473 4321 1626 4379 cardinalis
1646 4323 1723 4380 tituli
1744 4325 1773 4382 S.
1787 4324 1831 4381 Sa·

159 4411 412 4486 Flariguiaceusis,
425 4411 543 4483 ejusque
556 4409 701 4481 fratribus,
714 4414 774 4466 tem
787 4411 1012 4484 praesentibusD
1023 4415 1107 4472 binae.

159 4524 245 4582 qnam
270 4506 375 4564 interris
378 4543 444 4562 ......
465 4505 552 4559 vitam
575 4503 716 4576 professis,
739 4505 768 4559 iu
793 4511 973 4578 perpetuum.
1061 4512 1119 4583 Ego
1134 4507 1278 4565 huibertus
1292 4509 1440 4583 presbyter
1454 4509 1610 4567 cardinalis
1623 4512 1700 4569 tituli
1716 4515 1748 4571 S.
1761 4517 1832 4571 Ana·

195 4601 333 4659 Effectum
351 4600 430 4672 justa
452 4597 661 4671 postulantibus
682 4595 831 4670 indulgere
851 4602 879 4655 et
895 4599 976 4672 vigor
1025 4605 1129 4660 stasim.

160 4696 301 4770 aequitatis
316 4698 344 4751 et
357 4692 427 4750 ordo
442 4692 532 4764 exigit
545 4691 675 4761 rationis,
690 4692 848 4764 praesertim
860 4694 975 4765 quando
1061 4699 1122 4769 Ego
1136 4697 1227 4754 Guido
1241 4697 1391 4770 presbyter
1405 4698 1555 4754 cardinalis
1567 4698 1641 4755 tituli
1659 4702 1793 4758 Pastoris.

157 4789 322 4864 petentium
350 4786 526 4843 voluntatem
551 4785 642 4857 pietas
673 4786 787 4857 amovet
814 4788 842 4842 et
872 4787 976 4843 veritas
1059 4791 1120 4863 Ego
1135 4790 1276 4847 Jordauns
1295 4790 1444 4864 presbyter
1461 4791 1609 4848 cardinalis
1627 4794 1704 4851 tituli
1718 4797 1768 4853 SS.
1786 4795 1832 4853 Su·

158 4900 216 4941 uon
239 4881 387 4955 relinquit.
410 4881 581 4954 liapropter,
603 4879 696 4935 dilecti
718 4878 747 4935 iu
769 4879 890 4937 Domino
912 4881 974 4951 tilii,
1024 4899 1123 4941 sannae
1137 4887 1166 4939 et
1180 4884 1342 4941 Felicitatis.

159 4976 257 5034 reatris
270 4975 355 5048 justis
376 4973 615 5046 postulationibus
636 4973 792 5030 clementer
808 4975 973 5045 annuimus,
1060 4979 1120 5050 Ego
1142 4978 1283 5034 Gerardus
1304 4977 1452 5051 presbyter
1472 4979 1621 5036 cardinalis
1639 4982 1718 5039 tituli
1734 4984 1764 5042 S.
1779 4985 1833 5041 Ste-

158 5078 188 5129 et
203 5072 291 5129 felicis
310 5069 460 5127 memoriae
479 5067 696 5141 predecessoris
716 5068 803 5123 uostri
819 5085 901 5140 papae
922 5071 973 5126 Ga·
1024 5072 1113 5145 phani
1126 5071 1155 5128 in
1170 5071 1255 5128 Gcalio
1268 5075 1374 5128 monte.

158 5164 217 5222 lirti
238 5164 366 5237 vestigiis
385 5162 571 5231 inherentes,
596 5161 823 5234 Flavigniacense
845 5164 875 5218 li.
899 5163 975 5219 Petri
1060 5168 1119 5239 Ego
1131 5168 1253 5223 ioannes
1272 5165 1422 5239 presbyter
1442 5167 1599 5225 cardinalis
1617 5169 1666 5227 88.
1680 5172 1800 5229 ioannis
1811 5174 1836 5229 et

158 5259 367 5317 monasterium
388 5256 419 5311 in
439 5272 496 5329 quo
515 5255 611 5312 divino
635 5255 792 5328 mancipati
812 5256 879 5312 eatis
893 5256 973 5313 obse·
1026 5259 1106 5315 Pauli
1121 5260 1195 5317 tituli
1209 5260 1392 5318 Pammachii.

159 5353 236 5427 quio,
250 5352 303 5408 snb
322 5350 397 5407 beati
410 5349 486 5406 Petri
500 5352 529 5405 et
546 5355 645 5406 nostre
664 5349 840 5423 protectione
855 5350 972 5423 suscipi·
1061 5354 1121 5425 Ego
1136 5354 1284 5410 Hismarus
1298 5354 1411 5412 Tuscul.
1425 5355 1581 5430 episcopus.

157 5463 233 5515 mus,
247 5450 277 5503 et
292 5443 443 5517 prasentia
464 5443 562 5516 scripti
580 5442 729 5516 priuilegio
749 5445 972 5515 communimus,
1060 5448 1119 5520 Ego
1133 5446 1253 5518 Cincius!
1264 5448 1424 5505 Portuensis
1444 5449 1593 5522 episcopus
1609 5458 1640 5509 et
1658 5453 1686 5511 S.
1709 5453 1837 5513 namne.

154 5544 316 5597 satuentes
329 5544 359 5595 ut
372 5553 560 5612 quascunque
578 5538 781 5610 possessiones,
795 5554 973 5612 quaecunque
1059 5542 1119 5612 Ego
1134 5541 1288 5613 Gregorius
1298 5542 1388 5599 lirun
1401 5542 1527 5601 ecclesia
1540 5542 1710 5605 sabinensis
1720 5549 1835 5607 electus.

134 5632 216 5688 bona
230 5634 392 5705 premium
405 5632 621 5691 monasterium
636 5631 975 5709 inpraesentiarumiuste
1060 5636 1118 5707 Ego
1139 5633 1307 5709 liudulphus
1327 5636 1463 5693 diaconus
1478 5636 1632 5695 cardinatis
1650 5638 1682 5699 S.
1701 5642 1837 5701 Lacinia

11 5758 15 5763 -
118 5728 155 5781 at
172 5728 320 5787 canonice
343 5729 481 5807 possidat
513 5731 619 5790 autin
640 5730 777 5791 intumm
797 5730 986 5791 concessione
1033 5727 1196 5807 Septasoie.
