3750 6046
99 236 168 290 {56ss
599 234 774 293 EPlSTOLAE
792 237 836 293 ΕΤ
856 234 1054 293 Parthi-ieta.
1074 262 1109 277 -·
1129 232 1182 292 ΛΝ.
1205 234 1281 290 1158.
1712 236 1780 292 istu

95 356 136 411 ita
151 356 283 412 videlicet
297 361 327 412 ut
345 358 379 413 de
401 374 434 412 ea
458 358 528 412 nrrlli
550 372 689 430 persone,
708 360 762 416 nisi
783 361 913 433 episcopo
925 374 952 446 Α
999 362 1057 431 Ego
1073 361 1221 427 iloduiius,
1238 359 1311 414 diac.
1327 358 1408 414 card.
1424 357 1532 413 Sanctae
1546 356 1640 414 Larciae
1653 357 1779 432 insepta

95 451 295 522 respondeatis
307 468 313 518 ;
330 452 476 506 ecclesiam
492 452 521 508 S.
533 452 625 507 liarire
636 454 664 508 iu
675 454 753 510 Valle
768 471 832 510 cum
843 471 909 526 pos·
963 455 1041 509 solis.

95 544 272 599 sessionibus
291 560 428 615 agrorum
442 549 472 601 et
486 547 636 601 vinearum
651 563 684 602 ex
696 553 817 621 utraque
831 553 911 620 parte
996 549 1055 619 Ego
1079 551 1157 617 Boso,
1169 547 1239 603 diac.
1256 546 1334 603 card.
1355 546 1524 603 Sanctorum
1546 550 1656 605 Cosmoe
1677 552 1706 602 et
1723 548 1777 603 iia·

95 637 159 704 rivi,
188 641 245 692 tam
282 638 313 692 in
347 640 545 694 lietenesbeim
571 656 658 711 quam
692 641 721 696 in
746 642 808 696 iiiia
835 641 909 708 vilia,
961 641 1059 696 miani.

96 736 213 801 excepto
231 732 295 802 jure
318 732 394 804 quod
415 749 451 788 ex
469 734 587 805 antiquo
611 734 763 806 episcopali
792 734 911 790 debetur
997 736 1055 805 Ego
1075 734 1261 800 itaimnndus,
1285 734 1357 790 diac.
1385 734 1463 789 eard.
1492 734 1601 790 Sanctae
1626 733 1722 790 bieria
1747 732 1776 788 iu

96 839 212 880 mensae.
960 828 1097 884 Viaiaia.

131 918 203 972 Sane
216 919 360 975 novalium
373 924 532 976 vestrorum
553 938 617 992 qum
637 922 761 993 propriis
779 921 910 977 manibus
996 924 1096 977 [latrem
1118 922 1203 978 Sutrii
1214 937 1266 993 per
1278 936 1395 975 manum
1409 921 1541 988 itolandi,
1556 924 1661 975 sancte
1671 922 1775 975 Roma-

93 1015 144 1064 aut
164 1012 324 1083 sumptibus
348 1013 448 1080 colitis,
467 1015 525 1069 sire
544 1014 579 1069 de
600 1015 786 1071 nutrimentis
805 1017 911 1072 anima·
959 1032 1004 1071 nee
1029 1015 1160 1070 Ecclesiae
1182 1014 1340 1086 presbyteri
1355 1013 1506 1069 cardinalis
1525 1020 1554 1068 et
1573 1013 1746 1077 cancellarii,
1758 1029 1777 1068 n
1864 1036 1867 1041 ·

93 1104 165 1158 lium
182 1112 344 1164 ¹vestrorum
362 1106 487 1162 decimas
507 1123 523 1162 a
542 1108 621 1163 vobis
640 1108 735 1163 nuilus
756 1114 911 1180 praesumat
959 1109 1024 1163 idus
1050 1108 1134 1174 iunii,
1150 1107 1302 1163 indictione
1327 1124 1374 1174 vu,
1398 1107 1600 1162 iucarnationis
1624 1106 1778 1162 ilomiuicm

94 1199 220 1269 exigere.
245 1200 355 1254 Fratres
379 1217 445 1256 vero
466 1204 583 1270 vestros,
608 1201 653 1256 rei
675 1218 828 1258 conversos
846 1208 911 1276 post
961 1218 1037 1256 anno
1063 1203 1141 1268 rite,
1156 1200 1339 1272 pontificatus
1362 1215 1428 1255 vero
1448 1200 1546 1255 domni
1559 1200 1676 1254 Adriani
1697 1215 1778 1271 papae

92 1293 198 1346 iactam
218 1292 426 1364 professionem
449 1294 485 1348 de
499 1296 622 1350 claustro
642 1295 799 1364 discedere,
816 1296 859 1351 vel
873 1296 910 1350 ad
959 1295 992 1350 lv
1009 1311 1084 1350 auno
1097 1310 1133 1348 ιι.

91 1386 181 1440 alium
199 1386 293 1440 iocum
310 1388 440 1457 transire,
462 1388 568 1458 absque
592 1389 702 1461 praeisti
722 1390 765 1444 sni
787 1389 831 1444 vei
851 1391 909 1445 ira-
1292 1365 1442 1422 mmlx·

92 1481 171 1532 trum
202 1479 317 1534 licentia
343 1480 476 1535 similiter
498 1481 710 1547 interdicimus3
736 1482 910 1538 discedentes
959 1469 1004 1524 Ad
1038 1471 1262 1522 Taifflwnensem
1285 1474 1312 1522 el
1336 1466 1540 1525 Ναΐὺθηθηθθηι
1565 1466 1777 1536 “icllei‘liwiwss

92 1571 188 1625 nulius
210 1571 409 1643 episcoporum
432 1575 634 1641 volantatem,
654 1579 704 1630 aut
725 1575 910 1633 ecelesiastica
996 1578 1029 1586 “
1044 1547 1100 1602 sub
1114 1549 1281 1640 pr⁰²⁶⁰fi⁰n³
1302 1546 1373 1640 “dii
1393 1545 1677 1639 “¹³⁰³‘⁰li⁶²,⁸f‘⁸⁶lpl⁸
1703 1548 1777 1636 ΒΨ

90 1665 407 1736 saecularisvepersona
420 1669 561 1739 suscipere
574 1669 709 1736 audeant,
718 1669 762 1723 rel
772 1669 904 1724 retinere.
994 1629 1128 1684 mundum
1142 1633 1264 1683 mmmm
1277 1629 1507 1687 mmmmm
1530 1627 1699 1695 dumisque
1711 1641 1776 1696 ΒΜ

89 1758 170 1822 Quod
187 1758 210 1811 si
227 1759 352 1813 secundo
369 1760 488 1814 tertiora
510 1762 700 1816 commonitus
723 1762 817 1817 redire
838 1736 945 1818 con-B
1232 1729 1342 1801 (sumit
1356 1731 1422 1784 ³¹¹⁰·
1443 1729 1501 1797 23.)

91 1851 249 1922 tempserit,
260 1868 325 1906 eum
340 1855 609 1909 excommunicandi
621 1856 748 1912 babeatis
763 1857 906 1913 licentiam
1155 1831 1260 1905 lllfflb
1278 1832 1393 1900 cmliii-³
1416 1831 1493 1897 ΧΧῙῙ»
1507 1831 1582 1899 828·l

90 1945 288 2000 Ordinationes
302 1962 370 2000 vero
384 1947 564 2015 clericorum,
578 1950 802 2006 consecrationes
816 1951 905 2006 eccle·
992 1943 1404 2015 anniacusepiscopuaservns
1423 1958 1567 1997 servorum
1580 1942 1638 2008 Dei,
1654 1957 1775 1997 venera-

90 2038 207 2104 siarum,
222 2039 278 2092 sive
294 2038 348 2093 alia
367 2041 556 2095 ecclesiastica
569 2050 746 2097 sacramenta
761 2060 777 2098 a
790 2045 908 2115 Mognn-
956 2036 1060 2092 bilibus
1072 2037 1208 2092 fratribus
1219 2037 1427 2092 Tarraconensi
1439 2035 1653 2107 archiepiscopo
1672 2039 1703 2089 et
1717 2033 1776 2107 [iia-

89 2131 151 2185 tino
173 2131 317 2202 accipietis
336 2132 561 2205 archiepiscopo,
587 2136 610 2190 si
637 2139 734 2191 tamen
755 2137 908 2192 catholicus
958 2130 1101 2203 assaraco]
1123 2129 1297 2184 Narbonensi
1314 2129 1525 2201 archiepiscopo
1546 2129 1704 2199 apostolice
1729 2143 1776 2183 se·

89 2225 188 2293 suerit,
209 2229 239 2279 ct
253 2226 374 2295 gratiam
393 2228 552 2298 apostolicae
571 2228 645 2283 sedis
665 2229 806 2294 habuerit,
826 2233 854 2284 et
874 2246 908 2286 ea
958 2224 1000 2278 dis
1013 2225 1107 2293 legato
1122 2239 1279 2295 sortemque
1293 2222 1493 2293 suffraganeis,
1510 2222 1629 2276 salutem
1653 2228 1682 2277 et
1704 2238 1773 2293 apo-

91 2320 181 2389 gratis
191 2336 223 2372 ac
237 2319 298 2374 siue
312 2321 449 2390 pravitate
469 2322 606 2376 exhibere
620 2323 751 2378 voluerit.
776 2323 907 2394 Alioquin
958 2318 1087 2373 stolicam
1105 2316 1348 2372 benedictionem·

90 2412 444 2468 liceatrobiscatboiicum
458 2431 543 2486 qrrem
558 2416 714 2470 malueritis
727 2416 805 2471 adire
824 2417 909 2472 antis·
995 2412 1130 2466 Dilectum
1147 2411 1236 2465 iillum
1256 2409 1458 2482 Raymundum
1474 2411 1615 2464 illustrem
1643 2408 1773 2464 Barcino·

92 2505 185 2575 titem,
202 2507 250 2576 qui
273 2511 369 2561 nostra
389 2508 477 2562 iulius
499 2511 667 2563 auctoritate
684 2509 762 2581 quod
784 2510 907 2581 postula·
959 2522 1079 2561 nensem
1093 2505 1253 2560 comitema
1264 2504 1443 2559 multisretro
1454 2504 1629 2576 temporibus
1642 2503 1774 2559 devotum
1848 2553 1855 2567 ,

88 2595 175 2649 batur
188 2595 345 2665 indulgeat.
360 2598 511 2665 Praeterea,
525 2615 591 2653 cum
606 2616 756 2655 commune
773 2601 908 2656 interdic·
958 2599 1115 2672 plurimum
1137 2615 1170 2653 ae
1183 2598 1298 2653 fidelem
1315 2603 1501 2653 sacrosancte
1520 2599 1653 2652 ilomauac
1679 2596 1773 2652 Eccle-

91 2691 253 2743 tumterrae
272 2690 370 2751 inerit,
394 2690 479 2745 liceat
501 2692 592 2759 robis,
617 2693 718 2748 clausis
737 2693 834 2764 januis
860 2711 907 2749 ex·
959 2693 1008 2747 siae
1046 2692 1197 2760 exstitisse,
1234 2697 1318 2763 atque
1356 2691 1392 2745 ad
1423 2692 1485 2763 ejus
1512 2690 1682 2763 obsequium
1715 2691 1773 2746 soi·

89 2781 183 2844 clusis,
198 2782 507 2838 excommunicatisvel
524 2785 694 2851 interdictis,
710 2803 766 2841 non
789 2788 908 2858 pulsatis
958 2786 1067 2841 licitum
1094 2801 1208 2857 semper
1233 2784 1391 2840 exhibuisse
1416 2801 1445 2840 se
1477 2801 1510 2840 ac
1546 2789 1687 2855 paratum,
1723 2800 1775 2839 uos
1867 2856 1870 2863 Ι

91 2874 300 2944 tintinnabulis,
315 2893 463 2947 suppressa
475 2893 544 2934 voce
564 2878 659 2935 diviua
673 2879 768 2936 officia
781 2881 908 2937 celebra·
958 2879 1012 2950 ipsi
1027 2878 1124 2933 multis
1144 2894 1239 2934 rerum
1262 2878 1467 2951 experimentis
1491 2879 1661 2949 agnovimus
1691 2882 1721 2932 et
1736 2876 1775 2932 ed

91 2984 132 3022 re.
148 2967 189 3022 ad
205 2968 340 3023 indicium
359 2974 455 3025 auteur
477 2971 562 3042 hujus
580 2978 719 3045 percepta
739 2990 756 3030 a
777 2976 909 3030 Romana
958 2972 1136 3028 discretionis
1149 2976 1248 3028 vestrae
1261 2973 1395 3027 notitiam
1409 2972 1554 3027 credimus
1565 2971 1673 3042 absque
1683 2969 1771 3026 dubio

90 3061 214 3116 Ecclesia
233 3062 369 3117 libertatis
393 3080 483 3118 unum
502 3065 657 3121 bizantium
683 3068 766 3122 uubis
786 3069 903 3123 uostris·
959 3065 1130 3137 peaueuisse.
1146 3065 1225 3121 Unde
1241 3070 1269 3120 et
1290 3083 1341 3120 nos
1354 3066 1384 3120 in
1403 3065 1549 3137 proposito
1573 3067 1603 3119 et
1624 3065 1773 3119 voluntate

92 3170 148 3225 que
169 3156 375 3210 successoribus
396 3157 514 3229 singuiis
536 3160 619 3213 aunis
640 3162 819 3230 persolvetis.
842 3162 906 3217 Sta·
959 3161 1100 3215 habemus
1115 3176 1180 3214 eum
1195 3165 1331 3230 tanquam
1346 3158 1560 3214 devotissimum
1576 3160 1606 3212 et
1618 3157 1772 3228 specialem

91 3248 200 3302 tuimus
214 3254 363 3319 preterea,
381 3255 413 3305 ut
434 3266 526 3321 neque
543 3253 649 3317 comiti,
666 3270 761 3324 neque
775 3254 907 3325 principi,
958 3253 1048 3307 tilium
1064 3260 1193 3308 nastrum
1207 3253 1318 3307 sincera
1331 3252 1470 3307 charitate
1491 3251 1610 3321 diligere
1632 3254 1661 3305 et
1677 3251 1774 3322 ipsum

91 3358 186 3413 neque
206 3341 350 3411 advocato,
368 3359 420 3398 nec
442 3343 524 3399 alicui
545 3345 741 3401 ecclesiastice
758 3348 801 3402 vei
819 3364 907 3403 saecu·
958 3346 993 3401 ab
1015 3347 1179 3418 iniquorum
1199 3345 1465 3416 impugnationibus
1484 3344 1652 3415 propensius
1674 3343 1773 3398 deien-

93 3435 145 3489 lari
159 3451 286 3505 personae
301 3436 384 3491 liceat
404 3436 543 3492 indebitas
562 3445 591 3493 et
612 3438 732 3508 inJustas
746 3440 909 3496 exactiones
959 3444 1053 3493 santes
1065 3440 1094 3492 iu
1110 3440 1189 3493 omni
1208 3454 1259 3493 sua
1268 3437 1378 3507 Justitia
1390 3437 1508 3492 sollicite
1524 3434 1698 3490 intendimus
1708 3451 1774 3491 con·

92 3528 201 3583 arabis
217 3529 342 3601 exigere,
356 3536 406 3585 aut
421 3530 615 3586 sacerdotibus
628 3533 908 3603 iupraeiataecclesia
958 3532 1063 3587 lovere.
1087 3531 1269 3586 venerabiles
1288 3534 1384 3585 autem
1406 3530 1506 3584 iratres
1530 3528 1618 3583 nostri
1638 3529 1775 3600 Pampiio·

92 3622 139 3675 rei
168 3622 197 3675 in
231 3623 292 3693 ejus
321 3623 490 3679 obedientiis
511 3626 756 3681 commorantibus
782 3626 907 3681 indebite
958 3625 1055 3681 nensis
1072 3632 1101 3680 et
1114 3626 1383 3695 Caesaraugusteuus
1394 3623 1516 3695 episcopi
1533 3623 1613 3677 nobis
1634 3638 1667 3677 ex
1691 3625 1772 3694 parte

93 3716 262 3787 gravamina
272 3716 412 3788 irrogare.
958 3736 1009 3774 sua
1022 3735 1179 3791 proponere
1192 3718 1364 3772 studuerunt
1373 3717 1461 3789 quod,
1474 3721 1575 3788 treuga
1589 3720 1678 3788 etpax
1695 3716 1773 3771 inter

129 3810 309 3865 Decernimus
331 3828 409 3883 ergo,
426 3817 458 3867 ut
476 3812 546 3867 nulli
565 3813 684 3868 omniuo
702 3813 854 3870 homiuum
875 3816 907 3870 ii·
959 3829 1027 3869 eum
1040 3819 1072 3868 et
1085 3814 1195 3885 lupum
1211 3811 1344 3866 valentiae
1358 3827 1456 3882 regern
1470 3810 1584 3865 discissa
1601 3809 1637 3865 sit
1656 3812 1684 3865 et
1698 3808 1775 3881 peni-

93 3906 158 3958 ceat
171 3904 318 3974 praelatam
332 3906 491 3973 ecclesiam,
505 3907 548 3961 vei
562 3908 622 3978 ejus
636 3908 710 3962 bona
724 3912 832 3963 temere
845 3925 908 3980 per·
960 3910 1005 3962 tus
1025 3907 1136 3962 violata.
1155 3909 1229 3962 Saue
1249 3922 1315 3960 cum
1336 3905 1397 3977 ipse
1421 3919 1526 3973 comes,
1547 3904 1620 3958 sicut
1637 3903 1776 3958 instanter

94 3997 219 4067 turbare,
234 4000 356 4070 antejus
379 4001 571 4070 possessiones
587 4001 711 4066 auferre,
733 4002 778 4057 vet
799 4002 909 4059 ablatas
959 4000 1067 4067 asserit,
1089 4000 1124 4055 ad
1139 4000 1315 4055 edomandas
1334 3999 1472 4054 barbaras
1498 4004 1599 4067 gentes
1618 4001 1648 4052 et
1670 3996 1772 4051 citeras

93 4090 229 4160 retinere,
251 4093 390 4161 minuere,
409 4111 459 4148 seu
481 4095 623 4165 aliquibus
637 4096 832 4151 vexationibus
846 4097 910 4152 fati·
960 4095 1099 4162 nationes,
1123 4094 1233 4149 rabiem
1254 4093 1383 4149 videlicet
1405 4092 1628 4159 Saracenorum,
1651 4107 1775 4163 quorum

93 4200 173 4255 gare,
188 4185 238 4239 sed
253 4187 352 4242 omnia
365 4188 477 4258 integra
496 4192 704 4244 conserventur
721 4206 835 4258 eorum,
856 4207 909 4262 pro
959 4187 1099 4259 pestisest
1106 4185 1346 4259 perniciosissima
1353 4185 1775 4253 Christianiamodisomnibus,

93 4295 216 4349 quorum
245 4281 450 4352 gubernatione
482 4285 513 4336 et
538 4282 745 4338 sustentatione
777 4300 911 4340 concessa
960 4286 1075 4336 auctore
1101 4281 1234 4343 Domino.
1260 4280 1419 4350 reprimere
1447 4278 1577 4333 intendat
1607 4284 1635 4335 et
1658 4279 1776 4335 viriliter

93 4378 169 4441 sunt,
184 4373 282 4428 usibus
300 4374 471 4431 omnimodis
489 4377 647 4447 protutura,
667 4378 743 4432 salve
764 4377 793 4431 in
816 4377 908 4433 omni·
960 4374 1141 4445 impugnare,
1154 4374 1270 4445 quidam
1284 4379 1380 4428 tamen
1396 4371 1566 4429 Christiane
1582 4372 1775 4444 prefessionis,

91 4465 145 4520 bus
177 4468 336 4536 apostolice
374 4469 448 4523 sedis
481 4470 647 4525 auctoritate
688 4477 718 4525 et
753 4468 1006 4541 dioecesaniuni
1019 4467 1115 4523 eidem
1130 4467 1231 4523 comiti
1245 4466 1443 4533 adversantur,
1457 4469 1521 4520 tum
1536 4465 1695 4533 inimicitia,
1711 4471 1774 4520 tum

93 4559 218 4633 episcopi
230 4561 369 4616 canonica
378 4562 501 4633 justitia.
960 4562 1046 4617 etiam
1068 4562 1198 4633 pecuniae
1207 4560 1361 4631 cupiditate
1374 4559 1483 4615 seducti
1499 4560 1583 4616 simui
1603 4575 1669 4613 cum
1688 4558 1772 4615 Sara·

130 4653 230 4724 Siqua
244 4655 340 4725 igitur,
355 4658 408 4711 etc.
539 4693 546 4703 -
959 4655 1046 4722 cenis,
1069 4656 1141 4710 sicut
1156 4654 1326 4726 accepimus,
1352 4670 1418 4708 eum
1438 4653 1593 4710 intendunt
1614 4652 1769 4721 offendere,

130 4747 187 4817 Ego
199 4747 350 4814 Adrianus,
361 4750 507 4805 catholicae
522 4752 653 4807 Ecclesia
671 4753 829 4825 episcopus.
959 4754 1044 4820 atque
1057 4749 1197 4820 inclytum
1208 4750 1272 4820 ejus
1285 4749 1418 4803 animum
1430 4755 1512 4804 atam
1521 4747 1657 4803 laudabili
1668 4762 1773 4818 propo·

130 4840 188 4910 Ego
202 4840 347 4895 iiubaidus
361 4842 455 4912 presb.
469 4844 547 4899 card.
564 4845 606 4900 tit.
623 4845 650 4901 S.
668 4848 811 4904 Praxedis.
959 4843 1014 4898 sito
1021 4842 1175 4909 retardare,
1189 4843 1270 4907 Quod
1281 4843 1382 4914 utique
1393 4846 1472 4897 tanto
1483 4842 1575 4914 magis
1589 4841 1669 4897 nobis
1689 4856 1775 4913 grave

130 4935 187 5004 Ego
200 4935 300 4999 icilius,
315 4936 409 5007 presb.
424 4936 502 4992 card.
518 4939 561 4992 tit.
576 4938 604 4993 S.
621 4940 756 4996 liarceiii.
960 4940 1003 4992 est
1017 4953 1050 4992 ec
1057 4938 1210 4992 molestum
1224 4942 1330 5009 quanto
1342 4943 1371 4993 et
1381 4953 1529 5008 personam
1544 4937 1606 5007 ejus
1626 4934 1776 4991 sinceriori

130 5030 189 5099 Ego
215 5029 371 5085 Beruardus
397 5030 521 5102 presbyt.
546 5031 700 5088 cardinalis
719 5034 794 5088 tituli
814 5033 909 5091 Sancti
958 5030 1109 5087 allectione
1121 5030 1280 5103 diligimus,
1291 5034 1321 5086 et
1333 5031 1439 5086 iactum
1454 5037 1511 5085 tam
1523 5030 1645 5101 impium
1657 5035 1773 5102 atquea
1789 5056 1793 5065 ·

94 5122 259 5178 Clementis.
959 5124 1100 5196 reiigione
1115 5125 1282 5181 Christianos
1298 5125 1367 5181 iidei
1379 5125 1505 5180 alienum
1521 5124 1712 5189 perniciosum
1725 5124 1774 5179 ad·

130 5219 188 5288 Ego
220 5218 369 5287 Gerardus,
397 5221 523 5292 presbyt.
561 5222 715 5278 cardinalis
740 5222 784 5278 tit.
814 5222 911 5279 Sancti
960 5218 1111 5289 implentes
1123 5221 1151 5273 et
1164 5220 1283 5289 posteris
1298 5220 1415 5292 prodire
1428 5219 1626 5291 cognoscimus
1637 5218 1666 5274 iu
1677 5235 1774 5274 exem-

94 5310 230 5382 Stephani
244 5311 274 5366 in
290 5313 493 5370 Catio-Monte.
961 5313 1051 5385 plum.
1071 5313 1107 5368 Ut
1128 5312 1218 5383 igitur
1237 5314 1286 5384 qui
1310 5315 1365 5369 boe
1385 5318 1526 5368 attentare
1549 5314 1775 5385 presumpserit,

128 5407 187 5476 Ego
202 5406 397 5477 ildebrandus,
409 5407 534 5479 presbyt.
553 5409 704 5465 cardinalis
719 5410 765 5466 tit.
786 5408 910 5465 basilice
961 5423 1022 5462 rem
1041 5407 1210 5477 sacrilegam
1230 5411 1258 5461 et
1271 5408 1418 5479 profanam
1444 5423 1473 5462 se
1498 5407 1592 5463 doleat
1617 5408 1776 5480 incoepisse,

94 5499 139 5553 lili
152 5501 359 5571 Apostolorum.
961 5500 1130 5556 fraternitati
1142 5503 1243 5556 vestrae
1257 5517 1309 5572 per
1322 5501 1478 5572 apostolica
1492 5502 1597 5572 scripta
1612 5503 1778 5574 praecipien·

129 5596 187 5665 Ego
202 5595 305 5663 Guido,
321 5597 444 5668 presbyt.
461 5598 538 5653 card.
553 5598 596 5652 iit.
615 5597 645 5653 S.
660 5597 773 5653 Caiixti.
961 5595 996 5650 do
1026 5594 1200 5650 mandamus
1229 5597 1369 5666 quatenus
1398 5611 1495 5650 omnes
1523 5596 1696 5652 Christianos
1726 5595 1777 5665 qui

130 5690 189 5758 Ego
220 5689 396 5759 Guilleimus,
419 5692 513 5764 presb.
539 5693 615 5749 card.
643 5692 685 5748 tit.
712 5692 809 5747 Sancti
834 5692 910 5748 Petri
961 5689 1260 5762 prefatumcomitem
1276 5689 1777 5761 cnjuspcrsonamettotamterrnm

96 5783 131 5841 ad
146 5782 271 5845 Vincula.
961 5784 1013 5842 sub
1029 5783 1058 5841 ii.
1074 5785 1149 5841 Petri
1159 5787 1189 5840 et
1203 5785 1302 5840 nostra
1313 5783 1492 5857 protectione
1505 5782 1690 5854 smcepimns,
1701 5780 1777 5839 utad
