3750 6046
156 214 187 273 tt
849 206 1008 268 trutinata
1031 204 1160 268 atratis
1306 186 1309 191 ’
1811 205 1845 264 ta

151 346 287 412 appareat
301 341 328 392 in
348 339 469 410 publico.
486 338 655 410 Plerumque
671 338 740 391 tales
754 335 906 389 salnliriter
920 336 967 388 ad·
982 348 1009 418 Α
1022 351 1054 388 cr
1071 335 1156 389 odore
1178 336 1326 405 unguenti,
1349 351 1413 388 cum
1435 333 1553 388 Ecclesia
1574 334 1752 404 respergitur
1773 333 1841 386 reli·

154 436 324 496 monentur,
344 438 373 486 et
394 432 520 487 remedio
542 433 637 503 dignae
656 429 848 485 conversionis
865 429 968 483 dirim·

153 532 198 581 lus
222 526 413 593 virillcantur3
441 527 538 580 multis
562 525 730 591 scientibus,
755 524 803 593 qni
830 522 895 577 indo
920 523 968 575 lte-

155 628 263 675 tantur.

188 717 240 769 Per
262 715 395 768 lazarum
412 713 729 783 jamsepultun1‚jmu
751 710 888 778 fetidum,
909 727 971 780 pec·

152 812 248 863 stanles
271 808 447 878 ligurantur,
472 807 522 877 qui
545 822 630 877 prava
654 805 739 859 etiam
764 803 968 859 consuetudine

151 902 348 973 implicantem
359 900 428 955 adeo
446 905 477 954 nt
490 900 542 971 ipsi
559 899 625 953 mali
639 900 818 953 cousuetudo
835 913 893 951 uon
910 913 970 967 fior·-

1021 429 1108 499 giosu.
1123 431 1183 483 ritae
1199 429 1272 482 launa
1286 428 1371 483 latria.
1387 427 1530 482 Suaritate
1545 427 1650 492 odoris,
1665 442 1722 497 qua
1737 426 1843 480 domna

1021 521 1140 593 impleta
1161 528 1212 590 est,
1232 522 1320 576 tradas
1338 521 1447 587 infelix,
1466 522 1516 593 qui
1533 520 1580 575 sur
1597 523 1660 574 erat
1680 523 1709 573 et
1732 522 1843 574 loculos

1021 614 1141 682 habens,
1167 615 1367 670 scandalizatus
1390 618 1447 681 est,
1470 614 1581 669 derata
1603 614 1690 668 etium
1713 614 1843 668 mulieris

1021 708 1212 763 ministeriam
1233 708 1425 780 reprehendit.
1449 707 1504 764 Sed
1527 708 1664 764 Dominus
1687 707 1713 762 ei
1732 714 1840 762 temere

1020 802 1185 873 objurganti
1212 807 1359 857 mansuete
1388 802 1533 873 respondit
1556 821 1563 855 τ
1590 803 1653 858 Sine
1677 803 1773 865 iitcm,·
1799 801 1842 854 bo

1019 912 1086 949 nerra
1105 898 1175 950 etaim
1190 911 1258 965 optes
1279 900 1391 966 operato
1410 901 1448 950 est
1466 899 1495 949 in
1514 911 1564 950 me.
1582 898 1667 950 Amen
1680 895 1740 950 dico
1766 896 1817 948 tibi
1835 912 1841 945 :

153 997 249 1050 mittut
270 1010 318 1049 eos
341 992 503 1063 intelligere
525 993 632 1047 malum
658 1008 720 1047 osse
744 991 820 1064 quud
847 992 968 1055 lacinnl3
1022 990 1183 1044 retinebitur
1203 992 1231 1042 tn
1254 994 1307 1042 toto
1328 990 1429 1043 ariundo
1450 988 1523 1059 qnod
1541 991 1607 1056 fecit
1626 990 1680 1043 bec
1702 991 1729 1042 in
1747 1004 1843 1042 tircano·

155 1088 231 1144 unde
245 1088 345 1142 crebro
365 1086 525 1141 detendunt
540 1086 616 1141 stelas
632 1086 709 1158 qnod
729 1092 834 1156 agunt,
850 1085 969 1155 jamque
1020 1085 1091 1137 ierim
1105 1083 1164 1151 ejus
1180 1083 1304 1147 tuerit„
1318 1099 1389 1149 xxrr,
1400 1086 1461 1138 a-ta
1471 1099 1477 1148 3
1489 1084 1584 1146 utare,
1603 1098 1658 1149 arr,
1673 1084 1734 1149 3-93
1747 1084 1842 1139 lonii..

154 1182 233 1236 velut
252 1181 362 1251 ingenti
387 1181 460 1234 mole
480 1196 621 1250 perversa.
643 1178 856 1233 consuetudinis
877 1178 969 1232 obruti
1023 1192 1072 1239 sn,
1091 1178 1161 1237 l·8j·.

157 1281 233 1330 sunt.
250 1275 409 1330 Procaciter
423 1273 597 1337 irascuntur,
618 1289 683 1327 cum
705 1272 969 1343 reprehenduntur-3
1057 1271 1163 1336 Plures,
1179 1271 1343 1325 curiositate
1357 1270 1445 1338 ducti,
1463 1268 1633 1324 Bethaniam
1648 1270 1795 1334 adierunt,
1811 1277 1841 1324 et

158 1374 187 1423 et
210 1370 312 1437 latent,
328 1368 396 1422 dnm
416 1382 510 1438 provee
528 1366 669 1438 opinionis
687 1366 781 1437 elogio
800 1366 901 1436 passini
922 1365 969 1419 ‹lo-
1022 1365 1157 1418 lazorum
1178 1363 1402 1418 manducantem
1417 1380 1483 1418 cum
1502 1363 1614 1419 Christo
1629 1363 1772 1431 viderunt,
1791 1367 1841 1419 lae·

160 1467 308 1534 rogantur,
328 1459 507 1532 proximique
528 1458 655 1514 ridentes
677 1476 736 1528 eos,
758 1474 856 1513 eorum
878 1474 971 1512 erenr-
1023 1458 1100 1528 tique
1123 1457 1319 1512 testimouium
1346 1458 1469 1513 mirandi
1497 1458 1592 1529 opcris
1616 1458 1841 1528 perhibuerunt.

156 1557 204 1628 plo
231 1554 383 1610 laeduntur.
412 1554 453 1607 llli
480 1552 615 1620 tandem,
638 1552 687 1624 qui
714 1553 841 1606 humano
864 1551 972 1621 judicio
1023 1550 1842 1622 invidentesargoPharisaeicogitaveruntresuscitatum

156 1647 309 1705 damnandi
332 1652 495 1712 censentur,
519 1646 689 1701 intrinsecus
712 1662 728 1699 a
751 1645 807 1699 Deo
829 1644 969 1698 vivifican·
1024 1645 1196 1713 interlicere,
1223 1645 1272 1700 sed
1294 1646 1397 1700 trustra
1419 1645 1585 1700 nitebantur
1607 1646 1720 1700 obstare
1735 1646 1842 1701 Christi

156 1747 212 1810 tur,
229 1748 326 1814 postea
340 1758 391 1811 per
409 1739 586 1795 sacerdotale
608 1738 801 1793 ministerium
823 1737 971 1793 absolvun-
983 1711 1011 1783 B
1023 1739 1237 1811 omnipotentie
1251 1742 1351 1807 (loona.
1367 1756 1413 1805 ru,
1430 1743 1487 1794 9-tl
1498 1740 1514 1803 l.

157 1844 214 1891 tur.
1144 1834 1185 1887 tlt.
1201 1836 1277 1889 lestis
1292 1836 1381 1887 intrat
1393 1834 1550 1888 raesulem.
1568 1834 1716 1889 rorante.

191 1930 294 1996 Aliter,
316 1927 409 1985 omnis
431 1928 516 1982 homo
539 1932 669 1982 mortuus
693 1927 820 1981 nascitur
841 1926 972 1997 originali
1057 1929 1089 1982 ln
1114 1928 1264 1982 crastinum
1293 1927 1372 1981 turbo
1399 1927 1503 1988 multu,
1528 1943 1588 1997 qua
1614 1935 1774 1981 conuenerat
1805 1928 1844 1980 ad

157 2027 284 2096 peccato.
305 2022 400 2077 Prima
421 2020 483 2076 dies
502 2021 601 2075 mortis
620 2025 673 2089 est,
689 2037 775 2092 quam
795 2019 872 2075 dedit
891 2020 973 2092 origo
1022 2020 1092 2074 diem
1110 2022 1221 2087 festum,
1242 2036 1300 2075 cum
1323 2020 1444 2074 ‹tarduset
1460 2022 1527 2090 quio
1547 2023 1622 2075 lesus
1641 2023 1716 2074 verrit
1733 2022 1844 2075 Inuen-

156 2116 331 2189 propaginis.
342 2115 471 2171 Secunde
486 2114 545 2169 dies
556 2119 598 2169 ost
614 2114 722 2181 mortis,
737 2114 805 2168 dum
820 2114 973 2169 crescendo
1023 2113 1083 2175 lom,
1103 2118 1265 2183 acceperunt
1282 2128 1370 2168 ramos
1388 2113 1553 2184 palmorum.
1568 2121 1593 2167 et
1613 2120 1799 2183 processerint
1819 2118 1845 2168 ei

157 2209 293 2265 adolescit
314 2210 417 2276 homo;
439 2208 516 2262 venit
538 2206 574 2262 ad
595 2223 686 2261 annos
707 2207 825 2261 rationis
845 2223 970 2278 capaces.
1022 2208 1139 2261 obuiam.
1155 2207 1408 2278 hppropiuqnante
1426 2207 1497 2261 hora
1514 2207 1727 2273 immolationis,
1742 2210 1842 2280 Agnus

157 2303 255 2374 incipit
266 2304 295 2357 in
307 2319 335 2358 se
348 2301 454 2356 babere
467 2300 633 2356 naturaliter
646 2300 751 2371 legem,
766 2316 822 2370 qna
836 2299 974 2356 docentur
1023 2301 1069 2356 Dei
1096 2300 1189 2355 iocum
1219 2300 1334 2372 expetiit
1364 2301 1511 2372 passionis.
1539 2301 1591 2366 Oui
1622 2318 1686 2356 cum
1716 2303 1844 2358 venisset

155 2397 321 2452 naturaliter
341 2395 482 2461 homines,
504 2398 535 2448 nt
554 2393 629 2465 quod
651 2393 704 2447 sihi
723 2393 785 2447 lieri
808 2394 971 2455 noluerunt.
1025 2395 1190 2466 bethphage
1211 2394 1246 2449 ad
1267 2398 1392 2449 maritam
1413 2394 1523 2463 Oliveti,
1539 2399 1606 2449 lunc
1619 2395 1690 2450 duos
1708 2412 1742 2450 ex
1757 2396 1840 2451 disci·

156 2491 218 2545 aliis
234 2507 269 2544 nc
282 2489 398 2556 iaciant,
413 2488 461 2543 sed
476 2488 548 2542 hanc
567 2487 728 2558 transgredi
745 2486 861 2543 audent.
878 2486 973 2542 Tertia
1022 2489 1097 2561 pulis
1112 2489 1169 2543 suis
1185 2489 1272 2555 misit,
1288 2489 1385 2543 dicens
1403 2507 1407 2536 :
1424 2491 1462 2544 lte
1479 2491 1509 2543 in
1527 2490 1665 2544 castellum
1682 2490 1756 2559 quod
1776 2506 1840 2544 con·

157 2585 216 2640 dias
230 2584 330 2638 mortis
344 2589 397 2647 est,
411 2582 479 2636 dnm
493 2582 596 2652 scripta
616 2581 656 2635 lex
677 2580 789 2635 homini
806 2580 904 2650 datur;
923 2581 971 2635 sed
1024 2591 1067 2638 tro
1087 2598 1133 2637 vos
1154 2588 1202 2645 est,
1226 2589 1251 2635 et
1275 2586 1366 2637 statim
1389 2585 1530 2637 inuenietis
1554 2585 1661 2638 «tantem
1682 2584 1840 2652 sitientum.

156 2681 215 2751 ipsa
235 2692 350 2750 quoque
366 2674 571 2730 «contemnitur.
589 2676 651 2729 Post
669 2675 766 2729 omnia
780 2674 909 2730 Christus
925 2691 971 2729 re·
1022 2677 1165 2746 etpnltum
1186 2693 1246 2732 curn
1269 2692 1309 2731 eo.
1334 2676 1444 2738 Solrite.
1465 2684 1490 2731 cl
1513 2677 1640 2732 Mdaacite
1663 2678 1741 2732 mibi.
1767 2679 1843 2733 Durr-

156 2773 209 2838 nit,
227 2770 406 2841 evangelium
423 2768 527 2834 attulit,
544 2783 665 2839 regnum
682 2768 816 2823 coelorum
835 2769 971 2841 praedioa-
1024 2781 1061 2830 ωε
1082 2779 1173 2829 antem
1193 2770 1330 2841 discipuli,
1350 2771 1455 2825 asinam
1474 2776 1498 2826 et
1518 2771 1625 2840 pollion
1647 2771 1840 2841 Murranum

157 2868 209 2934 rit3
221 2864 295 2920 male
308 2862 475 2919 iacientibus
485 2861 610 2916 minatus
622 2865 666 2916 est
676 2862 850 2933 gehennam,
862 2863 972 2918 etbeno
1021 2883 1102 2938 super
1119 2881 1161 2921 eos
1178 2867 1336 2920 uestimento
1356 2879 1408 2919 suo
1421 2867 1617 2935 imposuemnt,
1633 2880 1745 2935 eumque
1764 2865 1842 2920 dau

155 2960 313 3015 virentibus
337 2957 422 3011 vitam
451 2956 583 3027 promisit
608 2959 757 3011 aternam.
787 2957 972 3028 Evangelium
1021 2976 1069 3033 per
1089 2960 1178 3018 sectere
1199 2961 1329 3026 fecerum.
1351 2960 1420 3014 Ecce
1446 2974 1491 3013 rex
1517 2962 1624 3025 noster,
1644 2957 1718 3013 sicut
1736 2958 1772 3013 de
1794 2958 1843 3014 illo

157 3055 245 3109 etiam
257 3051 463 3118 contemnitur,
480 3054 509 3104 et
523 3050 584 3105 haec
603 3055 647 3105 est
664 3053 765 3122 quarta
786 3050 845 3105 dies
862 3051 971 3117 mortis,
982 3082 1010 3156 C
1019 3053 1192 3125 jhmdndum
1212 3052 1392 3107 vaticinatum
1405 3057 1456 3119 est,
1471 3068 1528 3107 non
1545 3051 1625 3107 sedet
1638 3052 1667 3106 in
1682 3068 1767 3107 curru
1789 3070 1842 3108 au·

157 3165 212 3220 qna
225 3149 344 3202 lazarus
358 3145 387 3200 in
402 3145 544 3200 mattsoteo
551 3144 651 3215 jacuit.
1024 3165 1072 3204 reo
1086 3164 1214 3220 purpure
1227 3147 1349 3218 fulgens,
1367 3163 1419 3200 nec
1432 3145 1563 3200 ascendit
1576 3146 1719 3201 torridum
1733 3163 1843 3219 equum

192 3245 263 3298 ltem
278 3239 369 3303 aliter,
386 3238 478 3310 primo
496 3241 537 3291 est
552 3236 674 3292 titillatio
691 3237 720 3292 in
735 3237 830 3300 corde,
847 3238 972 3294 secundo
1023 3242 1174 3298 discordiae
1188 3247 1217 3297 et
1230 3240 1286 3295 litis
1300 3243 1472 3306 amatorem
1483 3239 1533 3294 sed
1545 3239 1625 3295 sedet
1636 3241 1843 3312 superasinam

157 3350 319 3396 cousensus,
342 3332 425 3387 tertio
447 3332 571 3397 tactum,
594 3334 695 3403 quarto
715 3331 902 3387 consuetudo.
926 3332 973 3387 llis
1022 3334 1281 3406 tranquillitatiset
1303 3333 1378 3404 pacis
1398 3333 1531 3388 amicam.
1552 3335 1611 3390 Non
1632 3333 1718 3388 habet
1738 3333 1766 3388 in
1789 3335 1842 3390 cir·

158 3431 253 3501 itaque
274 3426 368 3482 modis
387 3442 451 3481 reus
471 3424 574 3480 occidit
588 3429 618 3479 et
635 3425 665 3479 in
680 3425 809 3497 sepulcro
827 3425 970 3497 putrescit.

157 3523 250 3578 Gratia
262 3521 309 3577 Dei
325 3536 375 3592 per
387 3525 537 3592 peccatum
556 3518 701 3590 elongatos
719 3523 839 3588 revocat,
854 3522 882 3574 et
897 3519 970 3574 mul·

157 3614 269 3671 tirnoda
281 3618 464 3686 peccatorum
484 3612 558 3667 mole
576 3610 725 3683 depressos
737 3611 773 3666 ad
787 3612 874 3667 vitam
893 3628 971 3668 reso-

158 3711 250 3765 seilal.

1023 3429 1099 3484 cuitu
1114 3445 1165 3483 suo
1179 3427 1360 3500 splendentes
1374 3426 1493 3497 gladios,
1505 3427 1554 3482 sed
1566 3428 1642 3482 venit
1653 3427 1841 3497 mansuetos3

1023 3539 1081 3578 non
1107 3528 1136 3578 ut
1161 3538 1211 3594 per
1237 3523 1393 3593 potentiam
1416 3521 1565 3587 timeatur,
1591 3521 1640 3576 sed
1667 3525 1699 3576 ut
1721 3524 1844 3595 propter

1023 3616 1275 3673 nransuetudiuem
1289 3615 1434 3685 diligatur.
1451 3616 1572 3670 Plurima
1586 3616 1668 3671 turbu
1682 3623 1844 3673 straverunt

1022 3712 1181 3767 uestimento
1193 3726 1245 3765 suo
1266 3713 1296 3764 in
1314 3711 1376 3775 rior
1397 3709 1448 3763 otii
1463 3715 1552 3763 tttttem
1575 3709 1713 3764 caedebant
1731 3712 1845 3777 frondes

195 3803 345 3874 Divulgato
375 3801 494 3856 Deitatis
523 3799 644 3855 mirabili
671 3801 810 3856 miraculo
836 3800 973 3857 relatione
1022 3805 1212 3861 decideretur
1225 3810 1251 3859 et
1263 3803 1415 3858 sternebant
1430 3805 1457 3857 in
1475 3805 1530 3857 irin.
1549 3804 1646 3857 Turba.
1662 3810 1767 3867 nutem.
1782 3821 1844 3875 que

160 3898 328 3964 multorum,
349 3896 398 3968 qui
420 3897 575 3966 praesentes
596 3892 705 3949 curiose
727 3893 910 3965 inspexerant
929 3897 970 3951 in·
1020 3891 1208 3972 precedebant
1217 3903 1243 3954 ct
1252 3912 1311 3968 qne
1320 3898 1512 3968 sequebantur.
1522 3897 1689 3959 clamabant,
1705 3899 1840 3955 dieentes:

159 3997 270 4064 spici-ato
287 3992 350 4061 lege
365 3990 401 4044 de
417 3990 527 4044 tumulo
545 3987 712 4060 processisse
728 3988 874 4059 Lazarrrm,
888 3990 972 4047 colle·
1023 3995 1153 4050 lloeouno
1176 3995 1232 4062 filiu
1261 3992 1363 4047 Dauid!
1388 3991 1543 4046 bertertictns
1567 3994 1616 4061 qui
1639 3995 1713 4047 uenit
1740 3995 1771 4047 tn
1796 4009 1844 4049 no-

159 4091 263 4158 gerunt
286 4083 434 4158 pontiDces
458 4088 487 4137 et
509 4081 642 4137 Pharisaei
667 4081 815 4137 consilium
839 4083 973 4140 adversus
1022 4091 1093 4144 mine
1115 4088 1240 4142 Domini!
1260 4086 1426 4142 benedictum
1446 4100 1557 4153 regnum
1577 4087 1668 4156 patris
1687 4089 1775 4141 nostri
1793 4085 1844 4143 Do·

156 4182 305 4247 lesuru‚et
319 4177 512 4250 prophetante
525 4176 631 4247 Caipha
645 4177 832 4233 decreverunt
846 4178 972 4234 utinter-
1022 4182 1086 4237 uidi
1118 4183 1248 4237 Dersunno
1279 4183 1307 4234 in
1338 4180 1467 4234 succisis!
1496 4180 1613 4248 Quidum
1641 4178 1844 4237 Pharisaeorum

159 4276 278 4329 licerent
292 4288 369 4327 eum.
1021 4274 1152 4330 dinenrnt
1165 4275 1202 4328 nd
1214 4274 1291 4328 illum
1308 4291 1315 4327 :
1329 4275 1470 4341 fluenter,
1485 4276 1593 4344 increpa
1606 4272 1755 4343 discipulos
1770 4279 1841 4332 tuos.

192 4366 270 4421 abin
285 4382 354 4438 ergo
367 4367 445 4420 tosus
461 4364 488 4419 in
506 4363 650 4433 regionem
667 4364 749 4436 juxta
768 4364 970 4433 desertanulli
1022 4369 1125 4437 mithres
1141 4370 1198 4437 ipse
1212 4368 1284 4422 dicit
1300 4382 1306 4419 r
1322 4368 1384 4424 Dico
1405 4367 1488 4430 uobis,
1509 4368 1575 4436 quin
1597 4368 1622 4421 si
1645 4369 1781 4423 tacuerim
1801 4368 1840 4434 iti,

157 4461 300 4517 civitatem
321 4475 385 4531 qua.
408 4457 512 4512 dicitur
531 4457 666 4528 Ephrem,
691 4458 786 4531 ibique
809 4460 1011 4533 morabaturl)
1023 4461 1294 4532 topicesolemobunt
1305 4460 1422 4530 tllrrttb„
1439 4477 1493 4529 xm,
1509 4463 1574 4529 1-93
1587 4462 1686 4523 urire..
1702 4478 1742 4530 xl,
1761 4464 1840 4532 l·lD;

157 4570 222 4610 eum
247 4551 392 4625 discipulis
423 4551 488 4606 suis.
517 4551 661 4624 Principes
687 4553 762 4606 enim
793 4551 973 4608 sacerdotnm
1023 4559 1098 4618 hac..
1120 4571 1175 4624 nx,
1197 4555 1293 4621 att-tn
1318 4557 1408 4617 loon..
1434 4570 1480 4621 xn,
1511 4555 1616 4623 ta-tat.
1645 4556 1717 4611 Cum
1743 4560 1841 4611 autern

157 4652 187 4703 et
198 4647 353 4720 complices
369 4661 470 4700 eorum
485 4644 623 4701 dederant
635 4646 801 4701 insudatum
816 4652 856 4714 nt,
871 4647 894 4701 si
910 4648 973 4718 quis
1023 4649 1271 4723 appropinquarit,
1284 4649 1382 4705 videns
1394 4648 1546 4718 civitatem,
1558 4665 1646 4720 super
1656 4648 1736 4704 illam
1751 4649 1839 4718 llerit,

156 4740 324 4814 cognoverit
339 4739 446 4808 ubisit,
467 4739 583 4808 indicet,
603 4745 635 4794 ut
657 4739 875 4812 apprehendant
894 4756 971 4796 eum.

156 4835 305 4892 'timebant
318 4834 423 4906 quippe
439 4850 475 4889 ne
491 4833 614 4889 rnundus
627 4838 701 4890 totus
713 4838 881 4907 sequeretur
893 4850 973 4902 enm,

158 4934 187 4987 et
207 4929 356 4986 venientes
380 4928 499 4983 Romani
522 4927 653 4982 tollerent
672 4928 713 4982 eis
737 4944 858 4999 regnum
881 4928 972 5000 titia..

158 5024 262 5085 total.

193 5119 273 5173 lesus
286 5123 353 5173 ante
367 5133 416 5172 sex
430 5116 490 5171 dies
505 5116 617 5171 Paschae
632 5117 709 5171 venit
729 5117 906 5186 bethaniam,
921 5118 974 5173 ihi·

157 5227 213 5286 que
231 5211 361 5268 fecerunt
375 5210 401 5266 ei
418 5227 536 5267 coeuam.
551 5212 660 5266 hlartha
673 5211 866 5279 ministrabat,
886 5213 972 5268 Laza-

158 5323 205 5362 rus
218 5321 284 5361 vero
297 5304 503 5360 discumbebat.
519 5304 605 5361 llario
618 5304 722 5362 libram
737 5304 879 5378 unguenti
892 5306 974 5364 nardi

1024 4749 1053 4800 et
1066 4745 1139 4800 mala
1152 4745 1192 4799 illi
1208 4742 1341 4815 praescius
1354 4742 1515 4798 futurorum
1531 4741 1664 4814 praedixit
1681 4742 1839 4799 imminen-

1025 4840 1074 4906 tia,
1089 4837 1213 4910 eoquod
1231 4843 1346 4909 tempus
1364 4835 1530 4891 visitationis
1549 4853 1605 4891 suae
1624 4853 1682 4892 non
1702 4849 1844 4908 cognove-

1025 4934 1070 4989 rit.
1094 4937 1159 4993 Com
1178 4934 1306 4988 intrasset
1321 4931 1486 4991 leuantem.
1506 4937 1636 4987 commoto
1656 4936 1693 4987 est
1713 4934 1843 4989 uictuma

1023 5030 1134 5090 ciuitas,
1157 5026 1247 5081 dicens
1274 5043 1281 5080 ι
1305 5027 1371 5094 Diris
1395 5030 1433 5080 est
1457 5025 1519 5080 tte?
1543 5025 1640 5096 Populi
1660 5030 1752 5081 certon
1776 5026 1845 5082 dice·

1025 5123 1090 5177 bont
1114 5145 1119 5174 ι
1145 5122 1194 5176 llic
1213 5126 1251 5175 ast
1270 5123 1346 5175 lesus
1365 5118 1498 5190 propbeta
1517 5134 1535 5174 o
1554 5121 1690 5176 Nazarretlr
1713 5121 1843 5177 Dalilae.

1025 5218 1057 5272 ln
1071 5215 1212 5288 templum
1225 5213 1275 5270 Dei
1287 5211 1412 5284 intravit,
1425 5228 1525 5269 omnes
1538 5211 1689 5268 rendentes
1701 5217 1731 5269 et
1746 5228 1843 5271 amen-

1023 5314 1066 5366 tes
1079 5308 1109 5364 ln
1127 5306 1177 5364 illo
1195 5305 1293 5379 ejecit3
1313 5310 1465 5364 atinenses
1484 5305 1733 5381 nommotoriorana
1755 5312 1782 5363 et
1801 5322 1845 5362 co·

156 5399 249 5474 pistici
270 5399 386 5472 pretiosi
398 5399 519 5471 acecpit,
534 5398 622 5471 pedes
640 5400 704 5455 lesu
725 5400 805 5455 unxit
823 5404 852 5454 et
867 5401 975 5473 capillis
1024 5402 1134 5458 thadeus
1147 5401 1323 5458 vendendum
1341 5402 1478 5458 colandus
1497 5403 1601 5465 metit,
1623 5399 1716 5457 moene
1730 5416 1738 5456 z
1753 5400 1844 5472 Scrip

157 5493 217 5549 suis
236 5493 362 5549 extersit.
385 5492 497 5549 Nerdns
518 5492 674 5549 aromatica
693 5492 801 5566 species
821 5501 875 5550 est.
894 5496 976 5552 Pictis
1024 5502 1081 5552 tum
1098 5501 1138 5552 eet
1152 5496 1243 5568 (lsai,
1265 5494 1618 5567 1.n‚t;.teraa.,vn,tlt
1637 5510 1645 5549 t
1667 5496 1767 5551 Domus
1784 5509 1843 5550 uren

151 5585 263 5655 Graece,
284 5586 350 5656 fides
368 5584 476 5643 dicitnr
495 5585 608 5653 hatine;
632 5586 698 5642 inde
719 5586 863 5659 poticam,
884 5588 913 5643 id
932 5594 974 5644 est
1024 5590 1120 5649 donae
1140 5592 1273 5648 erodente
1291 5590 1449 5655 accubitare
1463 5602 1511 5645 ooe
1530 5590 1622 5645 ouum
1642 5588 1747 5658 lactatis
1765 5586 1845 5644 illuni

155 5674 253 5753 Dtlele,
272 5678 381 5739 dicitur·
393 5685 573 5753 mouentum,
586 5679 654 5755 quia
668 5678 787 5737 cadaver
803 5696 838 5739 eo
850 5687 973 5755 perunc-
1024 5684 1178 5758 speluncam
1193 5686 1330 5743 latronum
1346 5682 1471 5754 (luith,
1490 5696 1544 5752 m,
1565 5684 1669 5754 to-te;
1689 5683 1788 5749 Hm..
1805 5694 1843 5753 ιι,

154 5780 218 5841 lom
235 5792 251 5832 a
269 5771 423 5849 putredine
444 5776 539 5831 serim
561 5771 692 5834 illesum.
713 5772 819 5835 Demus
839 5774 976 5852 impletor
1027 5782 1126 5849 trs-tn
1152 5782 1229 5845 hirc..
1253 5794 1308 5851 ur,
1330 5776 1376 5849 tt,
1391 5774 1444 5853 idq
1465 5778 1557 5847 loon„
1579 5792 1609 5851 n,
1633 5766 1744 5857 lidii:
1758 5776 1845 5839 aare
