3750 6046
31 292 34 299 .
155 208 190 293 'ri
836 223 997 284 ornentur
1020 224 1152 284 virtus
1800 218 1834 277 eo

154 358 245 426 desto,
268 356 316 427 qui
338 355 413 410 solus
433 354 505 409 forte
533 353 670 409 Romanae
696 351 791 423 gentis
819 350 966 406 Saxonum
976 349 1104 434 Acadex
1125 347 1275 404 iustiniani
1298 347 1497 421 promulgatus
1521 354 1574 402 est.
1597 346 1695 402 Victor
1716 362 1835 419 quoque

152 451 223 507 caedi
237 449 429 522 superfuerat,
444 447 543 503 occisis
557 447 587 502 in
602 445 702 501 eadem
721 444 887 516 parentibus
901 460 966 516 pur·
1014 444 1166 515 capuanus
1191 441 1337 514 episcopus
1367 441 1470 497 librum
1497 442 1532 497 de
1560 441 1666 497 Pascha
1690 440 1832 508 scribens,

153 561 227 618 pura
240 543 360 615 indutis,
370 542 515 599 victricem
530 556 632 597 eorum
644 541 762 613 gentem
776 542 966 611 provocantes
1014 535 1130 592 Victorii
1144 534 1240 608 arguit
1253 551 1375 593 errores.

154 639 190 695 ad
212 637 345 711 pralium
365 636 497 704 vincant3
518 638 549 690 et
567 651 601 690 ex
620 649 656 690 eo
674 636 803 706 tempore
824 648 901 688 nunc
924 630 965 699 hi,
1050 630 1190 687 Clotsrius
1207 646 1257 686 rex
1271 629 1442 703 grandevus
1454 635 1583 687 mortuus
1597 633 1650 698 est,
1666 634 1694 685 et
1708 645 1835 702 regnum

153 748 230 790 nunc
244 731 296 801 illi,
316 730 444 804 palmam
465 728 605 796 habuere,
621 727 713 783 donec
734 725 843 783 advena
862 730 966 796 poten·
1015 723 1190 779 Francorum
1215 723 1246 779 in
1270 723 1438 781 tetrarchias
1465 723 1587 780 divisum
1620 727 1672 780 est.
1702 723 1834 780 Parisios

151 826 209 884 tior
221 831 279 881 tota
292 825 477 898 perlongum
489 821 632 895 potiretur
647 819 753 875 insula.
1015 817 1092 873 enim
1106 817 1190 873 cessit
1203 816 1360 887 Ceriberto,
1376 816 1536 874 Aurelianis
1549 816 1731 887 Guntranno,
1746 816 1835 875 Sues·

187 920 272 975 Anno
286 934 344 990 quo
355 919 450 974 Zenon
463 915 606 987 imperare
619 913 713 986 coepit,
727 915 842 969 mortuo
853 910 965 968 Childe-
1015 911 1103 967 sionis
1118 910 1259 983 Hilperico
1277 913 1307 967 et
1325 911 1416 967 ldettis
1434 911 1586 984 Sigiberto.
1607 912 1737 985 lienique
1751 928 1835 968 xxxrr

152 1013 211 1069 rico
225 1012 378 1070 Clodoreus
397 1009 472 1065 filius
492 1008 552 1081 ejus
572 1006 603 1063 in
621 1005 711 1063 Gellia
728 1021 850 1079 regnare
868 1005 965 1079 caepit,
1016 1020 1092 1061 enno
1104 1003 1221 1076 imperii
1239 1004 1401 1073 iustiniani,
1417 1004 1576 1078 Sigibertus
1591 1022 1642 1062 rex
1654 1005 1758 1063 fraude
1772 1006 1835 1062 iiil-

153 1105 293 1178 snnisque
305 1120 349 1162 111
363 1103 477 1159 lortiler
491 1117 580 1174 agens
592 1100 734 1174 regnarit.
1015 1097 1105 1171 perici
1118 1097 1215 1154 fratris
1232 1098 1285 1168 sui,
1303 1115 1368 1154 cum
1388 1114 1444 1171 quo
1463 1099 1574 1155 bellum
1591 1098 1703 1168 inierat,
1724 1100 1837 1156 occisus

187 1197 349 1255 Anastasius
367 1193 449 1252 annis
465 1211 560 1252 xxvrrr.
579 1193 812 1251 transamundus
830 1210 880 1250 rer
893 1194 966 1249 Van·
1017 1194 1070 1260 est,
1081 1194 1111 1248 et
1123 1191 1324 1251 childebertus
1334 1193 1410 1249 lilius
1422 1192 1483 1264 ejus
1496 1192 1590 1249 adhuc
1603 1194 1751 1265 puerulus,
1765 1209 1835 1250 cum

153 1292 283 1349 dolorum
298 1289 429 1349 ecclesias
442 1289 595 1346 catholicas
609 1288 718 1355 clausit,
732 1294 760 1346 et
774 1302 844 1346 ccxx
856 1287 965 1360 episco·
1017 1285 1197 1342 Brunichilde
1219 1291 1312 1343 matre
1334 1302 1396 1355 sua,
1415 1302 1539 1359 regnum
1558 1286 1650 1359 patris
1669 1286 1705 1343 sd
1727 1303 1834 1360 regen·

153 1401 205 1458 pos
223 1385 323 1443 exsilio
335 1383 496 1441 Sardiniam
509 1379 595 1438 misit.
606 1382 794 1454 Symmachus
806 1397 879 1455 papa
891 1379 968 1437 inter
1016 1379 1086 1436 dum
1099 1380 1233 1453 suscepit,
1249 1384 1279 1436 et
1292 1397 1344 1438 xxv
1358 1379 1440 1436 annis
1455 1381 1596 1453 regnarit.

155 1480 247 1535 mulla
265 1478 450 1536 ecclesiarum
467 1492 564 1548 opera,
582 1492 646 1549 quse
667 1475 711 1532 rel
736 1493 753 1532 a
773 1474 967 1533 fundamentis
1051 1473 1178 1531 tustinus
1199 1474 1294 1531 minor
1313 1474 1395 1530 annis
1417 1490 1457 1531 11.
1479 1474 1581 1529 Narses
1599 1473 1738 1546 patricius
1757 1474 1834 1530 Toti-

157 1572 273 1643 creevit,
285 1572 329 1629 rel
342 1569 435 1644 prisce
447 1569 604 1640 renovavit,
618 1569 653 1625 ad
672 1571 791 1626 Beatum
807 1570 923 1625 Petrum
939 1570 968 1623 et
1016 1567 1074 1623 lam
1089 1583 1189 1642 regem
1205 1568 1363 1624 Gothorum
1377 1568 1407 1623 in
1425 1566 1505 1624 ltalia
1524 1567 1667 1640 superarit
1679 1572 1708 1624 et
1720 1567 1834 1625 occidit.

155 1664 275 1722 Paulum
291 1668 320 1721 et
338 1665 472 1721 Sanctrun
489 1662 683 1732 Laurentium,
697 1661 873 1736 pauperibus
885 1661 966 1717 habi·
1016 1661 1067 1726 Qui
1090 1661 1192 1718 deinde
1210 1678 1261 1734 per
1276 1660 1415 1718 invidiam
1429 1662 1641 1729 Romanorum,
1660 1679 1712 1734 pro
1727 1661 1835 1735 quibus

154 1758 248 1814 ucula
269 1757 436 1825 construxit,
456 1761 484 1813 el
503 1757 583 1814 omni
603 1772 680 1812 enno
703 1771 757 1829 per
777 1755 900 1811 Alncam
924 1727 1106 1811 releulta
1129 1759 1228 1812 contra
1248 1755 1354 1812 Gothos
1376 1741 1565 1823 laborarerat,
1586 1760 1734 1812 accusatus
1757 1756 1834 1828 apud

155 1851 317 1907 Sardiniam
330 1846 481 1924 episcopis,
496 1851 546 1922 qni
566 1850 597 1905 in
614 1849 712 1906 exsilio
727 1853 819 1917 erant,
833 1848 968 1920 pecunias
1016 1849 1159 1905 lustinum
1174 1853 1204 1905 et
1221 1849 1372 1923 conjugem
1386 1849 1448 1921 ejus
1463 1847 1603 1920 Sophiam
1622 1848 1700 1921 quod
1718 1849 1836 1905 servitio

156 1947 187 1999 et
196 1948 288 2001 restes
295 1943 483 1999 ministrabat.
492 1942 665 2014 Anastasius,
680 1941 748 2014 quia
755 1941 859 1998 haeresi
870 1941 968 1997 lavans
1016 1944 1162 2014 premeret
1174 1941 1293 2013 ltaliam,
1311 1942 1426 1999 secessit
1444 1941 1595 2014 Neapolim
1612 1941 1790 2014 Campania,
1806 1945 1837 1998 et

157 2037 319 2110 Eutycbetis
329 2035 488 2093 Catholicos
504 2035 650 2093 insecutus
669 2037 722 2103 est,
735 2034 832 2091 divino
849 2032 968 2091 fulmine
1017 2033 1131 2107 scripsit
1143 2034 1223 2107 genti
1235 2035 1488 2107 Langobardorum
1506 2038 1540 2091 ut
1551 2034 1684 2092 renuent
1698 2038 1729 2092 et
1739 2035 1834 2108 possi·

154 2131 252 2203 periit.
1018 2127 1119 2184 derant
1129 2127 1467 2201 ltaliamloannespapa
1477 2127 1627 2184 ecclesiam
1638 2129 1835 2200 apostolorum

154 2222 230 2281 iiiiii,
260 2224 405 2284 Ctodoveus
428 2240 478 2280 reo
502 2227 667 2282 Promotum
692 2225 860 2295 baptisatur.
886 2224 968 2292 Reges
1017 2220 1141 2294 Philippi
1156 2225 1185 2278 et
1195 2221 1302 2292 iacobi,
1315 2237 1405 2293 qnam
1418 2222 1613 2295 praedecessor
1624 2219 1686 2292 ejus
1700 2222 1835 2295 Pelagius

171 2320 345 2375 Francorum.
359 2321 440 2388 repes
454 2319 616 2389 Arctorum.
630 2321 807 2389 imperotores
823 2317 949 2373 ltomons'.
1017 2320 1150 2386 coeperat,
1162 2314 1232 2370 lecit
1242 2313 1427 2371 etdedicerit.
1438 2316 1516 2371 Tunc
1526 2313 1676 2370 bellicosus
1685 2315 1833 2388 Albuinus,

188 2410 346 2468 clodoveus
354 2426 407 2467 rex
419 2410 595 2468 Francorum
607 2428 644 2468 rr
651 2427 728 2467 anno
741 2408 826 2483 regni
836 2409 891 2478 sui,
902 2424 967 2464 cum
1016 2407 1144 2463 ludonis
1163 2407 1418 2481 Langobardorum
1438 2408 1514 2481 regis
1528 2408 1614 2479 lilius,
1631 2408 1668 2464 de
1686 2410 1834 2466 Pannonia

152 2504 245 2560 tribus
266 2504 407 2561 nobilium
426 2504 553 2560 millibus
572 2520 590 2560 a
608 2504 692 2562 beato
709 2503 843 2575 Remigio
861 2503 966 2559 liemo-
1016 2499 1167 2556 initaliem
1179 2501 1266 2570 venit,
1278 2517 1413 2574 eamque,
1424 2500 1610 2573 permittente
1619 2502 1736 2558 Nersete
1746 2503 1834 2576 petri·

154 2612 221 2654 rum
230 2596 445 2670 archiepiscopo
455 2596 611 2669 baptizatus
621 2601 673 2653 est.
684 2596 793 2654 Deinde
803 2595 967 2669 postrvllb)
1016 2593 1071 2664 cio,
1087 2610 1152 2650 cam
1164 2594 1283 2651 Guinilis
1298 2594 1357 2650 suis
1371 2594 1507 2651 obtinuit.
1670 2661 1673 2666 ,

156 2706 247 2746 annos
262 2689 342 2759 obiit,
356 2694 386 2745 et
397 2689 590 2746 Theodericus
602 2689 677 2746 lilius
696 2690 758 2762 eius
777 2689 803 2746 ei
818 2687 965 2746 successit.
1050 2685 1179 2743 Tiberius
1199 2687 1401 2745 Constantinus
1418 2688 1501 2745 annis
1520 2705 1568 2745 rrr.
1589 2689 1743 2762 Gregorius
1764 2690 1833 2746 tunc

158 2783 221 2848 Quo
238 2782 384 2851 defuncto,
406 2782 547 2840 Clotarius
569 2783 658 2840 irater
676 2783 738 2856 ejus
755 2799 809 2856 per
828 2799 920 2839 annos
940 2799 966 2838 nr
1016 2781 1217 2854 apocrisiarius
1236 2782 1266 2837 in
1287 2783 1577 2855 Constantinopolim,
1598 2786 1663 2856 post
1686 2784 1832 2840 Romanus

154 2875 186 2930 in
209 2875 300 2931 Gallia
320 2875 457 2948 regnarit.
480 2877 558 2932 Tunc
580 2877 729 2934 Gildardus
754 2881 782 2933 at
803 2873 915 2933 Flavius
937 2877 966 2934 in
1016 2873 1174 2948 episcopus,
1189 2875 1277 2932 libros
1290 2875 1475 2949 expositionis
1492 2876 1523 2932 in
1539 2876 1592 2933 lob
1605 2877 1713 2948 condit,
1730 2881 1761 2933 et
1773 2878 1831 2933 Eu·

154 2967 223 3023 sede
243 2967 465 3041 liotbomageusi
482 2967 660 3039 floruerunt;
677 2973 707 3026 et
718 2971 869 3027 Mamertus
881 2971 965 3027 Vien-
1015 2968 1115 3025 licium
1128 2969 1258 3041 ejusdem
1271 2968 1348 3025 urbis
1361 2970 1527 3043 episcopum
1546 2970 1577 3026 in
1590 2969 1648 3028 fide
1660 2974 1771 3028 nostre
1783 2989 1831 3028 re-

153 3060 250 3119 ssensis
265 3078 317 3134 pro
337 3062 508 3119 multimoda
522 3067 610 3135 peste,
625 3079 683 3136 qua
701 3064 825 3137 populus
841 3064 964 3138 angeba-
976 3092 1004 3167 C
1015 3063 1198 3120 surrectionis
1215 3080 1335 3135 errasse,
1349 3062 1461 3120 Tiberio
1480 3068 1624 3136 praesente
1637 3065 1778 3137 convicit3
1792 3067 1832 3124 ita

153 3153 212 3226 tur,
234 3155 355 3224 litanias,
374 3155 403 3211 id
423 3160 467 3212 est
485 3155 661 3229 rogationes,
680 3160 748 3214 ante
765 3158 967 3217 Ascensionem
1016 3157 1118 3229 utipse
1129 3160 1274 3230 humulus
1284 3156 1389 3214 librum
1399 3158 1470 3230 ejus,
1480 3160 1612 3232 quamde
1622 3160 1831 3217 resurrectione

154 3247 267 3305 Domini
281 3248 423 3305 solemnes
436 3249 570 3306 instituit.
1015 3251 1139 3323 scripsit,
1160 3252 1219 3309 suis
1239 3267 1355 3325 quoque
1378 3251 1527 3309 catholicis
1544 3253 1768 3327 allegationibus
1784 3254 1832 3310 de-

187 3340 313 3399 Justlnus
325 3342 422 3399 senior
430 3343 514 3400 annis
528 3359 588 3400 vrrs.
603 3345 728 3400 loannes
740 3361 815 3417 papa
828 3344 966 3403 Constan·
1014 3348 1139 3416 struens,
1155 3343 1328 3402 deliberaret
1339 3343 1463 3401 llammis
1482 3346 1604 3402 cremari
1616 3347 1763 3404 debuisse.
1776 3350 1828 3405 lio-

152 3435 307 3508 tinopolim
325 3435 452 3508 veniens,
467 3436 504 3492 ed
517 3441 631 3508 portem
650 3453 715 3509 que
732 3441 964 3509 vocaturslurea,
1015 3438 1099 3496 cebet
1120 3439 1198 3494 anim
1220 3438 1299 3494 idem
1319 3439 1443 3495 liuticios
1463 3456 1566 3512 corpus
1586 3444 1717 3497 nostrum
1736 3441 1766 3498 in
1783 3443 1831 3498 illa

152 3528 245 3586 turbis
264 3529 292 3586 ei
309 3529 535 3599 occurrentibus,
555 3530 586 3586 in
603 3534 755 3603 conspectu
775 3532 905 3588 omnium
917 3550 964 3590 ro·
1014 3532 1232 3590 resurrectionis
1246 3533 1337 3605 gloria
1350 3532 1546 3607 impalpabile,
1558 3538 1586 3590 et
1600 3534 1691 3591 veuhs
1704 3551 1830 3608 aereque

153 3621 317 3695 ganticseco
330 3623 430 3680 lumen
441 3623 576 3680 reddidit.
589 3622 722 3690 Quidum
732 3624 845 3682 rediens
856 3626 966 3683 lieren·
1015 3625 1146 3682 subtilius
1166 3641 1227 3682 esse
1246 3626 1394 3696 futurum
1413 3631 1512 3684 contra
1530 3627 1601 3683 illud
1622 3628 1829 3685 bominicum:

153 3730 222 3773 narn
234 3716 367 3785 venisset,
380 3716 571 3774 Theodericus
584 3733 652 3773 eum
665 3734 732 3775 cnm
746 3718 898 3776 comitibus
907 3736 965 3776 car·
1014 3721 1141 3791 Potpotc,
1154 3725 1181 3775 et
1198 3720 1288 3776 uidete
1304 3723 1371 3792 oum
1392 3723 1507 3792 sps'rs'tm
1526 3736 1633 3778 comem
1651 3726 1678 3779 et
1694 3738 1754 3780 osso
1775 3739 1829 3780 ooo

152 3809 225 3867 ceris
242 3809 397 3866 afflictione
415 3810 554 3882 peremit;
569 3809 677 3868 invidia
693 3811 805 3883 doctus,
826 3813 895 3885 quia
912 3815 964 3870 Ca-
1014 3811 1105 3877 babet,
1120 3814 1190 3869 stom
1207 3828 1249 3869 mc
1266 3814 1364 3870 videtu
1384 3814 1482 3870 bobes
1495 3816 1583 3887 (Luc,
1597 3831 1671 3885 rxrr,
1685 3815 1742 3889 39).
1758 3816 1830 3873 Gens

151 3902 265 3959 tholicse
285 3901 398 3975 pietatis
421 3902 552 3959 defensor
571 3904 697 3961 tustinus
721 3921 789 3962 eum
810 3906 965 3964 honorilice
1014 3905 1282 3981 Langobardorum,
1306 3906 1459 3964 comitante
1484 3908 1561 3965 ieme
1588 3913 1617 3966 et
1641 3911 1829 3979 mortalitate,

153 3996 331 4068 suscepisset.
357 3995 464 4053 Eodem
484 4012 561 4053 anno
586 3998 789 4070 Symmachum
814 3999 965 4073 patricium
1014 4015 1132 4056 omnem
1146 3999 1255 4057 invadit
1273 4000 1396 4072 ltaliam,
1417 4001 1568 4075 ipsamque
1584 4003 1748 4060 itomanam
1767 4020 1828 4060 vas·

152 4087 294 4144 Ravenna
322 4087 433 4157 occidit,
458 4091 487 4143 et
511 4089 573 4162 ipse
596 4106 673 4147 anuo
695 4097 831 4164 sequente
854 4093 963 4151 ibidem
1014 4092 1099 4150 latrix
1111 4092 1221 4150 obsidet
1238 4095 1352 4152 urbem.
1369 4094 1478 4161 Quibus
1493 4100 1560 4153 tunc
1573 4113 1625 4154 rex
1638 4102 1765 4170 praeerat
1782 4098 1828 4155 tt·

152 4180 248 4238 subita
267 4184 357 4238 morte
368 4180 465 4254 periit,
478 4182 561 4255 eique
575 4183 606 4240 in
618 4199 707 4258 regno
719 4185 898 4244 Athalaricus
909 4205 962 4246 ne·
1013 4186 1128 4244 buiuus.

151 4290 202 4348 pos
220 4274 282 4347 ejus
298 4274 440 4332 successit
458 4275 614 4333 llildericus
625 4278 818 4336 vandalorum
836 4297 885 4338 rex
900 4283 962 4356 epi·
1048 4280 1196 4338 mulctas
1215 4281 1298 4339 annis
1323 4296 1380 4340 xxr.
1399 4284 1637 4360 herminegeldus
1664 4286 1827 4360 Liurigildi-

39 4452 42 4457 Ι
152 4383 252 4442 scopos
278 4367 315 4425 ab
339 4368 438 4426 exsilio
459 4370 576 4439 reverti,
597 4377 626 4428 et
651 4372 782 4429 ecclesias
803 4374 963 4433 instaurare
1014 4375 1102 4450 guisei
1114 4375 1272 4433 Gothorum
1285 4376 1751 4451 regislilius,obfideicatholicae
1764 4399 1829 4439 con·

151 4461 298 4536 precepit,
312 4466 378 4536 post
389 4478 479 4520 annos
496 4479 574 4554 arxis
593 4465 733 4523 haeretice
746 4458 1169 4540 profanationis.Diessionem
1191 4468 1454 4543 inexpugnabilem,
1475 4479 1595 4547 epatre
1616 4473 1720 4532 Ariane
1741 4475 1827 4548 regni

151 4555 321 4612 &nedictus
335 4554 423 4613 abbas
436 4556 573 4613 virtutum
586 4558 677 4630 gloria
690 4559 800 4631 claruit,
813 4578 885 4636 quas
898 4562 963 4621 bea·
1010 4563 1138 4637 privatus
1151 4562 1259 4635 iululis,
1272 4568 1302 4621 et
1319 4565 1350 4621 in
1368 4581 1513 4623 carcerem
1532 4584 1565 4624 ec
1584 4568 1697 4624 vincula
1715 4571 1826 4644 projec-

150 4650 284 4722 tuspepe
300 4649 453 4722 Gregorius
465 4651 497 4706 in
509 4650 583 4708 libro
598 4653 773 4724 vmbrorum
786 4656 907 4730 scripsit.
1010 4661 1067 4728 tus,
1081 4657 1118 4713 sd
1136 4659 1297 4715 extremum
1318 4664 1402 4716 nocte
1416 4661 1541 4719 secunda
1557 4661 1712 4719 [lominica
1729 4680 1825 4721 resur·

185 4741 361 4798 lastinianus
371 4742 475 4800 tustini
488 4760 523 4800 ex
535 4761 634 4803 sorore
649 4761 738 4820 nepos
752 4749 836 4805 annis
846 4766 960 4808 murt.
1010 4750 1144 4808 rectionis
1165 4752 1260 4808 securi
1282 4752 1313 4809 in
1334 4754 1426 4827 capite
1446 4771 1605 4828 percrrssus,
1623 4772 1750 4831 regnum
1767 4774 1825 4816 coe·

151 4831 312 4891 Belisierius
325 4835 459 4908 patricios
473 4837 662 4896 slustiuieno
673 4839 704 4895 io
718 4841 843 4898 tineam
857 4844 962 4901 missus
1010 4843 1081 4901 leste
1093 4862 1147 4918 pro
1160 4852 1276 4904 terreno
1291 4864 1343 4904 rex
1357 4850 1388 4904 et
1398 4853 1508 4922 martyr
1522 4849 1648 4908 intrarit.
1663 4850 1752 4924 Crrjus
1766 4852 1826 4911 ira·

151 4930 268 5000 gentem
282 4928 474 4986 vandalorum
483 4930 599 4990 delevit.
609 4933 752 5006 Carthago
760 4950 875 5008 quoque
884 4953 961 4995 enno
1009 4941 1054 4996 ter
1066 4938 1258 5011 liecheredos,
1272 4957 1339 4999 mox
1356 4945 1389 4998 ut
1403 4959 1526 5016 regnum
1541 4948 1607 5018 post
1618 4949 1731 5019 patrem
1744 4964 1826 5006 acce·

150 5019 323 5079 excessionis
335 5037 469 5082 suaexcrr
481 5032 595 5099 recepta
611 5030 664 5096 est,
681 5027 769 5099 pulsis
787 5028 961 5106 devictisque
1009 5031 1062 5104 pit,
1083 5049 1200 5090 omnem
1221 5033 1392 5105 Gothorum,
1412 5037 1458 5093 cni
1477 5045 1612 5110 praeerat,
1632 5044 1760 5113 gentem,
1780 5042 1825 5099 iu-

149 5113 290 5186 vandelia
304 5118 334 5172 et
355 5115 511 5176 Gelismero
530 5135 599 5192 rege
616 5135 717 5176 eorum
733 5127 827 5195 capto,
843 5126 872 5180 et
884 5127 960 5184 Con·
1009 5128 1103 5184 stante
1117 5127 1247 5185 Leandro
1262 5129 1437 5203 llispaliteoo
1449 5132 1595 5208 episcopo,
1610 5135 1659 5208 qui
1672 5141 1702 5193 et
1715 5136 1826 5193 narmi-

52 5278 55 5283 *
149 5209 361 5283 stantinopolim
376 5211 475 5268 misso.
491 5211 600 5284 Corpus
619 5213 708 5270 sancti
723 5215 841 5273 latomi
857 5234 958 5277 mons·
1009 5220 1166 5294 negeldum
1177 5221 1323 5297 docuerat,
1339 5224 1510 5283 catholicam
1525 5229 1663 5286 convertit
1674 5230 1711 5286 ad
1725 5229 1825 5290 tidem.

148 5301 195 5359 chi
209 5302 305 5361 maine
316 5303 494 5362 revelatione
502 5310 648 5379 repertum
657 5308 859 5368 Alexandriam
868 5312 961 5371 deier-
1007 5314 1159 5372 lauricius
1178 5317 1266 5375 liliam
1285 5318 1389 5378 Tiberii
1407 5322 1586 5380 Constantini
1607 5324 1761 5399 conjugem
1775 5325 1826 5383 he·

147 5398 285 5483 taretin
303 5397 422 5455 eeclesia
441 5397 517 5454 Beati
530 5398 646 5456 ioannis
664 5401 798 5475 Baptista
813 5403 958 5464 humatur.
1008 5407 1082 5480 buit,
1097 5413 1126 5467 et
1139 5410 1253 5484 primus
1266 5414 1431 5472 Graecorum
1444 5416 1535 5473 lesces
1554 5418 1752 5476 Romanorum
1765 5435 1826 5494 ges·

147 5484 298 5563 Dionysius
321 5492 426 5547 Parrus
447 5490 594 5564 paschales
615 5492 712 5552 scribit
728 5495 865 5569 Circulos,
888 5500 959 5558 inci·
1008 5502 1055 5559 sit.
1071 5502 1236 5578 Gregorius,
1254 5508 1389 5567 Romane
1401 5500 1533 5567 Ecclesiae
1547 5511 1673 5585 pontifex
1687 5515 1717 5569 et
1727 5512 1826 5570 doctor

147 5581 229 5656 plens
247 5583 284 5640 ab
302 5598 380 5641 anno
397 5582 554 5643 llominica
571 5586 787 5649 iucarnationis.
803 5591 881 5651 'luno
896 5593 961 5655 orbi
1009 5596 1144 5673 eximius,
1158 5601 1376 5663 snaoltaurioii
1390 5601 1504 5683 imperii
1517 5616 1576 5681 nn,
1590 5605 1747 5665 indictione
1766 5623 1823 5669 nu.

175 5772 227 5841 βυ)
241 5773 289 5829 sto
306 5775 335 5831 ta
348 5774 430 5834 codd.
446 5781 476 5836 st
489 5780 518 5838 ln
533 5778 655 5840 sdltlone
668 5794 695 5841 r.
709 5798 735 5843 o.
750 5784 789 5845 be
800 5786 923 5847 Prtsost.
