3750 6046
70 212 139 269 {sou
568 217 739 275 aristote:
757 219 800 275 ET
819 219 1018 279 ralvltnaln.
1038 250 1073 263 -
1091 223 1147 279 ΑΝ.
1168 220 1247 278 litt.
1680 218 1750 279 1370

68 337 273 397 incarnationis
277 380 401 399 .....
425 357 502 397 anno
518 342 595 411 ltb'i,
617 343 799 414 pontificatus
814 361 883 402 reru
895 344 1746 430 Asiumdellordclgue,ecclesiamdolailazeira,ncclcsiam

69 432 170 488 domni
185 433 302 489 Adriani
316 451 397 507 papae
412 436 443 489 lv
459 453 535 491 auno
551 437 654 509 primo.
935 442 971 497 de
997 442 1097 510 Sadra,
1126 441 1273 497 ecclesiam
1302 440 1395 497 Sancti
1416 439 1569 506 Maxentii,
1598 439 1748 497 ecclesiam

464 532 494 585 V·
935 536 1031 592 Sancti
1054 536 1146 591 Boniti
1173 535 1209 591 de
1237 535 1365 604 avalofa,
1391 534 1539 590 ecclesiam
1565 533 1661 591 Sancti
1691 534 1747 589 lle·

185 619 363 687 Prioilogium
374 635 426 690 pro
439 622 602 675 monarcus
619 622 764 678 Tatelensi.
935 629 1025 697 dardi,
1039 629 1118 685 villas
1132 630 1166 684 de
1180 630 1294 685 vairaco
1308 632 1336 685 et
1352 629 1388 684 dc
1401 627 1512 700 Aquiua
1531 644 1596 683 cum
1616 626 1749 683 omnibus

210 712 332 783 (numa,
348 730 393 785 ap.
410 713 437 767 S·
452 715 580 783 Petrum,
596 716 660 772 ⁰0⁰·
675 716 732 779 i'a'ssr
933 724 1116 795 pertinentiis
1136 724 1204 778 suis.
1230 723 1259 779 Si
1286 739 1350 795 qrras
1377 739 1445 779 vero
1472 722 1605 777 Ecclesiae
1632 725 1682 776 aut
1702 736 1748 777 res

110 804 232 876 [Bibulo
247 808 369 862 ³5⁸lest
386 808 546 878 Tutotensis,
562 809 703 880 Append„
718 827 748 882 p.
764 810 837 884 lna}
935 818 1183 873 ecclesiasticave!
1201 817 1308 890 praedia
1321 815 1465 873 Tutclcnsi
1492 816 1664 871 monasterio
1687 832 1751 887 per·

102 908 241 965 tunsurus
260 908 529 980 episcopusservus
549 927 692 966 serrorum
709 912 767 982 liei,
783 913 883 969 dilecto
935 912 1053 968 tinentia
1069 930 1120 985 per
1135 913 1306 985 irreligiosos
1318 912 1433 968 abbates
1450 913 1493 967 rel
1513 912 1665 967 monachos
1679 911 1747 966 hac-

66 999 126 1055 lllio
141 1000 269 1056 Gaurano
282 1002 424 1058 Tutelensi
438 1003 533 1059 abbati
544 1004 660 1077 ejusque
673 1005 884 1061 successoribus
934 1009 1016 1061 tenus
1029 1007 1106 1062 laicis
1128 1007 1224 1062 illicite
1243 1007 1317 1062 datae
1342 1008 1385 1061 rel
1407 1023 1457 1077 per
1471 1005 1556 1060 laicos
1570 1006 1599 1060 in
1623 1005 1746 1061 aliorum

66 1094 239 1164 regulariter
253 1095 458 1151 substituendis
472 1098 499 1152 in
515 1102 698 1169 perpetuum.
934 1103 1173 1157 monasteriorum
1192 1102 1356 1157 facultatem
1371 1102 1443 1157 citra
1461 1101 1621 1171 legitimum
1635 1104 1748 1173 tempus

102 1188 217 1251 Quoties
239 1189 308 1243 illud
331 1206 345 1242 a
374 1189 455 1244 nobis
478 1191 674 1264 petiturqund
697 1192 830 1263 religioni
855 1198 885 1249 et
932 1200 1069 1267 rrsurpata
1096 1202 1171 1261 sunl,
1201 1202 1295 1252 restro
1324 1195 1438 1267 penitus
1462 1193 1638 1251 monasterio
1665 1193 1746 1249 resti·

67 1282 212 1337 honestati
226 1283 377 1339 convenire
400 1284 589 1354 dignoscitur,
602 1285 699 1342 animo
728 1303 778 1341 nos
802 1288 885 1343 dccet
933 1290 1036 1345 tuenda
1051 1290 1241 1363 praecipimus.
1258 1290 1299 1347 nd
1324 1290 1385 1345 baec
1408 1288 1578 1361 adjicientes
1599 1287 1748 1343 statuimus
1860 1338 1863 1343 .

66 1375 168 1431 libenti
178 1376 336 1432 concedere
347 1380 376 1433 et
388 1378 549 1449 petentium
561 1380 710 1437 desideriis
722 1397 882 1452 congruunt
932 1401 969 1439 ne
983 1401 1035 1457 pro
1057 1383 1213 1439 malefactis
1228 1384 1351 1440 militum
1368 1385 1397 1439 iu
1418 1382 1560 1439 Tutelcnsi
1582 1387 1674 1438 castro
1693 1382 1745 1437 ba·

67 1468 209 1541 impertiri
224 1470 402 1543 suffragium.
420 1473 588 1544 Eapropter,
605 1474 706 1531 dilecte
720 1475 749 1530 in
764 1476 883 1532 Domino
932 1479 1086 1534 bitantium
1101 1479 1309 1534 monasterium
1323 1478 1415 1550 ipsum
1430 1475 1704 1547 excommunicetur,
1715 1492 1749 1532 ea

66 1562 119 1631 tili,
138 1564 194 1618 tuis
206 1564 293 1635 justis
309 1565 549 1636 postulationibus
559 1571 673 1640 gratum
687 1569 884 1641 impertientes
933 1574 1029 1624 umen
1043 1569 1206 1625 conditione
1220 1574 1250 1624 ut
1262 1568 1350 1623 iidem
1373 1567 1488 1630 milites,
1502 1567 1525 1621 si
1549 1565 1747 1622 excommuni-

67 1674 216 1713 assensum
245 1659 395 1730 praefatum
421 1662 571 1716 Tutelcnse
598 1664 813 1732 monasterium,
837 1664 883 1719 cui
932 1663 988 1718 cati
1009 1666 1085 1733 sunt,
1100 1663 1136 1718 ad
1159 1662 1255 1717 divina
1275 1661 1332 1716 illic
1353 1661 1444 1716 officia
1467 1677 1525 1716 non
1550 1660 1747 1716 admittantur.
1843 1682 1851 1697 ·

67 1752 126 1808 lieo
142 1757 260 1808 auctore
274 1754 417 1825 presides,
432 1755 485 1811 snb
497 1754 573 1811 beati
584 1756 658 1812 Petri
671 1760 700 1813 et
710 1762 807 1813 nostra
821 1773 881 1829 pro·
893 1731 921 1803 Β
933 1756 1127 1813 nossessiones
1148 1755 1234 1811 ctiam
1259 1754 1417 1810 'tutelensis
1444 1754 1563 1810 caenobii
1592 1769 1643 1825 pro
1671 1752 1746 1825 ipso-

67 1847 190 1902 tectioue
210 1847 379 1920 suscipimus
393 1851 422 1904 et
445 1850 591 1921 presentis
613 1851 709 1922 scripti
731 1851 882 1924 privilegio
933 1868 997 1906 rum
1023 1850 1146 1906 militum
1173 1849 1289 1906 offensis
1313 1847 1481 1922 depopulari
1502 1850 1553 1904 aut
1574 1846 1703 1903 infestari
1729 1863 1747 1901 a

66 1941 294 2010 communimus,
322 1947 481 1999 statuentes
507 1949 537 1999 ut
560 1961 745 2017 qrrascunque
771 1962 881 2017 posses·
932 1944 1104 2018 quibuslibet
1117 1944 1244 2016 personis
1258 1943 1425 1999 auctoritate
1440 1940 1595 2013 apostolica
1609 1939 1745 2012 probibe-

65 2034 351 2108 sionesqurecnnqun
365 2036 440 2092 bona
454 2036 531 2093 idern
545 2039 751 2095 monasterium
766 2038 796 2094 in
812 2056 882 2108 prce·
932 2056 1005 2094 mus.
1019 2038 1200 2111 sepulturam
1223 2054 1337 2110 quoque
1359 2036 1487 2108 ejusdem
1511 2035 1565 2092 loci
1588 2034 1748 2091 secundum

65 2128 308 2201 sentiarumjustc
322 2136 350 2186 et
364 2132 499 2187 canonice
512 2132 647 2204 possidet,
656 2134 881 2191 autinluturum
932 2134 1081 2206 antiquam
1110 2149 1141 2188 ac
1167 2130 1331 2187 canonicam
1364 2129 1601 2186 consuetudinem
1629 2128 1747 2185 omnino

65 2223 246 2278 concessione
261 2223 440 2295 pontificum,
456 2226 609 2298 largitione
622 2243 723 2299 regum
737 2228 782 2283 rel
799 2228 881 2300 prin·
931 2227 1054 2283 libcram
1067 2242 1129 2283 esse
1150 2232 1179 2283 et
1202 2242 1374 2298 permanere
1398 2224 1587 2292 decernimus,
1600 2228 1633 2279 ut
1646 2238 1747 2278 eorum

65 2318 175 2389 cipum,
198 2317 343 2373 oblatione
370 2318 508 2387 fidelium,
528 2336 578 2375 seu
598 2320 660 2376 aliis
684 2321 883 2393 justismodis
931 2321 980 2394 qui
1007 2321 1066 2376 illic
1088 2320 1204 2392 sepeliri
1226 2318 1449 2375 deliberaverint
1472 2316 1614 2373 devotioni
1641 2320 1669 2372 et
1695 2333 1744 2371 ex·

65 2412 126 2466 Deo
158 2411 285 2483 propitio
310 2413 415 2484 poterit
440 2414 557 2487 adipisci
581 2416 661 2471 lirma
690 2415 742 2471 tibi
767 2416 881 2489 tuisque
931 2414 1194 2482 tremaeroluntati,
1211 2412 1265 2468 nisi
1283 2414 1354 2469 lorte
1370 2410 1656 2468 excommunicatiex
1679 2426 1746 2483 pro·

64 2505 275 2561 successoribus
289 2510 316 2562 et
330 2506 437 2563 illibata
450 2512 649 2578 permaneant,
664 2510 693 2564 in
708 2509 881 2582 quibushaec
931 2510 993 2583 prio
1009 2508 1111 2565 delicto
1127 2508 1193 2578 sint,
1216 2508 1309 2562 nullus
1328 2506 1454 2562 obsistat.
1475 2507 1654 2578 sepulturam
1677 2520 1746 2560 vero

63 2599 187 2672 propriis
201 2600 331 2656 duximus
347 2602 531 2672 exprimenda
545 2603 701 2659 vocabulis.
931 2602 1056 2660 militurn
1078 2608 1107 2658 et
1129 2618 1250 2657 uxorum
1274 2617 1400 2667 suarum,
1417 2599 1522 2655 scilicet
1543 2599 1578 2654 de
1591 2598 1694 2669 Gimel,
1708 2598 1744 2655 de

103 2695 133 2748 ln
148 2693 291 2766 adjacenti
305 2693 439 2752 videlicet
451 2696 542 2768 burgo
558 2698 705 2753 ecclesiam
725 2698 818 2755 Sancti
831 2700 879 2755 Ju-
931 2697 992 2764 Bar,
1008 2697 1043 2752 de
1063 2694 1197 2759 Bottiaco,
1211 2694 1246 2749 de
1267 2693 1406 2762 correzia,
1421 2693 1455 2748 de
1474 2690 1636 2761 Matrinaco,
1650 2690 1745 2748 Sancti

63 2788 135 2844 lieni
149 2792 177 2843 et
190 2789 337 2844 ecclesiam
350 2790 442 2846 Sancti
453 2791 696 2861 Petri,ecclesiam
709 2791 746 2847 de
758 2792 879 2864 aquina,
929 2789 1099 2861 Augustini,
1131 2788 1165 2843 de
1195 2788 1334 2845 Utmalros
1365 2804 1381 2842 e
1413 2788 1506 2855 Dent,
1540 2784 1680 2855 Doitrant,
1708 2784 1744 2839 de

64 2882 213 2938 ecclesiam
228 2882 263 2938 de
283 2886 371 2938 bento
391 2887 501 2953 nronte,
524 2885 661 2957 capellam
676 2886 711 2941 de
728 2888 814 2955 lloca,
833 2902 880 2941 ca-
932 2885 1118 2951 Bellomonte,
1139 2882 1174 2937 de
1197 2882 1316 2949 Saliaco,
1341 2881 1376 2936 de
1402 2883 1505 2937 Sancto
1529 2880 1687 2942 Clemente,
1708 2877 1744 2933 de

64 2976 168 3048 pellam
185 2976 220 3032 de
242 2978 344 3045 ldarco,
359 2978 497 3051 capellam
517 2979 552 3034 de
571 2980 725 3052 bosqueto,
742 2981 880 3052 capellam
930 2980 1033 3035 Sancto
1051 2976 1204 3042 Garnrano,
1224 2975 1259 3030 de
1282 2975 1382 3030 Sancta
1407 2974 1549 3042 Ferreola,
1572 2971 1608 3027 do
1631 2972 1743 3036 Favars,

64 3070 100 3125 de
122 3071 148 3125 la
168 3071 269 3139 Garda,
284 3072 430 3128 ecclesiam
452 3073 487 3128 de
507 3074 645 3144 Spaniaco
665 3091 730 3129 curn
752 3074 812 3147 ipsa
834 3092 877 3131 ca·
890 3100 918 3176 C
931 3072 966 3127 dc
986 3070 1092 3138 Cernit,
1108 3070 1143 3126 de
1158 3072 1262 3126 Sancta
1284 3070 1448 3135 Fortunata,
1471 3067 1506 3122 de
1533 3067 1561 3124 la
1583 3065 1683 3135 carna,
1708 3065 1745 3121 de

64 3165 151 3236 pella,
172 3166 309 3236 capellam
327 3166 363 3221 dc
387 3166 498 3239 Clergo,
518 3167 654 3239 capellam
675 3168 711 3222 de
731 3168 879 3240 spinaciis,
931 3166 1033 3223 Sancto
1046 3163 1191 3233 Amantio,
1206 3163 1241 3219 de
1254 3163 1347 3229 Naris,
1360 3162 1395 3219 de
1409 3165 1510 3229 Rocca,
1525 3161 1560 3216 de
1575 3158 1744 3228 biarciliaco,

63 3259 202 3330 capellam
225 3259 260 3315 de
279 3261 404 3329 butoire,
422 3260 559 3332 capellam
579 3260 614 3317 de
632 3262 773 3329 blonsalri,
788 3262 879 3317 eccle·
931 3260 966 3315 de
981 3261 1109 3332 clergor,
1118 3259 1153 3314 de
1166 3252 1746 3329 campaniaco,delndiniaco,dePandri³

63 3352 136 3408 siam
160 3353 194 3408 de
220 3353 311 3421 Viam,
329 3354 475 3411 ecclesiam
500 3355 535 3411 de
556 3355 723 3424 Gransania,
737 3357 878 3429 capellam
931 3370 977 3422 na,
994 3353 1029 3408 de
1045 3349 1248 3417 clementiaco,
1261 3350 1297 3406 de
1310 3348 1576 3415 Sanctodredi0,de
1588 3345 1746 3403 Sanctoldi·

67 3447 104 3501 de
128 3446 229 3502 Vetulo
251 3447 323 3515 tilio,
337 3448 472 3521 capellam
496 3448 532 3504 de
550 3449 722 3517 tlonedeira,
737 3449 880 3521 capellam
930 3439 1744 3515 cbacle,dcVairiaco,etdaTntelensicastello,ctomnium

64 3540 101 3595 de
127 3541 155 3595 la
180 3542 283 3610 valeta,
304 3543 444 3614 capellam
465 3543 500 3598 da
520 3543 668 3602 Sanciaco,
683 3545 819 3614 capellam
844 3543 880 3599 dc
930 3539 1130 3595 vicecomitum
1147 3538 1183 3595 de
1204 3539 1344 3606 Torenna,
1359 3536 1395 3591 de
1417 3535 1572 3603 comborn,
1587 3534 1622 3589 de
1641 3534 1744 3588 Vente-

62 3634 230 3707 tdadrangis,
259 3636 409 3691 ecclesiam
437 3637 473 3692 de
499 3637 658 3707 aureliaco,
680 3638 818 3710 capellam
844 3639 880 3695 de
930 3635 1012 3699 doru,
1028 3638 1057 3689 et
1080 3633 1115 3688 de
1138 3632 1242 3700 Gimel,
1256 3637 1285 3687 ct
1304 3647 1428 3687 uxorum
1452 3645 1484 3685 ac
1507 3628 1662 3684 liberorum
1678 3641 1743 3681 suo-

64 3728 196 3798 Boltiaco,
220 3731 360 3802 capellam
385 3730 419 3786 de
438 3731 543 3799 Plania,
562 3731 701 3803 capellam
725 3731 760 3787 dc
783 3732 808 3787 la
827 3732 878 3787 Ge·
930 3745 993 3784 rum
1009 3726 1118 3783 robisa
1135 3725 1261 3798 quolibet
1273 3723 1379 3779 auferri
1392 3724 1435 3779 vel
1450 3721 1619 3793 interrumpi
1642 3724 1744 3777 contra

63 3827 157 3892 aresta,
173 3823 314 3896 capellam
334 3823 369 3878 de
390 3825 512 3895 Carruac,
526 3825 664 3897 capellam
688 3825 724 3880 dc
745 3825 878 3895 Caruilio,
930 3821 1056 3878 ecclcsiae
1069 3824 1170 3876 vestras
1185 3819 1420 3876 consuetudinem
1437 3815 1609 3872 onrrrimodis
1621 3813 1742 3871 interdi-

64 3917 212 3971 ecclesiam
239 3918 274 3973 de
299 3918 498 3991 palaguangis,
525 3919 664 3990 capellam
690 3919 726 3974 dc
750 3919 878 3988 Auriolo,
930 3917 1029 3972 cimus.
1050 3916 1179 3971 Obeuute
1194 3930 1260 3969 reru
1285 3923 1312 3970 te
1326 3930 1402 3969 nunc
1426 3912 1556 3984 eJusdem
1571 3908 1743 3966 lociabbato

63 4011 204 4081 capellam
230 4012 266 4067 de
290 4012 460 4083 bellopodio,
475 4013 615 4084 capsellam
643 4013 677 4068 de
703 4014 878 4084 Marcocella,
928 4012 972 4065 rel
996 4013 1110 4066 tuorum
1124 4008 1253 4083 quolibet
1273 4024 1478 4074 successorum,
1495 4007 1589 4061 nullus
1609 4004 1647 4059 ibi
1671 4019 1741 4076 qua·

63 4104 199 4175 capellam
224 4105 259 4160 de
286 4105 417 4177 capiaco,
443 4106 591 4161 ecclesiam
619 4106 713 4162 Sancti
738 4107 880 4163 iliclrnelis
930 4104 998 4160 libet
1013 4102 1204 4175 subreptionis
1217 4102 1320 4157 astutia
1332 4119 1382 4158 seu
1399 4099 1532 4157 violentia
1544 4101 1741 4172 preponatur,

63 4204 93 4252 ct
118 4199 205 4270 ipsius
231 4199 314 4253 castri
341 4200 490 4271 capellam,
513 4199 662 4255 ecclesiam
689 4200 783 4256 Sancti
804 4201 879 4256 Petri
929 4198 983 4254 nisi
1012 4214 1098 4271 quem
1122 4198 1222 4252 iratres
1246 4197 1392 4252 communi
1415 4195 1531 4252 consilio
1557 4196 1600 4249 vel
1620 4194 1742 4248 fratrum

62 4292 97 4346 de
114 4292 249 4362 Baneriis‚
266 4293 397 4347 ccclesias
411 4293 446 4348 de
466 4293 593 4363 vairaco,
608 4295 748 4366 capellam
764 4296 878 4351 Sanctae
929 4310 996 4367 pars
1023 4292 1134 4347 consilii
1157 4291 1275 4346 sanioris
1297 4291 1451 4346 secundum
1477 4289 1524 4347 nei
1551 4288 1686 4344 timorem
1715 4289 1744 4343 et

61 4384 155 4440 liarirn
168 4386 203 4441 de
223 4386 379 4454 idaclrrriis,
395 4387 541 4443 ecclesiam
558 4388 593 4443 de
611 4390 713 4445 Sancto
735 4389 877 4461 Dionysio,
929 4387 1008 4443 Beati
1023 4384 1167 4441 benedicti
1182 4385 1321 4457 Regulam
1337 4384 1486 4456 clegerint.
1500 4382 1636 4438 Praesenti
1655 4380 1743 4437 ctiam

62 4477 211 4533 ecclesiam
236 4480 271 4533 dc
299 4480 432 4551 Faurgns,
453 4482 603 4537 ecelesiam
629 4482 721 4537 Sancti
743 4484 816 4539 Petri
841 4472 916 4545 del)
929 4481 1042 4536 decreto
1057 4479 1207 4535 statuimus
1233 4484 1264 4533 ut
1280 4478 1406 4534 decimas
1426 4478 1463 4533 ad
1483 4483 1588 4533 vestras
1610 4475 1743 4531 ecclesias

61 4571 205 4639 Cusantia,
223 4573 368 4627 ecclesiam
394 4573 428 4629 de
445 4575 583 4643 Matrona,
600 4576 746 4631 ecclesiam
768 4576 803 4631 de
820 4578 875 4631 l'o·
927 4574 1107 4648 pertinentes
1127 4575 1177 4628 aut
1193 4574 1241 4644 jus
1265 4588 1364 4628 carram
1390 4571 1485 4626 nullus
1505 4570 1623 4626 omnino
1639 4568 1743 4625 audent

62 4666 155 4736 gairo,
180 4671 207 4720 et
229 4668 367 4737 capellam
394 4668 428 4722 dc
457 4670 658 4735 bellocastello,
676 4671 814 4741 capellam
841 4672 875 4727 de
927 4673 1056 4727 minuere
1089 4671 1133 4726 rel
1164 4671 1287 4726 auterre.
1315 4669 1487 4742 adjicientes
1519 4668 1617 4723 itidem
1651 4672 1682 4722 ut
1712 4666 1742 4721 in

60 4760 166 4826 Castel,
189 4759 336 4815 ecclesiam
361 4762 396 4815 dc
417 4762 722 4832 llairinac,ecclosiam
747 4764 783 4819 de
807 4765 878 4819 nial·
927 4766 1034 4834 castris,
1055 4765 1128 4820 villis
1153 4769 1181 4820 et
1211 4763 1437 4837 possessionibus
1464 4762 1631 4820 monasterii
1655 4761 1741 4818 vestri
1837 4818 1841 4823 ,

61 4853 113 4920 lac,
128 4854 274 4909 ecclesiam
291 4854 326 4910 de
351 4855 527 4911 ltocamador
542 4873 606 4911 cum
629 4858 764 4913 omnibus
788 4860 875 4931 perti·
928 4876 1014 4915 nomo
1038 4875 1162 4933 unquam
1191 4874 1278 4913 noras
1304 4858 1479 4913 munitiones
1505 4856 1643 4912 redillcare
1664 4870 1741 4928 prac-

62 4947 167 5002 uentiis
190 4946 256 5016 suis,
284 4949 432 5004 ecclesiam
462 4950 497 5004 de
524 4949 643 5020 saliaco,
669 4952 816 5007 ecclesiam
842 4953 877 5009 de
926 4958 1029 5009 sumat.
1059 4953 1132 5009 Sane
1162 4953 1197 5008 de
1224 4951 1371 5008 laboribus
1396 4950 1517 5024 propriis
1543 4950 1674 5006 manibus
1698 4949 1741 5005 rel

60 5039 211 5108 ltonziaco,
227 5040 373 5096 eeclesiam
389 5042 423 5097 do
435 5043 603 5114 Marciliaco,
618 5044 765 5099 ecclesiam
779 5044 877 5101 Sancti
926 5047 1087 5119 sumptibus
1100 5064 1116 5103 a
1130 5047 1208 5102 robis
1225 5046 1319 5114 lactis,
1336 5045 1394 5101 sive
1416 5046 1450 5101 de
1471 5043 1655 5101 nutrimentis
1677 5060 1740 5099 res·

60 5135 167 5205 Aradii,
192 5134 339 5191 ecclesiam
362 5137 453 5192 Sancti
475 5137 604 5207 blanrilii,
623 5138 769 5194 ecclesiam
794 5139 827 5194 de
851 5140 877 5195 la
927 5144 1038 5197 trorum
1064 5141 1232 5196 animalium
1265 5139 1336 5197 nulli
1363 5140 1478 5212 penitus
1505 5138 1586 5195 liceat
1614 5137 1741 5195 decimas

60 5228 319 5297 Garda,coclesiam
334 5230 875 5301 &nctaFortunatae,ecclesian1deAl·
926 5235 1041 5306 exigere
1054 5236 1098 5290 rel
1112 5234 1234 5291 auterre.

58 5323 183 5392 luniaco,
198 5323 344 5379 ecclesiam
357 5324 392 5379 de
403 5325 555 5393 bonavilla,
568 5325 715 5381 ecclesiam
726 5326 762 5382 de
773 5328 877 5383 blolsco
962 5330 1147 5386 Decernimus
1155 5345 1224 5402 ergo
1239 5333 1270 5384 nt
1284 5326 1483 5385 nulliomnino
1497 5327 1647 5384 hominum
1658 5327 1742 5383 liceat

60 5424 88 5473 et
100 5418 237 5488 capellam
254 5418 341 5489 ipsius
355 5418 450 5487 castri,
465 5420 614 5475 ecclesiam
629 5419 722 5476 Sancti
740 5422 875 5491 amantii,
925 5422 1077 5496 praelatum
1106 5423 1315 5480 monasterium
1346 5428 1457 5479 temere
1482 5421 1660 5495 perturbare,
1685 5426 1739 5477 etc.

59 5511 210 5567 ecclesiam
239 5512 333 5568 Sancti
359 5513 501 5567 llicbaclis
525 5513 559 5568 de
582 5514 708 5585 l'norzes,
728 5515 876 5571 ecclesiam
926 5518 1008 5574 Salva
1040 5517 1115 5573 sedis
1146 5518 1307 5589 apostolicae
1332 5518 1502 5574 auctoritate
1532 5523 1562 5573 ct
1590 5515 1738 5573 diaecesani

59 5604 262 5661 Sarnousilraui
268 5606 428 5671 ,eracleslam
436 5608 530 5663 Sancti
538 5607 683 5663 Bonitidel
692 5610 875 5679 reniteccle·
926 5611 1050 5684 episcopi
1065 5611 1203 5667 canonica
1211 5612 1332 5684 justitia.
1347 5612 1376 5669 si
1393 5628 1450 5685 qua
1461 5613 1550 5684 igitur
1561 5612 1596 5667 'iu
1610 5612 1739 5669 luturuut

59 5700 132 5755 siam
152 5700 244 5755 Sancti
269 5700 392 5755 l‘ardulti
406 5701 441 5757 de
463 5702 592 5770 crozilla,
607 5702 754 5759 ecclesiam
779 5704 877 5760 Sancti
926 5706 1124 5775 ecclesiastica,
1140 5711 1193 5762 etr.
1207 5710 1311 5777 Arnen,
1325 5724 1422 5777 amen,
1439 5722 1534 5769 amen.

58 5791 170 5853 Martini
184 5810 248 5869 que
262 5798 303 5851 cst
316 5794 391 5853 iuter
404 5796 532 5855 [lustrans
549 5801 577 5855 ct
589 5796 770 5871 burdonum,
782 5798 874 5859 eccle·
962 5802 1021 5877 ligo
1036 5800 1175 5861 tedanus
1187 5802 1332 5863 catholice
1344 5802 1475 5865 Ecclesia
1489 5800 1656 5876 episcopas-
