3750 6046
60 172 129 229 reos
559 174 727 243 arrsroms
747 176 788 230 ar
806 170 1008 230 rnrvnacn.
1030 200 1064 212 -
1082 170 1136 227 ln.
1160 156 1251 226 arses
1669 170 1738 227 roro

58 304 119 355 tam
142 299 295 367 civitatem,
313 315 399 370 quam
423 299 453 354 in
475 299 538 371 ejus
561 301 674 371 tinibus,
698 304 790 357 vestro
813 317 873 355 nro·
886 311 915 385 Α
927 315 977 354 nec
992 298 1076 353 alicui
1093 297 1319 369 archiepiscopo,
1334 296 1379 351 vel
1393 296 1500 365 abbati,
1514 312 1563 351 seu
1575 280 1747 368 quomodo·>

58 393 182 448 nasterio
197 393 394 465 pertinentes;
410 394 558 450 ecclesiam
580 395 608 450 S.
626 395 740 466 Georgii
756 396 784 450 in
804 395 874 467 pede
924 392 992 447 libet
1005 392 1154 447 hominnm
1168 393 1249 447 liceat
1268 395 1393 446 restrum
1407 389 1612 446 monasterium
1629 393 1735 446 temere

57 486 147 557 ipsius
169 487 269 542 ltontis
284 490 310 541 S.
334 488 449 559 augeli,
465 506 529 544 eum
550 489 732 560 pertinentiis
746 489 813 559 suis,
831 507 872 544 sa·
925 485 1102 556 perturbare,
1123 486 1304 550 interdicere,
1321 502 1369 539 seu
1393 485 1489 556 aliqua
1509 484 1536 539 ci
1559 485 1734 554 gravamina,

56 579 131 635 linus
152 585 179 635 et
201 581 302 646 maria,
321 597 385 653 qum
408 582 436 636 in
460 582 587 654 partibus
609 582 719 655 Siponti
743 584 872 653 habetis;
925 579 1085 635 vexationes
1100 579 1215 645 inferre,
1229 579 1272 633 vel
1289 578 1375 650 ipsius
1392 577 1583 649 possessiones
1599 577 1736 644 adimere,

58 673 208 728 ecelesiam
223 674 249 728 S.
263 675 374 730 llartini
391 675 425 729 de
439 677 614 740 porcarezza,
631 692 695 731 cum
716 694 767 732 suo
788 677 872 732 terri·
924 672 966 727 vel
980 673 1089 728 ablatas
1103 673 1237 741 retinere,
1253 673 1396 740 nunnere,
1413 674 1463 726 aut
1482 671 1622 743 aliquibus
1643 675 1734 726 teme-

57 767 142 831 torio,
154 768 300 823 eeclesiam
312 769 338 824 S.
352 769 444 825 ldariee
458 768 648 839 deidatinata,
660 788 725 826 cum
739 771 873 826 omuibus
924 767 1005 821 rariis
1032 767 1229 822 vexationibus
1256 766 1398 838 fatigare,
1427 765 1475 821 sed
1503 767 1599 820 omnia
1625 763 1737 835 integra

58 861 95 916 ad
111 877 173 916 eam
190 861 410 933 pertinentibus,
427 869 455 919 et
473 881 572 919 omnes
593 865 661 919 alias
681 865 873 936 possessiones
923 866 1125 915 conserventur
1145 877 1243 915 eornm
1267 877 1319 931 pro
1335 877 1457 932 quornm
1480 859 1686 930 gubernatione
1709 861 1737 912 et

57 972 130 1027 quas
150 955 179 1010 in
199 955 301 1011 eadem
320 957 453 1013 Matinata
470 958 591 1013 habetis.
615 961 752 1015 Praeterea
772 976 871 1015 conce-

57 1049 152 1104 dimus
165 1049 258 1105 eidem
276 1051 449 1107 monasterio
463 1052 595 1120 fundum,
612 1052 660 1123 qui
674 1053 779 1108 dieitur
797 1054 872 1109 llati-

58 1144 172 1210 natella,
194 1149 222 1199 et
244 1144 388 1200 ecclesiam
415 1145 444 1199 in
466 1146 567 1201 eodem
593 1147 655 1201 loco
680 1147 870 1214 constitutam,

57 1237 148 1309 petias
162 1241 302 1293 terrarum
318 1244 347 1293 et
367 1242 470 1306 curtes,
485 1256 554 1310 quas
573 1239 684 1295 habetis
707 1241 736 1295 in
759 1243 820 1294 loco
836 1240 871 1296 de

56 1333 173 1385 tronto.
192 1333 222 1385 ln
237 1332 401 1404 episcopatu
414 1334 533 1388 Vestano
549 1334 696 1389 ecclesiam
711 1335 738 1390 S.
749 1333 870 1402 Theclae,

56 1424 206 1480 eeclesiam
228 1428 255 1480 S.
272 1426 417 1497 Eugeniae,
434 1433 461 1481 et
483 1427 628 1482 ecclesiam
649 1428 677 1484 S.
697 1429 789 1495 luca,
805 1444 871 1483 cunr

923 954 1128 1010 sustentatione
1150 972 1281 1010 concessa
1297 960 1366 1009 sunt
1379 955 1537 1027 protutura,
1553 953 1629 1009 salvo
1648 952 1733 1007 nimi-

923 1065 987 1103 rum
1000 1065 1086 1103 censu
1102 1050 1225 1104 duorum
1241 1049 1395 1104 solidorum
1415 1046 1575 1103 cassinensi
1592 1050 1733 1101 monaste·

922 1143 966 1197 rio
987 1160 1003 1196 a
1024 1142 1102 1197 vobis
1122 1143 1285 1198 annualiter
1312 1142 1510 1214 persolvendo.
1530 1141 1667 1197 addimus
1694 1140 1736 1194 iu-

923 1252 1018 1306 super,
1033 1240 1065 1290 nt
1078 1236 1304 1292 consecrationes
1320 1236 1525 1303 altarium,se11
1540 1229 1733 1302 basilicarum,

923 1329 1118 1385 ordinationes
1140 1332 1357 1398 monachorum,
1380 1332 1430 1403 qui
1453 1332 1486 1386 ad
1507 1346 1599 1384 sacros
1621 1330 1735 1385 ordines

920 1422 1028 1478 luerint
1050 1424 1247 1496 promovendi,
1268 1442 1318 1479 seu
1338 1425 1474 1496 quaelibet
1493 1423 1617 1479 ecclesiae
1642 1439 1736 1478 sacra·

55 1519 239 1589 pertinentiis
261 1536 370 1589 earum,
386 1526 414 1574 et
432 1536 533 1575 omnes
552 1538 598 1576 res
618 1522 647 1576 in
669 1523 788 1593 pretato
811 1521 869 1593 epi·
921 1519 1019 1570 menta
1033 1534 1049 1570 a
1063 1517 1222 1573 dioecesano
1235 1518 1393 1590 suscipiatis
1410 1518 1554 1589 episcope,
1575 1517 1596 1570 si
1620 1517 1735 1587 quidem

55 1616 173 1682 scopato
195 1616 287 1667 vestro
311 1614 484 1670 monasterio
504 1615 697 1686 pertinentes;
723 1616 869 1671 ecclesiam
921 1613 1004 1682 aptus
1015 1610 1103 1665 fuerit
1115 1613 1192 1666 loeus
1206 1617 1235 1666 et
1248 1612 1381 1683 gratiam,
1398 1618 1484 1683 atque
1499 1610 1734 1666 communionem

54 1705 81 1761 S.
98 1706 173 1760 Petri
192 1712 220 1760 et
242 1707 270 1762 S.
285 1707 379 1762 Mariae
391 1725 480 1779 prope
495 1711 640 1765 castellum
661 1710 784 1781 caprelis
806 1683 910 1764 cumss
922 1704 1083 1774 apostolicae
1102 1705 1175 1760 sedis
1190 1705 1333 1772 habuerit,
1349 1721 1438 1776 eaque
1464 1705 1541 1759 vobis
1563 1704 1623 1758 sine
1646 1702 1735 1775 pravi-

52 1799 235 1871 pertinenriis
255 1800 313 1854 suis
324 1818 332 1870 3
355 1801 490 1871 piscarias
509 1807 537 1858 et
557 1803 721 1875 piscatores,
736 1820 806 1875 quas
818 1804 869 1857 ha.
923 1797 1732 1869 tcteetexoetione,volueritexhibereipsaaquocunque
1802 1826 1805 1831 ·

53 1892 129 1947 betis
155 1894 182 1947 in
211 1894 338 1963 Barano;
364 1895 539 1963 molendina,
565 1913 629 1967 quae
656 1903 722 1951 sunt
745 1896 773 1951 in
797 1897 871 1952 valle
921 1892 1231 1947 malueritiscathclico
1251 1891 1733 1963 episcopopostulare,quinostrae

52 1987 153 2041 biantis
181 1986 280 2057 Nigri;
313 1988 459 2043 ecclesiam
485 1989 513 2044 S.
542 1989 685 2045 Pancratii
710 1990 869 2057 ischitellae,
921 1982 1736 2057 sedisauctoritatequodpostulaturindulgeathdindi·

54 2096 120 2134 cum
134 2081 225 2135 casale
244 2086 272 2135 et
295 2082 442 2137 territoriis
465 2082 541 2152 snis;
565 2083 712 2139 ecclesiam
728 2085 756 2140 S.
771 2085 824 2140 Viti
844 2090 871 2139 et
921 2079 996 2134 cium
1011 2084 1107 2135 autem
1118 2080 1200 2150 hujus
1211 2081 1514 2151 percepreanomana
1523 2079 1641 2135 Ecclesia
1651 2077 1735 2133 liber·
1825 2088 1831 2099 '

53 2178 144 2230 terras
168 2191 237 2246 quas
253 2175 328 2246 apud
347 2176 456 2230 Cannas
479 2176 608 2246 lrabetis3
632 2179 698 2232 ecel.
721 2181 749 2235 S.
773 2179 869 2234 Jaeohi
921 2173 995 2241 tatis,
1012 2174 1159 2228 dimidiam
1184 2174 1297 2228 unciam
1319 2173 1380 2227 auri
1400 2173 1520 2244 singulis
1540 2171 1621 2226 annis
1642 2170 1733 2234 nobis,

55 2277 135 2323 extra
150 2273 247 2338 portas
261 2269 363 2336 Garuli,
377 2286 441 2324 cnm
456 2271 633 2340 pertinentiis
646 2272 712 2341 suis,
727 2278 754 2327 et
775 2273 869 2327 omni·
921 2267 1081 2339 nostrisque
1097 2267 1302 2322 successoribus
1315 2266 1523 2338 persolvetis.Si
1537 2282 1591 2337 qua
1603 2265 1689 2335 igitur
1705 2264 1734 2319 in
1764 2268 1769 2275 “

53 2361 178 2417 bustam
194 2361 265 2416 infra
279 2362 411 2417 eamdem
425 2363 577 2431 civitatem,
595 2382 680 2436 qnam
697 2366 725 2419 in
741 2367 801 2437 ejus
815 2367 871 2437 epi-
920 2361 1051 2415 futurum
1062 2361 1252 2416 ecclesiastica
1267 2361 1442 2415 srecularisvc
1457 2376 1577 2432 persona
1589 2359 1662 2413 hanc
1672 2375 1734 2412 nos·

54 2461 181 2527 scopato,
205 2461 297 2511 vestro
327 2458 500 2512 monasterio
523 2459 749 2528 pertinentibus;
778 2461 868 2515 eccle·
920 2453 1732 2526 traeconstitutionispaginamscienscontraeamtemere

53 2549 125 2603 siam
151 2550 197 2604 SS.
225 2551 337 2620 Georgii
366 2553 394 2605 ct
419 2552 518 2606 Bacchi
542 2552 626 2607 sitam
651 2559 870 2625 superponam
919 2549 1015 2602 venire
1038 2550 1196 2615 tentaverit,
1217 2549 1342 2603 secundo
1365 2548 1482 2602 tertiove
1506 2547 1693 2614 commonita,
1709 2546 1732 2599 si

53 2644 148 2710 Treui,
165 2660 229 2698 cnm
244 2644 424 2715 pertinentiis
440 2646 509 2711 suis,
525 2652 554 2701 et
574 2664 673 2702 omnes
688 2664 733 2702 res
745 2652 805 2702 tam
825 2647 868 2702 in·
922 2658 979 2696 non
1003 2642 1194 2697 satisfactione
1217 2658 1343 2713 congrua
1366 2641 1571 2709 emendaverit,
1588 2638 1733 2711 potestatis

54 2738 100 2792 fra
121 2738 252 2792 eamdem
276 2737 429 2806 civitatem,
451 2756 535 2810 quam
563 2741 592 2794 in
618 2740 679 2811 ejus
708 2741 870 2812 episcopatu
919 2734 1093 2807 honorisque
1108 2735 1150 2790 sui
1165 2735 1303 2806 dignitate
1318 2738 1421 2801 careat,
1438 2751 1576 2806 reamque
1589 2751 1618 2788 se
1638 2732 1733 2787 divino

53 2834 150 2885 vestro
166 2832 338 2886 monasterio
356 2832 551 2902 pertinentes,
567 2835 717 2889 ecclesiam
734 2834 869 2890 Omnium
916 2829 1026 2901 judicio
1043 2829 1165 2883 existere
1179 2829 1214 2883 de
1229 2834 1390 2900 perpetrata
1405 2829 1554 2900 iniquitate
1568 2830 1729 2899 eognoscat,

54 2925 221 2980 Sanctorum
237 2926 317 2979 sitam
342 2925 369 2979 in
386 2927 458 2993 loco,
475 2927 523 2997 qni
538 2927 641 2982 dicitnr
657 2929 792 2998 Patiano;
817 2927 869 2983 do·
920 2927 950 2977 et
968 2940 978 2976 ὶ
999 2923 1185 2977 sacratissimo
1208 2939 1327 2993 corpore
1350 2927 1379 2976 et
1400 2921 1540 2993 sanguine
1563 2921 1624 2989 Dei,
1638 2925 1667 2975 et
1685 2921 1735 2975 lio·

55 3019 203 3073 nationem
218 3019 349 3075 omnium
366 3020 440 3073 infra
460 3021 629 3091 scriptarum
650 3038 745 3076 rerum
765 3022 868 3077 tactam
880 3055 907 3128 C
920 3016 992 3071 mini
1017 3016 1218 3088 Redemptoris
1239 3016 1329 3070 nostri
1348 3017 1413 3070 lesu
1436 3015 1538 3069 Christi
1560 3015 1651 3069 aliena
1673 3014 1733 3078 listi,

56 3112 93 3168 ab
115 3112 312 3167 lmmetaticho
327 3113 360 3166 de
381 3113 493 3168 civitate
511 3115 677 3184 Vigiliarum
699 3121 790 3171 vestro
807 3133 869 3171 mo-

54 3206 198 3273 nasteri03
225 3205 373 3261 ecclesiam
394 3207 422 3261 S.
448 3208 604 3274 Fortunati,
627 3210 656 3262 et
677 3209 821 3263 ecclesiam
842 3210 869 3264 S.

53 3300 172 3354 Tlromce
187 3299 307 3370 apostoli
324 3300 389 3353 sitas
404 3316 491 3370 prope
505 3300 640 3355 eamdem
651 3301 791 3357 civitatem
804 3319 870 3356 cum

54 3393 141 3448 rebus
158 3392 210 3447 sibi
226 3393 451 3463 pcrtinentibus;
467 3394 616 3448 ecclesiam
632 3394 680 3450 SS.
698 3394 820 3466 Philippi
844 3400 872 3450 et

53 3487 159 3556 Jacobi,
171 3503 236 3541 cum
253 3487 432 3558 pertinentiis
448 3487 505 3541 suis
522 3488 604 3542 sitam
624 3504 713 3560 prope
729 3487 871 3543 civitatem

54 3580 230 3651 idelphitam,
247 3586 276 3635 et
290 3597 389 3635 omnes
403 3581 473 3635 alias
497 3598 543 3635 res
564 3584 620 3637 tam
639 3581 714 3637 inira
736 3581 870 3637 eamdem

54 3674 197 3730 civitatem
224 3690 309 3745 quam
335 3675 364 3729 in
393 3675 453 3745 ejus
479 3675 654 3749 episcopatu,
685 3665 776 3731 vestro
806 3693 869 3731 mo·

54 3768 182 3823 nasterio
191 3767 380 3840 pertirreptes;
393 3767 541 3835 ecclesiam
550 3768 645 3824 Sancti
655 3769 781 3840 Procopii
790 3769 871 3824 sitam

55 3863 85 3917 in
108 3862 249 3917 civitatem
265 3861 388 3927 barensi,
404 3865 432 3917 et
451 3879 550 3917 ornnes
564 3863 634 3918 alias
649 3880 705 3931 res,
718 3868 777 3919 tam
797 3863 871 3918 infra

56 3957 187 4011 eamdem
203 3955 344 4011 civitatem
359 3973 445 4028 quam
460 3957 489 4010 in
505 3956 681 4028 episcopatu,
698 3959 793 4012 vestro
808 3974 869 4013 mo·

55 4050 176 4104 naslerio
191 4051 385 4121 pertinentos;
405 4051 596 4121 possessiones
612 4056 640 4105 ct
659 4052 786 4119 demum,
801 4067 885 4122 quas·

56 4143 166 4198 habetis
192 4145 221 4198 in
250 4143 359 4199 civitate
387 4143 478 4212 liubi3
507 4147 535 4199 et
559 4145 587 4198 in
611 4145 776 4216 episcopatu
799 4145 869 4214 ejus,

56 4237 203 4292 ecclesiam
216 4238 243 4291 S.
260 4237 370 4307 Angeli,
380 4238 444 4293 ctS.
458 4237 563 4292 Nicolai
576 4238 675 4292 subtus
689 4238 868 4308 ischitellam,

57 4346 122 4384 cum
152 4329 330 4400 pertinentiis
356 4331 424 4400 siris,
449 4334 478 4386 et
501 4331 640 4404 quidquid
669 4332 698 4387 in
727 4332 870 4387 territorio

56 4423 146 4495 ipsius
162 4422 281 4477 habetis.

92 4515 218 4571 Obeunte
240 4532 306 4571 vero
327 4522 354 4571 te
378 4518 507 4588 ejusdem
530 4518 583 4573 toci
604 4518 715 4587 abbate,
738 4520 781 4574 vel
804 4525 868 4575 tuo·

56 4626 120 4665 rum
142 4609 359 4681 quomodolibet
381 4628 586 4682 successorum,
612 4613 707 4667 nullus
735 4614 773 4668 ibi
799 4631 868 4685 qua-

56 4704 126 4759 libet
157 4703 348 4775 subreptionis
381 4704 484 4759 astntia
521 4722 570 4760 seu
609 4708 742 4763 violentia
781 4725 869 4780 appo·

57 4805 150 4860 natur,
171 4797 223 4852 nisi
252 4814 339 4869 quem
367 4799 468 4854 iratres
490 4801 636 4855 communi
660 4819 801 4857 consensu
827 4804 870 4857 vel

55 4893 175 4948 fratrum
205 4909 269 4963 pars
294 4892 404 4947 concilii
428 4893 549 4948 sanioris
574 4895 732 4950 secundum
761 4896 810 4950 nei
834 4896 869 4951 ti-

56 5002 179 5053 morem,
195 4989 222 5039 et
245 4987 273 5039 ll.
299 4986 443 5041 Benedicti
463 4988 599 5056 Regulam
623 4989 800 5058 providerint
820 4990 868 5045 eli·

57 5081 184 5152 gendum
195 5096 203 5148 ;
221 5081 328 5134 electus
349 5084 445 5135 autem
468 5081 502 5135 ad
526 5084 686 5137 itomanam
705 5083 869 5154 pontificem

55 5174 272 5230 benedicendus
284 5173 414 5240 aecedat;
431 5174 480 5245 qui
501 5175 639 5230 nimirum
656 5176 757 5230 liberas
772 5193 868 5248 perso·

56 5285 109 5322 nas
132 5267 167 5322 ad
193 5267 218 5321 id
244 5267 450 5322 monasterium
477 5268 512 5323 ad
535 5269 749 5325 conversionem
776 5271 870 5327 venire

55 5363 183 5417 volentes
208 5361 402 5432 suscipiendi,
432 5366 462 5417 et
489 5363 647 5418 secundum
674 5364 761 5436 ipsius
786 5366 869 5420 vestri

55 5456 86 5512 P.
103 5455 247 5512 Benedicti
263 5454 401 5526 Regulam
416 5456 608 5512 monachandi
628 5457 731 5514 habeat
750 5459 868 5515 faculta-

56 5555 126 5607 tem.

92 5639 296 5696 Censtituimus
310 5639 396 5694 etiam
411 5639 560 5696 decaetero
574 5642 604 5696 in
618 5641 719 5698 eodem
733 5642 797 5700 loco
808 5659 871 5716 per-

34 5764 38 5781 =
56 5733 150 5808 petuis
162 5734 266 5790 tuturis
282 5732 458 5807 temporibus
476 5735 556 5791 sedes
577 5736 703 5794 abbatiae
722 5737 868 5809 consistat,

219 5832 357 5902 Parnon.
377 5831 588 5903 Gbllllllllllt.

920 3116 1004 3182 utque
1025 3111 1054 3164 in
1074 3116 1203 3165 extremo
1226 3110 1357 3164 examine
1373 3109 1506 3164 districte
1520 3109 1620 3164 ultioni
1639 3109 1733 3180 subja-

921 3208 999 3271 ceat3
1015 3204 1125 3259 cunctis
1140 3210 1238 3259 autem
1252 3203 1347 3258 eidem
1367 3205 1427 3258 loco
1447 3203 1530 3257 citato
1547 3202 1737 3257 servientibus

921 3298 956 3352 sit
970 3315 1025 3368 pax
1040 3297 1150 3351 [lernini
1171 3297 1257 3351 nostri
1271 3299 1334 3351 Jcsn
1357 3296 1471 3363 Christi,
1486 3302 1629 3366 qnatenus
1644 3303 1673 3351 et
1689 3296 1733 3350 hic

920 3391 1045 3445 fructum
1065 3390 1148 3444 bonae
1168 3389 1284 3444 actionis
1300 3389 1468 3461 percipiant,
1485 3391 1513 3442 ct
1530 3389 1605 3459 apud
1623 3388 1734 3443 distric-

922 3487 983 3537 tum
1016 3484 1143 3553 judicem
1176 3483 1294 3554 premia
1322 3488 1436 3537 aeternae
1469 3482 1545 3552 pacis
1576 3481 1734 3537 inveniant.

921 3579 1024 3644 Arnen,
1040 3593 1135 3644 amen,
1151 3593 1246 3631 amen.

958 3672 1016 3742 Ego
1031 3670 1171 3725 Adrianus
1183 3669 1329 3724 catholicae
1344 3668 1473 3723 Ecclesia
1488 3668 1646 3740 opiscopus.

956 3767 1016 3837 Ego
1030 3765 1147 3830 lmarus,
1163 3760 1378 3818 Tusculanensis
1392 3761 1549 3833 episcopus.

957 3860 1016 3930 Ego
1030 3857 1179 3929 Gregorius
1193 3856 1358 3913 Sabinensis
1372 3857 1527 3927 episeopus.

956 3955 1015 4025 Ego
1029 3952 1178 4018 llubaldus,
1191 3950 1326 4006 Ostiensis
1339 3952 1500 4022 episcopus.

956 4049 1015 4118 Ego
1029 4046 1129 4112 Julius,
1141 4044 1331 4101 Praenestinus
1343 4045 1503 4116 episcopus.

957 4142 1015 4212 Ego
1044 4138 1198 4206 llubaldus,
1225 4138 1321 4210 presb.
1344 4139 1422 4194 card.
1453 4141 1495 4194 tit.
1527 4139 1554 4197 S.
1580 4140 1676 4198 Crucis
1704 4142 1733 4197 in

919 4237 1009 4290 Jerus.

956 4329 1015 4400 Ego
1046 4328 1200 4395 astaldus,
1232 4326 1379 4399 presbyter
1415 4326 1564 4381 cardinalis
1596 4329 1669 4384 tituli
1702 4330 1731 4385 S.

880 4426 910 4498 1)
921 4423 1031 4480 Priscae.

956 4518 1080 4589 Egolo,
1104 4516 1198 4588 presb.
1220 4516 1295 4571 card.
1313 4515 1359 4572 SS.
1374 4516 1417 4570 lo.
1440 4520 1468 4571 et
1491 4515 1569 4570 Pauli
1590 4515 1633 4572 tit.
1656 4518 1732 4573 Pam·

920 4612 1037 4667 machil.

956 4707 1013 4777 Ego
1031 4707 1086 4770 to„
1110 4703 1203 4775 presb.
1226 4705 1303 4760 eard.
1325 4704 1369 4760 tit.
1393 4702 1588 4760 SS.'Silvestri
1609 4707 1639 4760 et
1661 4703 1732 4762 liar·

921 4799 983 4855 tini.

956 4895 1014 4965 ligo
1027 4893 1096 4959 Ode,
1109 4893 1244 4948 diaconus
1259 4890 1409 4946 cardinalis
1429 4891 1458 4948 S.
1473 4891 1577 4948 Nicolai
1603 4892 1631 4947 in
1652 4893 1733 4953 aare.

920 4987 991 5042 Tull.

957 5083 1014 5152 Ego
1038 5081 1122 5148 llozo,
1144 5079 1279 5135 diaeonus
1305 5079 1383 5135 card.
1412 5078 1459 5136 SS.
1483 5081 1594 5135 Cosmae
1626 5087 1653 5136 et
1679 5081 1730 5137 Da·

920 5175 1019 5230 miani.

957 5269 1059 5323 Datum
1082 5267 1210 5321 Laterani
1234 5284 1284 5338 per
1307 5284 1426 5324 manum
1448 5269 1576 5337 lictardi,
1596 5272 1623 5324 S.
1644 5270 1677 5325 ll.
1697 5271 1729 5326 E.

920 5361 1077 5435 presbyteri
1092 5361 1169 5417 card.
1186 5367 1215 5417 ct
1235 5362 1393 5417 cancellarii
1413 5361 1474 5418 llal.
1489 5365 1616 5430 ianuae,
1630 5362 1729 5420 indict.

921 5459 1070 5513 nrlncarn.
1087 5456 1240 5512 Dominicae
1261 5472 1337 5511 anuo
1359 5459 1439 5525 tras,
1462 5457 1644 5529 pontificatus
1665 5475 1733 5515 vero

920 5552 952 5607 u.
968 5550 1082 5606 Adriani
1097 5566 1180 5623 papae
1192 5549 1225 5606 lV
1238 5566 1315 5606 anno
1332 5550 1392 5622 ejus
1404 5567 1431 5608 v.
