3750 6046
95 217 144 275 titt
784 217 945 278 cucumer
963 218 1094 277 virtus
1727 211 1778 274 itt

89 342 287 415 persecutione
310 344 338 397 in
365 342 481 398 Paulam
508 348 534 399 et
558 344 724 407 barnabam,
750 344 783 400 de
806 346 906 415 pnitus
916 344 1018 431 Adici
1031 341 1209 399 credentium
1231 340 1411 414 exgentibus
1428 340 1703 411 ratulemnt.(iaam
1716 357 1779 398 cum

92 440 146 492 suis
162 438 305 506 ejecerant,
324 441 349 493 et
367 438 413 493 illi
431 440 531 509 pecudia
549 439 626 510 pleni
646 440 906 495 looniamceneraat
956 439 1095 508 tepusmt,
1120 452 1201 508 super
1226 438 1409 492 consolatione
1427 439 1518 506 aaroni
1544 442 1619 492 sunt.
1641 436 1730 492 iudas
1751 440 1779 492 et

92 531 181 600 (ι’ωὰ,
195 532 302 600 last),
316 537 344 587 et
362 532 392 586 in
411 548 558 604 synagoga
575 532 681 587 ludaeis
701 536 732 588 et
748 532 850 588 Graecis
861 533 905 588 lo·
956 531 1040 599 Silas,
1061 546 1119 586 cum
1141 534 1227 586 essent
1244 530 1392 600 propheta,
1409 530 1490 584 verto
1506 530 1630 600 plurimo
1647 531 1780 586 masolam

94 624 150 680 cuti
163 630 239 680 sunt.
258 624 297 681 lbi
313 625 360 681 diu
383 625 537 694 demorati,
553 625 723 683 fiducialiter
737 626 767 681 in
785 626 907 682 Domino
956 629 1020 679 soor
1038 626 1140 691 fratres
1159 629 1184 678 et
1202 626 1442 693 confirmaverunt,
1459 639 1493 678 ac
1512 622 1697 696 postmodum
1716 638 1778 679 cum

93 722 227 789 egerunt,
249 735 341 791 eoque
361 726 543 791 cooperante,
559 720 641 791 signa
660 722 688 775 et
707 720 840 793 prodigia
857 736 908 792 per·
953 733 1022 788 pace
1046 719 1074 772 iu
1096 718 1252 773 Jerusalem
1276 716 1382 772 reversi
1405 722 1482 772 sunt.
1506 718 1610 774 Paulus
1635 722 1728 773 anum
1752 722 1779 772 ct

94 828 199 868 manus
220 830 320 869 eorum
344 815 417 868 iactr
438 819 512 868 sunt.
534 813 697 869 invidentes
716 815 805 885 igitur
826 814 908 886 impii
957 812 1098 868 Barnabas
1131 813 1284 868 Antiochiae
1318 812 1430 867 verbam
1463 813 1572 867 bomini
1607 810 1778 882 aliquandiu

94 910 124 961 et
143 907 265 978 gentilos
280 913 308 962 ot
320 907 419 975 iudai,
434 923 482 962 eos
501 908 682 962 contumeliis
695 907 808 964 afficere
822 914 850 963 et
865 908 907 963 la·
957 906 1232 976 evangelizaverunt,
1249 909 1278 961 et
1292 905 1359 961 iude
1379 905 1586 977 digredientes,
1600 904 1638 960 ab
1653 905 1778 960 invicem

93 1001 192 1072 pidare
215 1002 306 1056 moliti
329 1007 404 1056 sunt.
428 1000 468 1056 liii
492 1005 588 1056 autem
611 1002 649 1055 od
668 1004 790 1057 civitates
809 1005 909 1072 bpcao·
958 999 1038 1054 divisi
1056 1003 1132 1055 srvat.
1154 1000 1297 1055 Barnabas
1316 1015 1383 1054 cum
1405 1001 1498 1055 lieren
1517 1000 1629 1055 lcanae
1647 1000 1778 1071 Cyprum

94 1095 148 1149 nia
161 1097 286 1163 lystram
300 1101 325 1150 ot
345 1096 457 1157 Darden,
471 1100 496 1149 ct
510 1097 663 1150 universam
684 1098 712 1150 ia
732 1099 849 1151 circuita
868 1112 908 1152 re·
957 1094 1111 1165 navigavit.
1128 1094 1231 1148 Paulus
1245 1110 1324 1161 vero,
1340 1094 1433 1149 electo
1451 1093 1519 1161 Sila,
1534 1093 1649 1165 Syriam
1668 1097 1698 1149 et
1709 1092 1778 1150 Cili-

93 1191 199 1258 pionem
211 1189 502 1259 confregeruntibiqae
515 1189 791 1260 evangelizaverunt.
802 1192 833 1246 ln
846 1191 909 1246 doc·
957 1188 1032 1242 ciant
1052 1187 1264 1258 perambulavit.
1287 1188 1423 1243 Ecclesiae
1441 1187 1633 1255 confirmavit,
1654 1194 1684 1242 at
1709 1204 1780 1259 apo·

93 1281 170 1336 trina
191 1297 291 1337 aarum
314 1286 374 1338 tota
395 1281 492 1337 civitas
516 1287 662 1338 commota
682 1289 724 1338 est
748 1285 831 1354 (Act,
852 1301 908 1354 xrv,
959 1281 1098 1336 stolorum
1116 1297 1149 1336 ac
1166 1281 1313 1337 seniorum
1327 1284 1469 1353 precepta
1482 1279 1626 1337 custodire
1641 1280 1781 1353 pracepit

97 1375 165 1446 it).
960 1376 1050 1446 (ibid,
1065 1376 1172 1445 todi).
1187 1376 1255 1432 lnde
1269 1375 1299 1430 in
1316 1375 1427 1430 barben
1446 1378 1476 1430 et
1488 1376 1619 1447 lystram
1632 1375 1777 1446 pervenit,

130 1472 232 1539 lystris
253 1470 365 1540 quidam
388 1471 514 1535 circadas,
534 1474 583 1541 pai
599 1487 739 1542 nunquam
758 1473 910 1528 ambulare·
960 1467 1055 1540 ihique
1067 1469 1260 1536 Timotheum,
1274 1469 1324 1540 qni
1341 1484 1373 1524 er
1392 1474 1471 1539 patre
1490 1469 1590 1540 gentili
1608 1473 1680 1538 erat,
1694 1485 1780 1540 prop·

1 1579 2 1587 ¹
95 1568 151 1627 rat,
168 1566 320 1635 loquentem
333 1566 448 1621 Paulam
466 1566 584 1629 audivit,
601 1569 639 1634 et,
654 1565 781 1621 invocato
795 1566 910 1622 nomine
958 1566 1003 1617 ter
1018 1561 1183 1618 insidiantes
1201 1563 1316 1617 ludaeos
1335 1561 1523 1617 circumcidit.
1545 1562 1709 1633 Phrygiam,
1728 1563 1780 1617 Ga·

96 1660 208 1715 Domini
227 1662 293 1715 lesu
312 1660 439 1729 aPaulc,
456 1659 605 1715 confestim
621 1665 736 1716 sanatus
754 1662 866 1725 sentiit,
882 1665 911 1716 et
960 1656 1057 1711 letiam
1075 1662 1103 1710 et
1121 1656 1237 1728 llysiam
1253 1655 1443 1727 pertransivit,
1461 1659 1491 1710 et
1501 1654 1642 1711 Troadem
1657 1657 1778 1711 descen·

96 1753 213 1808 credens
231 1753 384 1808 bominum
406 1753 580 1824 glorificavit.
601 1754 682 1819 Quod
700 1755 798 1810 videns
819 1771 908 1826 popu·
921 1726 948 1797 Β
960 1749 1011 1816 dit,
1033 1755 1061 1804 et
1084 1750 1193 1804 visione
1212 1765 1263 1820 per
1284 1757 1401 1804 noctem
1419 1749 1583 1805 admonitus
1600 1749 1630 1804 in
1648 1750 1778 1805 haedo-

95 1848 150 1917 lns,
165 1847 313 1902 admirans
330 1846 486 1919 Lycaoniae
507 1846 578 1901 dixit
595 1862 601 1902 :
618 1850 663 1903 liii
674 1849 773 1903 similes
784 1849 855 1916 [acti
867 1850 910 1904 ta
960 1842 1039 1898 niam
1055 1843 1195 1899 transivit.
1212 1843 1359 1915 Philippii,
1379 1859 1444 1915 qum
1465 1843 1559 1915 prima
1580 1858 1646 1916 pars
1661 1850 1706 1899 ast
1719 1845 1778 1900 lda-

1 1929 2 1933 ¹
95 1944 199 1996 rninum
215 1942 410 1997 descenderant
424 1940 462 1996 ad
480 1956 539 1996 nos.
553 1944 588 1996 Et
606 1944 739 1996 uocabant
753 1943 910 1998 barnabam
959 1937 1098 2007 cedcnirc,
1114 1937 1285 2009 praedicavit,
1301 1953 1428 2009 eumque
1444 1937 1531 2009 Lydia
1545 1937 1721 2010 purpuraria
1734 1954 1780 1993 co·

93 2036 193 2099 locon,
214 2035 330 2090 Paulum
348 2049 410 2089 vcro
429 2036 602 2089 Mercurium.
625 2034 773 2091 Sacerdote
796 2051 909 2107 quoque
960 2030 1031 2096 leus,
1047 2032 1136 2086 iteam
1151 2031 1270 2098 audivit,
1283 2037 1312 2087 et
1324 2031 1469 2102 baptizata
1480 2047 1545 2086 cum
1555 2031 1641 2086 domo
1653 2048 1705 2087 sua
1720 2048 1781 2088 cre-

94 2127 178 2195 lovis,
193 2131 223 2182 et
240 2128 346 2199 popula
361 2127 415 2182 illis
431 2127 587 2183 sacrificare
607 2128 777 2198 volentibus,
792 2128 910 2200 apostoli
960 2124 1040 2193 didit,
1060 2131 1088 2180 et
1108 2125 1207 2180 tidalas
1230 2125 1307 2197 apud
1324 2140 1354 2179 se
1374 2141 1492 2180 manere
1512 2125 1624 2183 obnixis
1643 2126 1780 2198 precibus

95 2221 226 2293 protinus
255 2221 284 2275 in
310 2221 406 2276 turbas
431 2221 618 2290 exsilierunt,
644 2221 814 2294 tunicasque
847 2239 910 2278 suas
960 2218 1215 2289 coegitirlot.,xv1,
1232 2222 1313 2287 idi).

96 2315 306 2383 consciderunt,
321 2319 349 2369 et
366 2314 523 2370 humilibus
536 2314 629 2370 verbis
647 2314 776 2370 miraculi
789 2316 908 2386 gloriam
993 2313 1084 2368 Paulo
1103 2313 1140 2368 ad
1160 2312 1324 2368 arationem
1337 2314 1416 2369 eunti
1430 2330 1496 2369 curn
1509 2313 1591 2369 sociis
1607 2315 1668 2370 suis
1683 2316 1779 2386 puella

96 2409 130 2464 ad
154 2409 305 2463 llominum
328 2409 500 2477 retulerunt,
522 2424 641 2481 seseque
663 2409 857 2479 humiliantes,
877 2426 910 2466 ne
961 2407 1100 2478 quaedam,
1112 2406 1219 2462 habens
1233 2407 1365 2478 spiritum
1379 2407 1536 2480 pythonem
1553 2407 1699 2478 obviabat3
1713 2425 1780 2481 qua

8 2546 14 2557 .
95 2504 200 2558 sibimet
219 2505 398 2566 immolarent,
414 2505 463 2559 orte
477 2503 569 2559 turbas
584 2503 754 2559 sedaverunt.
771 2504 909 2575 Saperve-
961 2500 1085 2555 dominis
1100 2501 1157 2555 suis
1171 2517 1308 2573 magnam
1325 2504 1468 2574 questum
1488 2501 1644 2558 divinando
1658 2508 1778 2573 prasta-

96 2596 238 2652 uientibus
251 2598 284 2652 ab
302 2596 449 2652 Antiochia
464 2599 590 2653 eticonio
606 2597 718 2659 Jrrdais,
734 2596 826 2652 turbae
841 2613 907 2668 per·
960 2596 1017 2651 bat.
1046 2598 1107 2651 Hac
1134 2596 1196 2649 ilios
1217 2596 1371 2659 subsecuta,
1393 2597 1531 2652 clamabat
1554 2614 1563 2650 r
1584 2599 1636 2653 isti
1659 2598 1779 2653 dammas

96 2706 187 2745 suasa
214 2690 332 2745 Paulum
361 2689 573 2761 lapidaverunt,
598 2694 623 2744 et
648 2696 727 2745 eatra
753 2693 909 2755 civitatem,
959 2691 1030 2745 servi
1044 2691 1090 2744 liei
1104 2690 1202 2744 enochi
1219 2693 1292 2752 sunt,
1308 2693 1357 2760 aui
1371 2693 1541 2747 ‹reintratiaat
1555 2691 1720 2747 sabbatam
1731 2707 1778 2747 aa·

22 2812 25 2817 ·
95 2786 258 2839 estimantes
283 2798 340 2838 eum
366 2788 500 2838 montaum
525 2798 588 2846 csse,
613 2789 767 2839 alremont.
795 2786 911 2843 Circam·
961 2784 1035 2838 lata.
1055 2786 1108 2838 lloo
1128 2783 1197 2838 dum
1220 2783 1313 2839 maltis
1336 2783 1430 2839 diebus
1448 2783 1564 2853 iaceret,
1585 2784 1680 2841 dotem
1700 2787 1777 2841 Pau·

97 2877 226 2931 nitentibus
240 2892 300 2931 earn
314 2876 465 2947 discipulis,
479 2893 589 2946 carpens
599 2879 717 2933 intravit
725 2881 755 2932 in
763 2880 908 2943 civitatem,
961 2878 1004 2932 lus
1016 2879 1127 2948 spiritui
1138 2877 1209 2932 drmit
1221 2893 1228 2931 :
1239 2879 1369 2948 Praecipio
1382 2878 1433 2933 tibi
1443 2880 1473 2932 in
1486 2881 1594 2934 nomine
1602 2880 1666 2935 iesu
1678 2880 1783 2938 Christi

96 2976 241 3039 etpostcra
260 2970 455 3040 dieprofectus
470 2977 509 3026 est
526 2973 557 3025 in
574 2972 685 3026 derbem
702 2972 809 3027 lleinde
825 2973 910 3028 ambo
961 2973 1035 3026 ecire
1057 2971 1090 3025 ab
1111 2986 1151 3026 eo.
1176 2974 1212 3027 Et
1232 2973 1300 3026 cciii
1321 2971 1415 3027 eadem
1437 2973 1513 3026 tora.
1539 2973 1665 3029 Videntes
1687 2980 1781 3029 autem

95 3067 195 3121 reversi
216 3070 280 3119 sant
300 3068 426 3134 lystram
445 3069 471 3119 ct
486 3067 616 3128 leonium,
632 3067 804 3121 Antiochiam
825 3073 851 3121 et
868 3069 912 3122 Pi·
961 3065 1129 3135 dominiey'as
1145 3067 1212 3136 quia
1224 3067 1291 3120 eaiit
1303 3080 1364 3136 spes
1376 3070 1494 3135 quastus
1505 3080 1605 3133 eorum,
1620 3066 1686 3121 irati
1700 3072 1780 3137 sunt,

95 3159 204 3219 sidiam,
227 3165 252 3214 et
274 3159 382 3214 verbam
402 3159 465 3214 vita
491 3158 729 3230 praedicaverant,
754 3163 912 3231 animasque
963 3159 1077 3215 Paulum
1090 3165 1116 3214 et
1127 3158 1216 3214 Silam
1230 3159 1429 3231 apprehensos
1442 3162 1473 3213 in
1484 3160 1577 3227 [omem
1590 3160 1628 3215 ard
1638 3163 1780 3233 principes

96 3252 290 3322 discipulorum
315 3253 495 3308 exhortando
520 3252 780 3323 confirmaverant,
809 3257 837 3308 et
862 3270 913 3325 per
958 3253 1157 3324 perducerent,
1184 3255 1213 3306 et
1235 3252 1312 3324 quod
1334 3252 1482 3307 insolitum
1509 3253 1643 3309 Romanis
1666 3270 1781 3311 morem

93 3346 215 3415 singulas
239 3346 361 3402 ecetesiam
379 3347 550 3417 presbyteros
572 3346 792 3415 constituerunt,
817 3363 911 3418 eosque
962 3346 1160 3400 annuntiando
1174 3345 1314 3401 civitatem
1334 3346 1549 3416 conturbarent,
1563 3354 1781 3405 accusaverunt.

94 3442 209 3495 Domino
221 3454 281 3494 cum
291 3440 410 3509 jejuniis
423 3447 448 3495 et
460 3441 632 3497 orationibus
649 3441 909 3498 commendaverant.
961 3439 1087 3495 Turbida
1099 3455 1214 3511 quoqne
1229 3440 1309 3511 plebs
1324 3445 1423 3496 cantra
1439 3441 1609 3496 innocentes
1622 3442 1780 3498 concurrit.

97 3533 135 3586 lle
148 3533 313 3605 Pamphylia
327 3536 356 3588 in
369 3536 503 3590 Attatiam
515 3535 716 3600 descenderant,
736 3536 837 3592 atinde
850 3537 909 3592 Aa·
960 3535 1044 3589 lassu
1064 3533 1284 3605 magistratuum
1301 3534 1389 3605 virgis
1403 3535 1469 3590 cresi
1487 3538 1563 3602 sunt,
1578 3541 1607 3591 et
1619 3536 1650 3591 in
1663 3536 1783 3594 interio-

95 3629 222 3682 tioctiam
235 3630 434 3698 navigaverant
447 3628 538 3699 (ibid,
556 3629 639 3697 (ω).
961 3644 1023 3683 rem
1037 3644 1184 3684 carcerem
1197 3628 1366 3698 missisunt,
1382 3644 1539 3702 eorumque
1553 3629 1640 3702 pedes
1652 3631 1683 3685 in
1698 3630 1782 3704 ligno

131 3722 171 3777 lbi
185 3721 233 3776 diu
249 3738 309 3777 cnm
322 3722 463 3793 discipulis
476 3726 652 3779 moratisunt
667 3725 754 3794 (ἰωὰ,
768 3726 912 3796 iiiluna
961 3722 1107 3778 constricti
1127 3728 1204 3778 sunt.
1226 3723 1318 3779 lledia
1339 3726 1422 3778 nocte
1446 3725 1548 3779 Paulus
1567 3727 1597 3779 et
1619 3724 1691 3781 Silas
1712 3726 1784 3782 ada·

28 3892 31 3896 ἢ
95 3815 224 3888 quidam,
245 3816 294 3888 qui
313 3816 350 3871 de
370 3817 466 3872 ledaea
487 3817 705 3886 descenderant,
729 3819 912 3875 credentibus
960 3821 1057 3871 rantes
1085 3817 1240 3871 bantinum
1270 3817 1464 3884 laudaverunt,
1491 3818 1610 3889 ejusque
1637 3819 1780 3876 auxilinm

95 3926 128 3965 er
151 3910 285 3980 gentibus
304 3909 468 3965 circumcidi
491 3914 520 3965 et
536 3911 687 3967 observare
706 3913 801 3984 legem
824 3913 911 3986 ltoysi
961 3910 1118 3982 specialiter
1152 3918 1311 3965 senserunt.
1340 3914 1516 3967 rememoras
1546 3912 1634 3968 subito
1663 3926 1783 3984 macrias

95 4002 263 4059 suadebant.
283 4003 387 4060 Paulus
405 4008 434 4059 et
455 4005 596 4059 Barnabas
615 4004 669 4060 illis
688 4005 910 4062 contradicendo
960 4007 1051 4072 factas
1073 4008 1121 4068 est,
1145 4006 1185 4058 ita
1208 4007 1239 4059 ut
1258 4011 1432 4060 moveantur
1451 4006 1633 4073 fundamenta
1650 4011 1780 4064 carceris.

96 4097 270 4166 restitcmnt,
294 4097 500 4170 communique
521 4098 646 4167 decreto,
669 4115 723 4171 pro
745 4098 799 4155 bac
822 4117 913 4171 quaes·
961 4100 1059 4156 Omaia
1081 4101 1152 4153 ostia
1166 4101 1262 4153 statim
1281 4104 1377 4169 aperta
1394 4104 1459 4154 sant
1476 4104 1501 4154 et
1519 4102 1708 4157 universorum
1722 4106 1784 4158 via·

95 4193 173 4247 tione
190 4191 422 4260 determinanda,
442 4193 473 4247 in
492 4192 648 4248 Jerusalem
668 4193 704 4248 ad
728 4194 870 4265 apostolos
884 4197 912 4250 et
961 4193 1024 4248 meta
1041 4194 1130 4248 soluta
1143 4198 1216 4247 sunt.
1234 4192 1282 4247 llis
1296 4192 1394 4265 itaque
1408 4193 1484 4260 visis,
1501 4195 1677 4251 camerarius
1690 4195 1781 4252 nimis

95 4286 276 4358 presbyteros
302 4285 380 4340 mimi
406 4288 481 4341 suut.
509 4286 674 4342 Phoenicem
700 4290 729 4342 et
755 4286 912 4345 Samariam
960 4286 1075 4343 territas
1088 4290 1140 4357 est,
1153 4291 1191 4356 et,
1203 4286 1299 4342 audita
1310 4287 1420 4343 ratione
1433 4287 1498 4343 tidei
1513 4288 1639 4358 al’aulc,
1653 4290 1780 4346 credens

1 4418 3 4423 -
95 4383 339 4452 pertranseuntes,
349 4380 563 4436 conversionem
575 4380 705 4452 gentium
718 4382 874 4439 narrabant
883 4386 911 4440 et
961 4397 1026 4436 cum
1041 4381 1120 4436 omni
1133 4381 1219 4436 domo
1234 4396 1285 4436 sua
1300 4381 1460 4452 baptizatus
1473 4385 1524 4436 est.
1537 4382 1719 4454 Magistratus
1734 4402 1782 4441 nr-

96 4490 236 4546 maguum
253 4474 360 4529 cunctis
378 4474 514 4530 iratribus
533 4472 671 4546 gaudium
693 4475 848 4531 faciehant.
867 4465 948 4538 tel)
960 4475 1013 4541 bis,
1032 4475 1129 4531 audito
1144 4474 1222 4547 quad
1240 4475 1363 4530 Romani
1383 4478 1487 4542 essent,
1502 4475 1670 4546 timuerunt,
1686 4484 1725 4548 et,
1742 4479 1780 4534 da

97 4569 247 4641 rosolymis
257 4567 400 4624 arrtcmab
411 4569 535 4625 Ecclesia
544 4570 666 4641 suscepti
678 4574 753 4638 srrnt,
765 4576 795 4625 et
804 4575 911 4642 quanta
959 4584 1074 4624 carcere
1089 4569 1254 4635 educentes,
1274 4574 1307 4625 ut
1321 4570 1527 4641 egrederentur
1547 4571 1582 4626 de
1602 4572 1671 4628 urbe
1691 4589 1778 4646 roga·

97 4665 169 4718 licus
187 4664 299 4719 iecisset
321 4679 387 4718 cum
407 4663 462 4718 illis
480 4663 731 4719 annuntiaverunt.
752 4667 838 4720 Porro
856 4665 911 4720 illis
960 4669 1062 4719 verunt
1083 4664 1171 4735 (ἰωὰ,
1198 4663 1296 4735 itit).
1319 4663 1387 4719 lnde
1408 4664 1524 4733 lydiam
1547 4667 1714 4722 introienmt
1738 4669 1779 4736 et,

96 4757 145 4828 qui
165 4758 200 4811 de
219 4757 367 4812 Pharisais
389 4757 571 4813 crediderant
593 4773 775 4828 summopere
792 4759 908 4814 volenti·
960 4773 1011 4830 per
1029 4758 1213 4829 Amphipolim
1233 4773 1266 4812 ac
1288 4758 1472 4828 Apolloniam,
1496 4760 1713 4815 Thessalonicam
1732 4776 1780 4816 ve·

95 4852 147 4905 bus
164 4849 318 4920 judaizare,
333 4851 431 4907 Simon
452 4853 552 4907 Petrus
565 4853 594 4907 et
607 4852 728 4907 lacobus
748 4852 854 4924 aliique
869 4870 910 4907 se·
960 4856 1070 4907 amant.
1089 4851 1129 4907 lbi
1150 4866 1201 4922 per
1220 4853 1275 4906 trirr
1295 4852 1416 4907 Sabbata
1435 4853 1540 4908 Paalres
1554 4852 1583 4908 in
1602 4869 1781 4927 synagogam

96 4945 188 4998 niores
209 4942 361 5013 diiigenter
383 4948 574 5001 tractaverunt
597 4945 632 5001 de
654 4945 801 5017 proposita
820 4963 909 5018 quaes-
958 4944 1123 4999 ludaeorum
1141 4946 1277 5007 introivit,
1300 4949 1325 5000 et
1345 4945 1548 5016 descriptoris
1570 4946 1666 5016 palam
1684 4948 1778 5004 disse·

94 5038 182 5105 tione,
199 5037 281 5093 acad
297 5043 473 5110 postremum
488 5039 910 5113 decreveruntelectosetpro·
959 5038 1025 5108 ruit,
1042 5038 1241 5109 adaperiensct
1258 5041 1401 5094 insinuans
1415 5041 1483 5109 quia
1500 5040 1638 5095 Christum
1656 5045 1780 5112 oportuit
1831 5092 1835 5099 .

93 5133 287 5189 batosiratres
304 5133 454 5203 adgentes
474 5133 587 5187 initterc
606 5138 635 5188 et
647 5149 698 5205 per
711 5149 761 5189 eos
774 5134 908 5190 instinctu
955 5135 1019 5204 pati
1037 5139 1062 5187 ct
1082 5147 1221 5201 resrrrpere
1239 5135 1439 5196 emaciatam
1457 5135 1525 5203 quia
1539 5135 1582 5189 tio
1600 5140 1638 5189 est
1656 5133 1781 5192 amaras

93 5227 215 5299 Spiritus
233 5226 322 5282 sancti
343 5226 482 5297 scripturn
499 5225 635 5297 dirigere,
651 5232 692 5297 ut,
707 5227 825 5283 remotis
846 5228 909 5283 aliis
957 5230 1138 5296 terracmam
1157 5241 1204 5294 aaa
1222 5229 1358 5282 annuntio
1374 5227 1457 5283 vobis.
1477 5227 1555 5283 llulti
1571 5242 1605 5282 ex
1621 5228 1731 5288 tanais
1750 5234 1781 5287 ct

93 5320 236 5389 oneribus,
248 5320 425 5376 abstinerent
435 5335 464 5375 se
475 5319 510 5374 ab
522 5319 677 5376 immolatis
687 5320 907 5377 simulacrorum
957 5319 1090 5392 gentibus
1112 5319 1294 5383 crediderunt,
1315 5321 1402 5377 Paulo
1425 5326 1452 5377 et
1470 5322 1535 5379 sita
1554 5322 1685 5390 adiuncti
1703 5330 1778 5380 sant.

93 5419 122 5471 et
140 5414 290 5486 sangnine,
306 5418 335 5470 et
354 5412 499 5481 suffocata,
516 5419 544 5470 et
561 5414 749 5470 fornicatione
764 5417 848 5485 (Aet,
861 5432 906 5483 xv,
957 5415 1079 5470 zelantes
1101 5411 1191 5484 igitur
1206 5415 1296 5470 iudai
1314 5413 1431 5469 turbam
1451 5417 1667 5479 mutilaverunt,
1686 5422 1712 5472 et
1733 5420 1781 5475 ia·

94 5510 176 5579 itt).
956 5505 1304 5579 sonernaliosquettatres
1322 5508 1359 5564 ad
1371 5510 1645 5580 principescivitntis
1657 5511 1778 5567 bahan·

126 5602 228 5658 Paulus
250 5602 338 5674 igitur
358 5606 387 5659 et
408 5602 733 5675 camerescensem
757 5602 906 5676 cognomi·
957 5607 999 5658 tes
1022 5606 1237 5657 accusaverunt.
1259 5601 1316 5659 Sed
1340 5601 1392 5672 illi,
1414 5609 1526 5675 occepta
1547 5605 1738 5671 satisfactione
1759 5622 1779 5662 a

90 5695 213 5753 trabatur
230 5696 372 5765 barsabas,
388 5701 417 5753 et
436 5697 519 5767 Silas,
536 5696 718 5753 Antiochiam
734 5696 905 5765 missisunt,
955 5696 1055 5752 iasone
1082 5700 1108 5751 ct
1130 5711 1149 5751 a
1172 5697 1286 5759 aare,
1310 5710 1354 5752 ear
1377 5695 1554 5753 dimiserunt.
1578 5698 1690 5754 From
1713 5714 1779 5757 vero

1 5882 2 5890 ἵ
26 5874 31 5883 ¹
86 5788 281 5868 evasistolam
295 5792 495 5873 apostalamm
512 5791 758 5874 amusaeterum
774 5789 905 5853 multitu·
955 5791 1096 5860 eontestim
1113 5806 1165 5868 per
1184 5794 1287 5853 sartan
1307 5792 1425 5854 ecaton
1445 5797 1474 5849 et
1489 5791 1583 5850 ¹titiana
1606 5794 1639 5853 in
1656 5794 1779 5857 marm
