3750 6046
684 216 828 275 braeost.
848 247 882 260 -
902 216 965 274 tta.
985 216 1006 273 l.
1612 220 1682 277 itta

73 340 146 397 disse
156 341 586 415 adpropositamquaastionem,
596 341 815 415 otdicnntquod
825 354 856 430 Α
866 342 943 415 quod
954 341 1026 397 nihil
1039 342 1114 398 obsit
1127 342 1194 400 fidei
1207 343 1386 416 Christianae,
1399 350 1428 402 et
1440 346 1617 403 credentium
1638 363 1681 403 sa·

75 436 157 491 facilc
171 437 264 492 lacere
284 437 439 509 potuerim,
463 441 493 493 ct
507 437 586 509 quod
599 437 653 509 ipsi
667 437 750 493 facile
766 454 814 493 ac·
865 437 929 507 luti,
945 436 1003 493 sive
1017 438 1080 505 hoc,
1096 437 1155 519 eive
1167 437 1237 494 illud
1247 437 1332 507 diost,
1341 440 1384 495 val
1401 458 1457 496 non
1471 439 1587 511 credat3
1599 440 1684 514 quasi

72 546 102 586 re
116 534 145 585 et
167 531 347 602 acquiescere
362 532 508 602 potuerint
524 534 588 604 post
607 536 648 588 tot
670 538 699 587 et
722 536 816 587 tantas
866 533 914 589 ille
927 532 1062 589 articulus
1076 532 1153 600 fidei,
1169 548 1225 605 qno
1250 533 1371 606 Spiritus
1393 538 1506 590 sanctus
1526 534 1682 591 creditura

74 641 126 679 nes
139 628 168 680 et
181 625 364 681 auctoritates
378 643 384 681 :
401 626 561 698 presertim
577 642 644 682 cum
657 626 698 680 nil
711 625 817 681 alliciat
867 627 934 683 Eilio
947 627 1111 700 procedere,
1124 627 1169 682 vei
1181 643 1241 683 non
1254 628 1417 699 procedere,
1433 627 1503 684 nulli
1520 628 1681 685 Christiano

72 734 102 774 ra
112 718 168 774 lide
182 720 305 776 diversas
324 720 431 777 habere
451 721 684 790 consuetudines,
698 720 817 776 immoto
866 722 903 779 sit
914 721 1102 778 necessarius.
1115 721 1236 777 Proinde
1251 723 1410 793 quomodo,
1433 722 1577 796 inquiunt,
1592 722 1683 796 potuit

72 830 116 869 sar
142 813 397 870 ecclesiasticorum
425 820 670 871 sacramentorum
694 814 761 885 mla,
789 819 818 871 et
867 816 1025 889 essequod
1047 815 1158 887 aliquis,
1174 815 1288 871 natione
1301 816 1424 884 Graecus,
1437 818 1566 890 pontifex
1577 818 1681 874 liuma-

75 907 183 963 ratibus
210 909 393 966 ecclesiastici
407 910 517 966 ordinis
534 909 680 979 institutis,
696 926 817 982 qnorum
867 928 929 980 nus,
958 910 1117 967 secundnm
1132 909 1243 965 Grecos
1263 909 1400 981 Spiritum
1422 914 1550 967 sanctum
1575 928 1591 967 a
1613 912 1682 968 Eilio

74 1018 137 1057 rum
151 1002 220 1057 nulli
240 1019 291 1074 per
304 1020 333 1060 se
346 1004 411 1060 licet
427 1005 596 1075 immutare,
617 1003 672 1060 nisi
687 1003 815 1077 praecipi·
868 1022 925 1061 non
939 1004 1099 1078 procedere
1112 1003 1252 1071 crederet,
1264 1009 1292 1060 et
1305 1005 1463 1060 secundum
1476 1005 1591 1062 Latinos
1604 1022 1686 1062 eum·

83 1097 188 1151 mentis
203 1096 363 1153 involvatur
375 1099 499 1155 insania.
867 1100 935 1155 dem
950 1098 1086 1171 Spiritum
1101 1097 1196 1153 aEilio
1208 1097 1365 1170 procedere
1375 1099 1405 1153 in
1419 1100 1545 1155 Romana
1556 1100 1683 1156 Ecclesia

72 1206 142 1245 uum
156 1190 225 1262 quid
238 1194 290 1260 est,
303 1191 444 1264 inquiunt,
460 1194 538 1266 quod
547 1193 634 1265 aliqui
643 1192 816 1259 inEcclesia,
868 1191 1057 1265 praedicaret?
1070 1193 1139 1246 Nam
1160 1192 1237 1264 quod
1256 1193 1339 1248 aliter
1359 1192 1521 1265 crederent,
1546 1196 1575 1250 et
1598 1194 1683 1252 aliter

72 1283 110 1339 ‚de
125 1288 230 1340 sanctae
249 1285 392 1342 Trinitatis
407 1287 477 1343 etin
497 1290 745 1343 sacramentorum
760 1285 818 1342 ritu
867 1285 1157 1359 praedicarant,nelas
1170 1289 1211 1340 est
1222 1287 1327 1342 dicere.
1343 1287 1372 1343 Si
1387 1288 1570 1360 autemquod
1583 1289 1682 1345 crede·

72 1378 819 1452 oturdiscrepare,quemadmodumGraeciatatinisi
868 1380 949 1450 bant,
965 1380 994 1435 id
1008 1379 1095 1434 etiarn
1110 1378 1315 1451 predicabant,
1330 1381 1475 1453 quomodo
1489 1382 1618 1439 Romana
1631 1384 1682 1438 Ec-

72 1471 92 1541 l,
108 1473 131 1527 si
145 1473 222 1529 saiva
237 1475 344 1530 unitate
358 1475 435 1543 lidei,
450 1479 479 1531 et
491 1491 549 1531 nno
573 1481 816 1531 sacramentorum
868 1473 955 1529 clesia
968 1489 1017 1529 eos
1041 1473 1184 1545 patienter
1197 1473 1315 1542 audivit,
1335 1491 1460 1546 qnorum
1474 1475 1633 1533 doctrinam
1649 1477 1683 1533 de

83 1567 111 1621 in
125 1568 236 1623 caeteris
250 1569 383 1624 omnibus
394 1569 545 1625 dissimiles
552 1573 657 1638 essent,
670 1574 818 1640 utcunque
869 1567 1049 1639 processione
1063 1567 1184 1638 Spiritus
1198 1569 1316 1624 sanctia
1329 1569 1412 1625 Patre
1434 1573 1557 1640 tantum,
1583 1576 1610 1627 et
1623 1587 1683 1628 nou

72 1661 118 1716 ·ari
131 1665 235 1733 posset,
250 1666 278 1717 at
302 1663 397 1719 minus
413 1664 578 1720 scandalum
595 1680 645 1719 sen
659 1663 819 1736 periculum
868 1679 885 1717 a
912 1661 991 1731 Filio,
1017 1677 1070 1717 nec
1092 1666 1162 1717 tuuc
1189 1662 1366 1734 approbavit,
1393 1678 1445 1719 nec
1472 1663 1556 1721 hodie
1582 1680 1685 1738 appro·

90 1755 245 1812 videretur.
274 1758 345 1813 Vere
375 1759 510 1830 quoniam
536 1757 659 1827 deiide,
685 1758 745 1813 sine
761 1734 938 1830 quassbat‘?

72 1850 176 1907 usibile
201 1855 244 1906 est
265 1851 378 1922 placere
404 1853 471 1923 Deo,
500 1851 650 1910 dissentire
674 1852 818 1922 videntur,
905 1851 970 1907 llaec
985 1857 1014 1907 et
1026 1850 1190 1923 hujusmodi
1203 1849 1309 1905 similia
1321 1865 1398 1923 sape
1409 1850 1439 1906 in
1455 1851 1607 1908 collatione
1620 1869 1685 1926 pro-

72 1944 98 1999 in
112 1961 168 1999 uno
189 1949 438 2003 sacramentorum
459 1947 517 2003 ritu
539 1946 692 2002 convenire
717 1946 818 2019 digno·
870 1950 993 2017 ponunt,
1012 1951 1039 2002 et
1049 1945 1193 2001 interdum
1208 1945 1238 2000 iu
1249 1948 1366 2014 secreto,
1380 1944 1527 2002 interdum
1541 1946 1572 2002 in
1583 1950 1683 2020 aperto

73 2043 130 2105 tur,
141 2040 331 2095 necessarium
342 2047 384 2097 est
399 2048 429 2096 ut
444 2056 532 2113 snper
543 2041 599 2097 boc
612 2040 820 2113 nobisrespon·
870 2056 966 2095 coram
992 2040 1127 2096 iratribus
1142 2056 1188 2095 me
1209 2045 1304 2095 tacere
1331 2039 1473 2095 volantem
1498 2040 1632 2112 excitant,
1655 2046 1686 2098 et

72 2133 169 2205 ‚quid
189 2136 232 2191 vel
255 2135 290 2190 de
314 2135 368 2191 illis
392 2136 428 2191 sit
447 2137 645 2204 sentiendum,
670 2135 713 2193 vel
737 2135 820 2192 nobis
866 2133 929 2205 jam
938 2132 1685 2207 undemimportunitateaccrebriseorumprecibus

72 2226 171 2283 ndum.
869 2226 960 2284 victus
974 2227 1146 2299 respondere
1166 2243 1264 2299 cogor,
1278 2229 1307 2282 et
1322 2241 1381 2296 pree
1406 2228 1498 2283 nimia
1510 2228 1626 2285 illorum
1638 2229 1682 2285 in·

72 2323 818 2396 aemurssnsnonmodiceaossosndalizari,quando
870 2321 984 2391 stantia,
1007 2325 1120 2394 oportet
1145 2338 1192 2376 mo
1215 2321 1299 2377 modo
1325 2320 1365 2376 ibi
1379 2321 1483 2394 pedem
1510 2321 1611 2395 ligere,
1634 2322 1685 2379 nbi

72 2431 135 2471 mus
158 2415 234 2487 quod
258 2416 346 2471 Graeci
373 2417 426 2471 viri
447 2417 660 2490 sapientissimi,
685 2418 714 2473 in
741 2417 819 2473 omni
870 2416 949 2488 prins
963 2416 995 2471 in
1026 2416 1148 2472 lectione
1179 2414 1339 2470 divinarum
1365 2415 1577 2488 scripturarum
1595 2418 1684 2490 plano

72 2508 122 2564 itia
144 2508 353 2581 Scripturarum
379 2510 580 2580 eruditissimi,
605 2511 739 2567 dicuntur
759 2528 819 2567 uon
871 2526 958 2565 sensu
970 2509 1097 2565 solebam
1110 2509 1241 2565 transire.
1256 2509 1311 2566 Sed
1325 2511 1361 2566 ad
1380 2511 1543 2567 solvendam
1555 2515 1616 2568 tam
1635 2528 1683 2568 va·

72 2619 127 2674 era,
142 2620 195 2659 nec
209 2604 311 2673 dicere,
332 2605 411 2677 quod
424 2606 546 2677 Spiritus
559 2611 673 2662 sanctus
686 2606 820 2678 procedat
870 2603 934 2659 lidoe
960 2604 1127 2677 questionis
1154 2603 1378 2677 propositionem
1407 2620 1453 2661 me
1476 2604 1606 2663 sufficere
1625 2622 1684 2663 non

76 2699 114 2768 io,
139 2698 212 2753 sicut
227 2704 256 2754 et
276 2716 293 2753 a
316 2700 398 2755 Patre
412 2700 550 2771 procedit.
567 2699 650 2766 Quod
664 2700 688 2756 si
711 2700 752 2756 ita
765 2702 818 2768 est,
870 2697 971 2768 video;
988 2700 1189 2753 verumtamen
1200 2714 1236 2753 ne
1246 2698 1364 2755 omnino
1376 2698 1472 2755 videar
1484 2704 1591 2769 tacere,
1604 2706 1633 2757 et
1645 2701 1687 2757 in-

73 2791 218 2847 immcrito
246 2792 371 2848 maxima
386 2794 496 2850 occasio
519 2794 679 2866 gravissimi
693 2794 819 2850 scandali
870 2791 1050 2863 quirentibus
1061 2791 1132 2846 nihil
1143 2791 1329 2863 respondere,
1344 2793 1548 2850 etcbaritatem
1560 2794 1685 2853 fratrum

72 2888 101 2942 Et
121 2886 238 2958 quidem
263 2889 306 2942 tot
319 2887 408 2943 millia
428 2889 592 2945 Graecorum
607 2889 723 2945 nomina
734 2905 816 2962 repe·
870 2885 975 2941 laedam
988 2886 1119 2954 tacendo,
1134 2885 1268 2958 quoniam
1279 2886 1514 2959 placerepossum
1528 2888 1685 2961 loquendo,

71 2985 117 3036 tur
136 2980 166 3035 in
188 2982 315 3052 catalogo
338 2987 512 3050 sanctorum,
535 2999 662 3055 quornm
685 2999 817 3055 corpora,
870 2979 1062 3051 malcaliquid
1072 2979 1176 3047 dicere,
1187 2979 1304 3035 tametsi
1313 2983 1410 3051 postea
1424 2980 1684 3055 sitcorrigandum,

72 3092 172 3147 npacc
186 3077 298 3147 sepulta
312 3079 380 3131 sunt
390 3077 420 3132 in
435 3077 558 3148 Christo,
573 3077 618 3132 vel
631 3077 680 3149 qni
691 3077 817 3134 tradide·
870 3088 957 3144 quam
971 3073 1087 3128 silentio
1102 3071 1269 3128 charitatem
1284 3089 1384 3129 eorum
1403 3073 1560 3146 offendere,
1580 3077 1686 3150 quibam

82 3186 200 3242 corpora
223 3187 274 3225 sua
298 3175 416 3242 propter
429 3171 518 3226 Deum
528 3171 564 3226 ad
578 3171 727 3243 supplicia,
744 3171 819 3226 etin
869 3183 902 3222 ex
918 3166 1015 3222 debito
1029 3172 1072 3221 est
1086 3165 1330 3238 respondendnm.
1352 3168 1472 3225 liaxime
1487 3176 1585 3227 autern
1606 3171 1685 3227 adid

72 3263 143 3327 :uine
156 3264 228 3336 Agni
243 3265 372 3319 laverunt
394 3265 480 3320 stolas
493 3281 567 3336 snas,
583 3270 612 3321 et
624 3265 690 3320 ideo
704 3280 817 3320 merno-
869 3259 1034 3316 iaciendum
1047 3260 1178 3332 cogitme
1189 3260 1516 3319 mandatumbominiac
1526 3264 1684 3321 beatissimi

84 3357 190 3414 habere
205 3375 326 3413 coronas
349 3363 524 3431 perpetuas:
550 3359 716 3431 inquorum
732 3358 819 3414 etiam
869 3370 953 3426 papae
970 3354 1116 3426 Eugenii:
1144 3358 1171 3409 et
1185 3354 1259 3409 sicut
1281 3354 1404 3411 fratrum
1414 3355 1499 3427 justis
1520 3361 1550 3412 et
1574 3356 1683 3415 devotis

72 3468 145 3509 trem
160 3455 190 3507 et
201 3453 391 3509 reverentiam
418 3470 475 3509 non
494 3469 594 3525 paucae
615 3451 739 3509 ecclesiae
751 3467 817 3508 con·
869 3447 1108 3520 postulationibus
1120 3447 1193 3503 nihil
1206 3463 1313 3519 negare
1333 3448 1434 3517 debeo,
1447 3450 1497 3517 ita,
1521 3449 1578 3506 imo
1592 3452 1683 3508 multo

72 3551 118 3603 ctae
132 3564 165 3603 ac
187 3546 328 3603 dedicatae
342 3551 418 3617 sunt,
432 3555 461 3604 et
475 3563 599 3620 qnorum
624 3562 730 3602 annuae
744 3545 819 3603 iesti-
870 3541 995 3614 amplius
1010 3542 1098 3597 tanus
1118 3540 1295 3614 jussionibus
1306 3558 1364 3597 non
1378 3542 1493 3599 obedire
1510 3560 1567 3601 nou
1579 3544 1682 3604 audeo.

72 3657 100 3698 es
123 3641 226 3714 passim
248 3657 298 3713 per
324 3640 462 3698 Ecclesiae
484 3642 651 3699 solemniter
674 3641 820 3697 celebran-
869 3636 949 3691 Valet
959 3636 1090 3709 proiecto
1102 3636 1138 3691 ad
1163 3634 1333 3691 evidentiam
1350 3636 1435 3707 hujus
1455 3639 1630 3709 questionis,
1652 3645 1685 3695 nt

869 3730 1092 3802 disputationem
1104 3745 1194 3804 mam
1207 3746 1260 3802 ago
1273 3728 1363 3785 habui
1377 3729 1405 3785 in
1427 3730 1499 3787 urbe
1513 3732 1594 3805 regia
1608 3734 1683 3790 Con·

72 3829 80 3884 l
92 3829 158 3898 hoc,
167 3829 196 3883 in
202 3831 298 3884 sancta
306 3830 435 3887 nomana
446 3829 568 3886 Ecclesia
574 3830 658 3887 multi
671 3831 818 3903 pontifices
869 3824 1054 3897 stantinopoli
1065 3839 1132 3880 curn
1145 3823 1262 3880 Neohite
1272 3823 1485 3898 archiepiscopo
1501 3825 1683 3897 Nicodemiae,

72 3939 117 3979 sne
144 3922 232 3978 Greci
259 3923 398 3979 sederunt
419 3923 449 3979 in
483 3924 617 3980 cathedra
639 3924 715 3981 Beati
742 3925 817 3981 Petri
868 3919 899 3975 in
913 3934 1004 3975 unum
1020 3918 1163 3992 colligam,
1179 3921 1208 3973 et
1222 3917 1274 3974 sub
1287 3918 1401 3991 dialogo
1414 3918 1599 3994 distinguam,
1613 3938 1682 3995 qua-

74 4018 196 4075 tolorum
212 4016 359 4090 principis,
373 4018 422 4090 qui
436 4018 629 4090 gubernaculo
641 4018 708 4075 fidei
721 4022 817 4091 recte,
868 4016 954 4070 tenen
965 4012 1062 4069 lectori
1087 4011 1246 4069 evidentius
1261 4018 1388 4085 apparet,
1410 4013 1477 4086 quid
1490 4016 1535 4072 val
1559 4020 1683 4091 Graecus,

72 4113 168 4184 smigio
192 4128 268 4167 sante
282 4111 432 4180 doctrinae,
446 4112 612 4181 Ecclesiam,
628 4128 691 4184 quas
707 4118 750 4168 est
764 4128 817 4169 na·
868 4108 912 4164 vel
938 4108 1055 4165 Latinus
1068 4108 1104 4164 de
1128 4107 1310 4178 processione
1333 4108 1453 4180 Spiritus
1466 4111 1556 4167 sancti
1569 4114 1683 4173 sentiat.

72 4208 94 4262 la
120 4206 207 4273 Petri,
232 4207 291 4262 vice
315 4206 389 4261 Petri
403 4205 477 4261 bene
501 4205 705 4278 gubernantes,
720 4206 817 4261 innu·
868 4201 1685 4281 Praediclnsnamquaarchiepiscopuscumessetmagnus

72 4318 82 4356 v
102 4304 263 4356 sanctorum
290 4300 363 4355 bene
392 4303 605 4372 computantur.
633 4303 695 4373 lpse
721 4307 818 4356 antem
868 4295 943 4369 apud
957 4294 1023 4351 illos
1035 4294 1182 4367 religionis
1197 4299 1277 4368 typo,
1291 4301 1320 4351 et
1343 4297 1501 4354 acerrimus
1515 4299 1641 4374 ingenio,
1656 4308 1685 4361 et

71 4398 98 4449 ta
120 4396 250 4450 Ronraua
272 4394 405 4459 Ecclesia,
420 4397 513 4449 meter
534 4394 664 4449 omniurn
679 4395 814 4451 Ecclesia·
868 4389 1078 4445 eruditissimus
1100 4392 1261 4447 areanum
1283 4390 1445 4446 litterarum
1467 4394 1569 4463 studio,
1591 4402 1620 4452 et
1639 4397 1682 4453 ia·

72 4531 78 4556 ,
95 4489 149 4545 hoc
168 4504 184 4543 a
199 4488 320 4543 Domino
347 4487 528 4559 privilegium
550 4487 670 4560 accepit,
687 4487 765 4559 qnod
779 4487 856 4560 itaD
868 4482 1058 4540 candissimus
1070 4484 1194 4555 eloquio,
1206 4486 1235 4538 et
1247 4484 1426 4540 cautissimus
1440 4485 1470 4541 in
1484 4487 1578 4544 dando
1593 4496 1621 4544 et
1634 4506 1681 4547 ac·

71 4581 163 4638 ialiter
185 4582 300 4637 lundata
316 4587 357 4636 est
382 4598 467 4653 supra
493 4582 605 4637 firmam
620 4587 741 4655 petram,
756 4587 818 4638 uta
868 4578 1001 4651 cipiendo
1011 4594 1158 4650 responso,
1172 4578 1246 4633 nihil
1260 4594 1372 4649 eorum,
1388 4579 1418 4634 in
1432 4580 1620 4653 disputatione
1632 4602 1684 4643 seu

72 4694 81 4732 v
107 4693 235 4749 unquam
256 4681 344 4732 vento
370 4675 512 4731 hereticae
535 4676 684 4749 pravitatis
710 4675 818 4749 impelli
867 4673 1017 4730 collatione
1039 4673 1157 4729 tacendo
1178 4673 1315 4745 neglexit,
1332 4691 1397 4746 qnae
1412 4673 1580 4733 viderentur
1601 4696 1683 4751 possa

75 4772 139 4826 erit.
164 4772 196 4825 et
218 4770 324 4826 mirum
340 4770 370 4824 in
384 4770 511 4838 modum,
533 4770 678 4843 quomodo
692 4770 777 4826 Graeci
787 4770 816 4827 in
867 4773 996 4841 spectare
1007 4768 1042 4824 ad
1055 4784 1114 4823 sue
1127 4768 1275 4824 sententie
1290 4768 1465 4838 firmitatem,
1480 4772 1523 4827 val
1535 4772 1683 4831 adnostrse

75 4881 124 4920 ero
139 4870 303 4920 sanctorum
316 4867 528 4937 computentur,
539 4864 818 4937 etexipsisltomani
868 4863 1017 4919 sententiaa
1028 4862 1250 4919 destructionem
1263 4879 1269 4931 ;
1285 4864 1446 4935 presertim
1455 4881 1520 4922 cum
1532 4867 1592 4938 ipse
1607 4868 1683 4925 inter

72 4958 152 5014 ilices
172 4959 255 5015 alecti
270 4958 462 5028 inveniantur,
477 4958 542 5013 siin
561 4958 618 5014 lide
644 4962 750 5014 sancte
760 4958 818 5014 tri·
868 4955 1019 5013 duodecim
1032 4960 1136 5015 electos
1150 4956 1313 5025 didascalos,
1326 4974 1390 5029 qnae
1405 4959 1506 5016 studiis
1520 4961 1683 5019 Graecorum

72 5053 99 5108 is
114 5054 185 5109 adeo
204 5055 381 5120 erraverunt,
407 5058 439 5108 ut
466 5052 593 5108 dicerent
616 5057 645 5109 et
670 5053 819 5108 crederent
868 5067 903 5106 ex
923 5066 1005 5106 more
1020 5053 1111 5108 solent
1125 5067 1257 5123 preesse,
1272 5055 1339 5107 tnnc
1352 5053 1490 5125 temporis
1503 5053 1591 5110 fuerit
1610 5072 1683 5130 praa-

72 5149 138 5203 ltum
164 5152 293 5203 sanctum
317 5149 430 5203 aPatre
446 5150 569 5215 tantum,
592 5151 621 5202 et
635 5163 816 5219 nequaquam
868 5145 978 5217 cipuus,
993 5151 1022 5201 et
1034 5145 1068 5200 ab
1083 5146 1220 5202 universis
1241 5147 1272 5201 in
1293 5146 1418 5203 officium
1434 5150 1537 5204 nostrae
1552 5149 1682 5223 disputa·

72 5242 116 5296 ilio
143 5242 315 5313 procedere3
331 5242 385 5296 nisi
409 5243 484 5297 sorte
497 5241 561 5312 quis
581 5242 686 5297 audeat
712 5240 817 5311 dicere,
868 5239 954 5295 tionis
966 5239 1119 5296 adversum
1137 5256 1185 5295 me
1197 5241 1303 5298 electus
1316 5242 1382 5314 (tr).

77 5391 84 5447 t
100 5385 268 5451 Quanquam
281 5385 357 5435 haud
372 5384 556 5449 improbabile
573 5385 609 5435 sit
623 5384 723 5435 Graeca
734 5398 819 5437 voca-
867 5382 976 5449 placuit
991 5397 1024 5436 ea
1045 5384 1152 5437 Graecis
1177 5382 1344 5450 describere,
1357 5400 1393 5440 ne
1406 5401 1489 5455 wem
1510 5389 1638 5447 tulerant
1654 5397 1687 5446 ut

83 5456 119 5508 ab
134 5457 268 5509 anselmo
283 5458 344 5520 lpso
361 5456 466 5508 Latinis
482 5455 581 5508 litteris
593 5469 655 5507 esse
669 5454 818 5521 descripta,
869 5452 1022 5506 acherium
1039 5454 1170 5507 refellere.
