3750 6046
58 172 99 227 tn
503 171 659 228 HISTORIA
681 171 948 230 ECCLESIASTICA.
962 202 996 215 -
1013 174 1098 229 PARS
1116 173 1261 229 1.-·t113.
1284 175 1316 230 ll.
1696 177 1745 231 142

56 295 141 349 dmm
165 295 308 351 defuncto
328 294 437 366 petivit.
459 295 599 366 Factaque
619 313 715 368 prece,
730 314 881 352 conversus
892 304 1043 389 Avernnt.
1064 301 1148 352 Porro
1164 298 1263 368 juveni
1288 313 1376 352 omne
1398 297 1606 369 patrimonium
1625 313 1707 351 snum
1730 316 1746 352 a

55 389 86 442 ad
101 387 262 458 feretrum,
276 390 338 445 ait:
358 411 372 438 «
385 390 415 444 ln
429 389 545 444 nomine
558 391 623 445 lesu
636 390 739 447 Christi
753 408 850 463 surge.
867 414 880 442 b
932 391 1138 447 contribulibus
1165 391 1232 460 suis,
1252 392 1319 463 quia
1338 390 1418 446 valde
1441 390 1477 444 ab
1500 391 1538 444 eis
1561 389 1744 461 diligebatur,

56 482 227 538 Admirante
252 484 370 555 populo,
393 499 465 553 puer
489 484 611 538 surrexit
635 489 662 539 et
688 485 882 540 resuscitatori
932 502 1096 541 concessum
1134 490 1185 539 est.
1220 487 1282 557 lpse
1316 500 1383 540 vero
1414 483 1563 540 adhaerens
1598 484 1745 554 apostolo,

56 592 104 630 suo
115 576 253 632 adhaesit.
268 576 419 648 Apostolus
434 592 499 632 vero
513 594 636 649 puerum
653 576 817 634 credentem
834 596 881 633 us·
933 579 1041 634 lrnctns
1068 579 1241 650 praediorum
1275 595 1391 634 snorum
1423 578 1595 650 pauperibus
1626 576 1745 648 largitus

58 687 111 742 que
133 671 164 723 in
187 670 382 725 Macedoniam
399 686 494 726 seeum
516 671 648 743 perduxit
669 675 697 727 et
712 671 882 727 salutaribus
933 680 987 729 est.

58 764 150 819 serbis
163 764 312 819 instinxit.

92 860 232 929 Egressus
247 858 323 925 inde,
338 857 433 912 navim
447 858 573 914 ascendit
589 862 618 912 et
632 859 807 931 Hellesponti
823 860 880 914 tre·

60 958 118 1006 tum
139 951 272 1021 intravit,
295 952 519 1024 Byzantinmque
539 951 618 1007 adire
644 951 792 1023 disposuit.
813 955 881 1008 Ecce

61 1062 135 1099 mare
158 1051 340 1101 commotum
360 1049 412 1112 est,
435 1048 535 1099 ventus
558 1045 667 1100 validus
692 1046 831 1113 incubuit,
854 1051 882 1102 et

62 1139 139 1193 naris
169 1138 380 1211 mergebatur,
409 1144 558 1210 nautaeque
591 1139 690 1194 mortis
719 1141 881 1211 periculum

62 1232 311 1304 praestolabantnr.
329 1232 457 1303 Denique
472 1232 570 1287 beatus
584 1232 715 1287 Andreas
735 1232 771 1288 ad
787 1233 880 1288 Domi·

65 1344 128 1381 uum
154 1326 263 1393 orarit;
287 1342 345 1397 quo
368 1326 563 1397 praecipiente,
583 1343 648 1381 mox
670 1329 772 1381 ventus
794 1328 880 1395 siluit,

65 1421 259 1491 tranquillitas
273 1420 367 1488 rediit,
384 1424 412 1475 et
430 1437 528 1474 omnes
543 1436 559 1474 a
572 1419 734 1476 discrimine
748 1421 882 1476 liberatos

66 1513 231 1585 szantium
253 1529 394 1584 prospera
414 1513 559 1585 navigatio
575 1514 719 1585 perduxit.
735 1514 803 1569 lude
819 1531 882 1585 pro·

68 1607 231 1679 perentibus
243 1607 379 1661 Thracias
397 1606 548 1661 hominum
566 1608 697 1679 apparuit
718 1607 881 1674 multitudo,

67 1703 110 1772 qui
124 1717 191 1755 eum
212 1699 373 1770 evaginatis
392 1699 494 1771 gladiis
514 1701 625 1755 lanceas
642 1701 773 1756 manibus
792 1698 920 1772 gesta-B

67 1796 126 1849 baut
140 1799 169 1848 et
180 1795 207 1847 in
220 1798 405 1848 occursantes
413 1794 522 1848 irruere
532 1794 692 1865 cupiebant.
704 1796 804 1849 heatus
815 1810 881 1849 vero

67 1887 189 1942 Andreas
203 1891 304 1942 contra
320 1887 383 1942 illos
396 1888 487 1942 crucis
501 1887 615 1960 signum
638 1886 706 1942 lecit
721 1893 750 1942 et
766 1905 817 1959 pro
831 1889 882 1942 sal·

10 1974 15 2099 'p
67 1983 173 2036 ratione
192 1997 313 2035 suorum
334 1980 425 2035 Deum
447 1981 547 2036 oravit.
565 1981 691 2053 Angelus
711 1987 808 2036 antem
826 1982 879 2036 Do·

68 2075 143 2141 mini,
171 2091 238 2129 cum
263 2091 372 2146 magno
395 2073 547 2145 splendore
573 2075 749 2146 praeteriens,
774 2075 881 2146 gladios

69 2186 162 2223 eurum
177 2169 274 2239 tetigit
287 2173 326 2236 et,
339 2168 444 2222 eisdem
458 2168 604 2222 interram
618 2168 827 2234 corruentibus,
840 2169 882 2223 vir

70 2263 109 2316 oei
119 2280 184 2317 eum
196 2262 256 2316 suis
264 2262 370 2316 illcesus
378 2261 515 2316 transivit.
526 2262 694 2316 Berinthum
706 2261 881 2316 maritimam

69 2356 187 2410 thracia
206 2355 348 2411 civitatem
365 2355 493 2409 Andreas
512 2356 655 2427 apostolus
672 2356 812 2426 pervenit,
833 2355 882 2409 ibi·

71 2466 116 2520 que
131 2466 248 2516 navem,
267 2465 331 2520 quac
351 2449 380 2503 in
398 2447 594 2503 Macedoniam
615 2453 792 2520 properaret,
808 2449 881 2503 inve·

73 2543 121 2611 nit3
135 2544 164 2597 in
180 2559 269 2614 quam
283 2542 392 2597 intrare
406 2543 565 2612 apostolum
586 2543 703 2613 angelus
716 2542 763 2597 Dei
778 2559 883 2613 praece-

72 2637 113 2706 pit.
136 2639 284 2708 lngressus
308 2640 406 2690 antem
432 2636 552 2691 verbnm
579 2636 628 2690 liei
653 2636 829 2707 predicavit,
854 2641 882 2690 et

74 2735 228 2784 saetacum
243 2728 377 2783 omnibus
391 2728 530 2783 naucleris
542 2729 571 2783 in
585 2729 676 2783 Deum
687 2728 817 2784 credidit.

100 2825 190 2878 Trous
208 2821 313 2877 nobilis
334 2838 368 2876 ac
387 2821 469 2876 valde
489 2822 566 2877 dives
585 2822 699 2892 juvenis
720 2823 749 2876 in
768 2823 882 2877 Thessa·

967 807 1031 861 Post
1052 805 1165 876 aliquod
1186 808 1297 877 tempus
1314 805 1398 859 ambo
1418 805 1501 859 simul
1521 805 1745 860 Thessalonicam
1844 880 1847 884 ι

931 899 1051 970 proiecti
1071 903 1145 967 sunt,
1172 898 1208 952 ad
1226 913 1296 969 quos
1316 898 1391 953 eires
1410 896 1440 951 in
1460 898 1571 953 theatro
1590 898 1747 969 gaudentes

932 992 1098 1064 congregati
1111 995 1186 1046 sunt.
1201 992 1292 1045 Exons
1305 993 1402 1046 atatem
1419 991 1459 1044 eis
1475 989 1593 1044 verbum
1610 991 1657 1044 liei
1671 1007 1746 1061 pra.-

932 1086 1051 1155 dicabat,
1071 1089 1099 1140 et
1121 1085 1222 1139 beatus
1240 1084 1379 1151 Andreas,
1400 1082 1543 1139 admirans
1564 1084 1746 1154 prudentiam

932 1181 1002 1250 ejus,
1022 1184 1120 1235 tacens
1141 1178 1284 1233 audiebat.
1306 1177 1423 1245 Deinde,
1445 1177 1627 1247 poscentibus
1645 1177 1746 1244 tvnbis,
1847 1243 1850 1247 ,

931 1273 1116 1328 Adimathum
1149 1271 1279 1343 carpiani
1310 1271 1400 1325 lilium
1433 1273 1620 1341 aegrotantem
1652 1270 1747 1324 allerri

928 1367 1022 1438 jussit.
1041 1367 1094 1423 Sed
1109 1367 1168 1432 ille,
1185 1366 1259 1420 dicto
1277 1365 1358 1419 sibia
1374 1367 1453 1435 patre
1472 1380 1522 1418 suo
1537 1380 1595 1418 sum
1615 1363 1746 1419 salvatio·

932 1461 977 1515 nis
995 1461 1096 1515 nuntio
1116 1459 1247 1527 credidit,
1266 1458 1439 1513 vestimenta
1459 1473 1509 1512 sua
1527 1457 1666 1524 indulta
1686 1473 1747 1527 gra-

932 1554 997 1608 bato
1025 1560 1089 1625 post
1113 1570 1182 1607 xxrrr
1208 1568 1298 1606 annos
1322 1567 1409 1606 sanus
1435 1551 1573 1617 surrexit,
1600 1554 1629 1604 et
1655 1551 1745 1604 veloci

932 1664 1016 1702 eursu
1034 1653 1170 1718 parentes
1186 1663 1250 1700 sues
1268 1645 1455 1717 preveniens,
1469 1644 1504 1699 ad
1521 1645 1665 1699 theatrum
1685 1661 1747 1714 per-

932 1742 1013 1808 rexit,
1033 1741 1129 1812 ibique
1150 1739 1185 1794 ad
1205 1739 1294 1811 pedes
1313 1739 1435 1810 apostoli
1454 1737 1567 1808 cecidit,
1588 1744 1616 1792 et
1636 1753 1687 1808 pro
1705 1754 1748 1792 re·

932 1840 1014 1905 cepta
1039 1834 1169 1900 sanitate,
1194 1832 1305 1904 populis
1327 1831 1519 1903 stupentibus,
1545 1831 1650 1902 gratias
1675 1829 1746 1901 egit.

932 1927 1060 1992 Quodam
1079 1927 1114 1982 de
1131 1925 1429 1981 Thessalonicensibus
1449 1929 1569 1996 rogante
1588 1925 1747 1995 apostatum

931 2039 983 2093 pro
1002 2022 1061 2076 Alio
1075 2019 1259 2087 daemonioso,
1277 2018 1472 2075 mille-artifex
1494 2019 1576 2074 Satan
1590 2018 1619 2072 in
1640 2022 1748 2073 secreto

932 2115 1076 2170 sullocavit
1095 2114 1234 2169 cubiculo.
1260 2112 1386 2184 [lenique
1410 2115 1491 2184 pater
1512 2127 1577 2166 cnm
1602 2118 1747 2166 mortnnxn

932 2210 1096 2277 invenisset,
1112 2213 1140 2262 et
1155 2206 1190 2261 ob
1205 2208 1260 2260 hoe
1274 2206 1400 2261 multum
1416 2206 1565 2276 plorasset,
1579 2205 1634 2260 tide
1649 2208 1747 2259 tamen

932 2302 1063 2356 robustus
1081 2301 1111 2355 in
1129 2317 1180 2372 spe
1197 2298 1346 2370 prevaluit
1360 2302 1389 2353 et
1407 2297 1526 2353 cadaver
1545 2297 1582 2351 ad
1600 2299 1746 2353 theatrum

933 2395 967 2449 ab
987 2395 1087 2450 amicis
1109 2393 1215 2448 deferri
1242 2392 1324 2460 fecit,
1349 2395 1541 2462 eventumque
1561 2391 1602 2445 rei
1620 2392 1747 2462 apostolo
1848 2382 1851 2387 ’

933 2488 1068 2543 narravit.
1092 2488 1142 2542 ltle
1163 2490 1258 2541 antem
1281 2484 1319 2540 ad
1340 2486 1479 2556 populum
1500 2500 1664 2547 conversus,
1684 2484 1746 2538 ait:

934 2583 989 2636 «0
1017 2581 1069 2636 viri
1093 2579 1374 2646 Thessalonicenses,
1401 2579 1468 2650 quid
1494 2579 1623 2649 proderit
1650 2577 1747 2643 vobis,

932 2692 997 2730 caum
1020 2675 1094 2729 mira
1115 2674 1176 2728 lieri
1197 2672 1336 2739 videritis,
1352 2673 1375 2725 si
1400 2688 1459 2726 non
1479 2671 1615 2726 creditis‘l
1629 2692 1642 2720 a
1663 2673 1749 2725 Porro

933 2770 988 2824 illis
1012 2768 1210 2838 pollicentibus
1233 2767 1309 2838 quod
1334 2765 1494 2834 crederent,
1517 2766 1575 2819 viso
1600 2765 1749 2834 miraculo,

931 2863 1059 2918 Andreas
1085 2863 1230 2933 apostolus
1256 2861 1325 2916 dixit
1348 2860 1481 2914 defuncto
1506 2875 1513 2913 ε
1538 2880 1552 2908 a
1577 2862 1606 2914 ln
1632 2859 1749 2913 nomine

1615 2954 1747 3020 surrexit,

933 3051 1113 3121 populusque
1133 3049 1307 3120 stupetactus
1326 3047 1511 3119 sponsionem
1528 3046 1562 3100 de
1585 3047 1750 3118 recipienda

72 2916 153 2971 tonica
173 2921 244 2970 erat.
269 2916 318 2970 llic
340 2914 377 2968 ad
398 2915 569 2986 apostolum,
595 2915 787 2971 nescientibus
812 2915 881 2984 suis,
931 2958 996 3012 jesu
1018 2956 1123 3011 Christi
1143 2971 1238 3026 surge,
1254 2971 1335 3026 puer·
1350 2976 1363 3003 ‚,
1378 2956 1414 3008 Μ
1432 2954 1479 3007 ipe
1503 2954 1598 3007 statim

72 3010 190 3078 accessit,
214 3009 365 3080 ipsumque
389 3009 593 3080 praedicantem
619 3009 738 3063 verbum
760 3008 808 3064 bet
831 3025 881 3063 au-

70 3103 141 3157 diens
163 3104 192 3157 in
213 3101 367 3157 [lominum
387 3101 517 3171 eredidit,
533 3104 570 3169 et,
591 3103 761 3172 contemptis
781 3119 881 3174 paren·
931 3144 987 3200 fide
1000 3145 1124 3199 fideliter
1134 3144 1227 3197 ,enuit

70 3197 137 3251 tibus
150 3214 182 3250 ae
204 3195 291 3249 rebus
306 3195 375 3264 suis,
395 3197 422 3249 ei
437 3195 567 3250 adhaesit.
581 3197 718 3250 Parentes
735 3197 794 3266 ejus
814 3213 881 3250 enm
1230 3185 1236 3197 ⁸
1430 3261 1435 3272 ,

67 3297 222 3362 quarentes
237 3289 376 3361 Philippis
398 3288 577 3358 invenerunt,
594 3289 747 3361 ipsumque
763 3289 798 3344 ab
816 3305 882 3361 apo
967 3266 1073 3320 medias
1097 3264 1286 3335 Philippeum
1314 3279 1366 3333 pm
1396 3262 1455 3317 fi¹¹⁰
1489 3265 1747 3366 aessffllfflstefuffl
1813 3310 1816 3315 ·

66 3386 131 3440 stolo
155 3383 327 3439 muneribus
354 3387 380 3436 et
403 3383 488 3437 minis
510 3399 663 3454 segregare
686 3383 766 3437 valde
788 3383 880 3437 conati
930 3360 1064 3431 lammis
1083 3359 1243 3430 ἂιΡοθῑῡωῐῃ
1264 3357 1390 3428 ¹¹⁰3³Vit3
1409 3357 1491 3426 culus
1513 3372 1612 3427 prem
1631 3359 1749 3410 ¹¹¹¹t¹⁸⁵¹'

65 3485 135 3548 sunt,
148 3478 198 3534 sed
213 3495 270 3532 non
287 3481 453 3549 potuerunt.
473 3475 648 3532 Praedicante
661 3477 800 3548 apostolo,
817 3493 879 3532 ver·
931 3470 995 3508 “¹¹¹³
1013 3454 1056 3507 ψ’
1075 3452 1242 3523 benigniter
1260 3451 1393 3522 suscepst’
1407 3456 1435 3505 ⁴³1
1453 3450 1674 3521 appmheudem
1691 3466 1750 3504 ΠΜ·

63 3574 126 3628 bum
147 3572 248 3626 salutis
274 3574 443 3644 spreverunt
466 3574 504 3640 et,
523 3575 677 3625 convocata
698 3571 881 3642 eohorte,ig·
931 3565 1000 3602 ”⁰¹¹¹
1029 3548 1100 3618 ejus,
1127 3545 1266 3616 philll‘l'is
1293 3544 1353 3648 llil·
1382 3543 1611 3651 lssssfedlffbflbfls
1637 3549 1748 3615 P0sl³¹¹¹

63 3684 126 3722 nem
150 3667 178 3720 in
198 3665 320 3720 domum
339 3665 508 3736 iniecerunt,
525 3665 672 3736 fascesque
688 3666 800 3732 carecti,
816 3665 881 3720 seir·
930 3641 1051 3697 cimam
1083 3656 1170 3743 sine}
1198 3643 1330 3706 ΟΜΝΗ,
1358 3639 1387 3691 a
1407 3652 1464 3740 'pm
1490 3636 1565 3703 Μ’
1596 3652 1667 3740 (ΙΨ
1696 3653 1747 3707 [³¹⁸⁰

61 3762 145 3833 pique
160 3767 190 3814 et
202 3759 362 3814 facularum
376 3758 555 3828 adhibentes,
573 3757 692 3813 domum
708 3760 880 3815 succendere
931 3735 1011 3806 culpa
1032 3733 1135 3788 M⁰d¹²¹³
1157 3749 1184 3785 ¹¹¹
1205 3746 1315 3785 meere
1337 3734 1522 3795 ⁹¹''¹⁰¹³Ve¹'³tt
1539 3732 1658 3800 milam·
1675 3729 1748 3783 5¹¹⁸·
1834 3740 1836 3747 ¹

60 3858 220 3928 empemnt.
240 3853 319 3908 Tune
336 3853 448 3924 juvenis
469 3853 627 3923 ampullam
650 3870 731 3925 aquae
752 3870 817 3908 cum
837 3854 879 3908 in·

59 3948 210 4003 secatione
227 3946 356 4002 nominis
371 3946 474 4001 Christi
487 3947 609 4017 desuper
623 3946 732 4016 alludit,
747 3951 774 4002 ct
787 3947 881 4002 diviua
931 3939 987 3978 ⁰⁰¹¹
1016 3921 1107 3977 ³⁰¹¹¹m
1135 3921 1199 4021 ⁸¹⁰}
1223 3918 1295 3973 ‘¹⁰⁰³
1324 3917 1460 3986 ³b⁸⁰¹v¹¹2
1490 3918 1540 3971 θεά
1565 3921 1652 3971 ‘mam
1678 3917 1749 3971 ³¹¹⁰³

59 4044 148 4097 virtus
166 4057 255 4096 omne
277 4039 453 4108 incendium,
475 4056 506 4095 ac
528 4040 551 4094 si
570 4056 721 4096 accensum
737 4056 795 4096 non
813 4040 881 4096 fnis-
930 4023 1051 4088 ⁵⁰Pt³¹¹¹²
1074 4032 1126 4087 ΡΓΟ
1150 4014 1253 4085 q⁰¹b¹¹³
1274 4028 1359 4067 ”⁰¹⁰⁰
1381 4011 1566 4082 ¹⁰q¹¹eh³t¹¹ss
1585 4016 1698 4065 tamum
1718 4017 1749 4065 ¹¹t

58 4141 112 4203 Spq,
139 4138 237 4191 §mim
258 4133 402 4189 exspimjg
428 4134 535 4189 poinde
554 4134 650 4189 furiosi
673 4136 761 4189 scalas
781 4136 878 4190 admo,
931 4111 1005 4165 filius
1020 4111 1081 4180 ejus
1096 4114 1255 4163 sanaretur.
1270 4107 1327 4161 lltis
1342 4105 1440 4176 itaque
1453 4105 1588 4171 liberatis,
1605 4105 1750 4177 apostolus

58 4237 164 4285 rerunt
178 4236 209 4284 ut
226 4227 424 4294 ascenderent,
440 4244 545 4299 eosque
559 4227 653 4300 gladio
668 4228 879 4296 interlicerent;
931 4204 1129 4260 phi¹⁰m⁶dem
1155 4201 1274 4267 ⁵³⁰³Vst’
1298 4201 1346 4272 qni
1369 4217 1425 4254 ¹¹¹¹
1450 4200 1532 4254 annis
1555 4200 1647 4255 sumt
1670 4199 1749 4254 debi‘

58 4325 109 4379 sed
126 4323 264 4379 divinitus
284 4321 413 4377 excaeati
429 4325 505 4387 scint,
521 4339 556 4376 ne
574 4339 722 4378 ascensum
740 4324 880 4378 scalarum
930 4300 976 4354 ¹5⁵·
1555 4371 1569 4415 ,Β

59 4418 201 4474 riderent.
221 4419 300 4472 Tune
315 4416 499 4487 Lysimachus
520 4415 638 4488 quidam
657 4433 671 4469 c
691 4416 798 4471 civibus
812 4417 920 4518 divi-D
967 4419 1074 4475 Deinde
1091 4418 1278 4473 clamantibus
1292 4417 1403 4489 populis
1420 4421 1452 4472 nt
1472 4416 1530 4470 suis
1548 4416 1634 4470 etiam
1651 4414 1748 4469 mede-

60 4529 129 4567 num
152 4528 225 4583 opus
243 4511 375 4577 advertit,
391 4511 606 4582 vicinorumque
622 4510 761 4566 insaniam
781 4512 882 4566 andac-
932 4520 1011 4569 retur
1031 4512 1161 4578 infirmis,
1184 4512 1315 4567 Andreas
1337 4511 1483 4566 conlidens
1503 4510 1531 4563 in
1551 4509 1684 4575 homino,
1707 4526 1748 4561 sa-

61 4614 104 4661 tcr
125 4604 285 4676 redarguit,
305 4604 422 4658 dicens:
444 4626 458 4654 ιι
476 4603 590 4676 thnid,
611 4621 627 4659 u
648 4605 710 4674 viri,
734 4622 811 4660 casso
834 4623 882 4660 vos
934 4615 999 4663 irrito
1014 4607 1086 4661 dixit
1106 4623 1218 4677 puero:
1236 4629 1249 4653 «
1266 4606 1431 4661 Perdomos
1452 4602 1652 4674 aegrotantium
1668 4601 1748 4668 vade,

61 4701 159 4755 labore
173 4697 361 4754 consumitis?
371 4700 443 4754 lleus
455 4699 532 4752 enirn
546 4704 655 4769 pugnat
669 4716 719 4770 pro
731 4699 797 4753 viris
810 4700 880 4769 istis,
934 4707 963 4757 et
983 4703 1009 4756 in
1024 4701 1141 4756 nomine
1156 4701 1221 4755 lesu
1239 4699 1353 4765 Christi,
1375 4699 1402 4752 in
1419 4713 1477 4769 quo
1491 4701 1609 4750 sanatus
1626 4711 1666 4763 es,
1679 4695 1748 4765 jube

61 4798 90 4850 et
104 4811 155 4849 vos
172 4809 229 4848 nou
251 4792 432 4863 cognoscitis.
449 4792 564 4847 Cessate
579 4791 614 4846 ab
631 4793 684 4847 hac
700 4793 829 4859 stultitia,
846 4810 881 4848 ne
934 4813 984 4851 ecs
1009 4811 1174 4867 exsurgere.
1205 4815 1217 4843 u
1245 4796 1277 4849 At
1303 4792 1349 4846 ille
1375 4792 1461 4862 jussis
1492 4789 1612 4861 apostoli
1640 4788 1748 4859 paruit,

63 4905 109 4942 ros
125 4887 248 4943 coelestis
263 4891 412 4941 consumat
425 4886 479 4941 ira.
494 4909 508 4936 »
523 4886 570 4940 llis
581 4886 671 4956 dietis,
688 4904 786 4942 omnes
797 4888 882 4942 corde
934 4892 1111 4962 populusque
1131 4888 1232 4943 videns
1256 4885 1399 4942 mirabilia
1423 4883 1554 4952 eredidit,
1572 4888 1601 4939 et
1622 4884 1751 4954 apostolo

63 4981 228 5055 compuncti
254 4986 335 5047 suut,
361 4982 391 5034 et
417 4979 569 5035 tenebrosa
595 4985 676 5036 nocte
708 4981 881 5053 ingruente,
935 4985 1023 5041 multa
1038 5000 1158 5039 munera
1170 4983 1286 5048 obtulit,
1302 4979 1352 5035 sed
1368 4980 1428 5051 ipse
1443 4979 1530 5050 gratis
1544 4977 1679 5032 omnibns
1691 4994 1751 5031 ver·

64 5077 114 5148 ipsi
140 5074 250 5132 coelitns
276 5073 427 5129 illuminati
455 5078 529 5128 sunt.
556 5074 748 5129 Ascendentes
772 5082 880 5144 autem,
933 5081 1002 5135 bum
1024 5079 1087 5132 vitae
1105 5077 1273 5148 praedicans,
1290 5073 1362 5129 nihil
1384 5072 1614 5144 recepitl‘iliam
1636 5087 1748 5142 qnoque

64 5171 225 5243 apostolum
240 5173 371 5224 orantem
386 5167 615 5236 intervenerunt,
631 5172 657 5222 et
674 5169 703 5223 in
717 5169 882 5241 pavimento
933 5172 1050 5239 Nicolai,
1065 5189 1128 5243 qna
1149 5169 1314 5240 languebat,
1331 5184 1381 5238 pro
1405 5183 1458 5238 qna
1482 5172 1561 5237 pater
1577 5166 1668 5221 multa
1683 5165 1750 5219 olle·

65 5264 209 5337 prostrati,
224 5263 260 5317 ab
280 5279 312 5317 eo
331 5261 539 5333 indulgentiam
554 5269 685 5334 petentes
699 5269 881 5335 acceperunt.
935 5267 1023 5335 rebat,
1039 5266 1126 5339 gratis
1141 5265 1251 5320 sanavit
1271 5267 1300 5318 et
1312 5279 1411 5318 omnes
1425 5260 1460 5316 ad
1476 5262 1560 5316 iidem
1575 5259 1712 5314 invitavit.

65 5359 104 5414 Ab
118 5359 251 5431 apostolo
269 5356 347 5411 enim
367 5355 531 5428 benigniter
543 5357 630 5412 erecti
647 5360 723 5426 sunt,
741 5363 769 5414 ct
783 5356 812 5411 in
824 5358 883 5414 tide

66 5451 242 5509 corroborati
268 5449 504 5521 Omnipotentem
528 5449 727 5508 laudaverunt.
749 5452 883 5507 Parentes
1096 5458 1431 5527 trecassensem
1449 5457 1509 5509 citae
1522 5453 1588 5523 ej'ua

66 5551 176 5602 tantum
194 5545 276 5618 pueri
290 5560 347 5600 non
363 5544 554 5600 erediderunt.
566 5546 752 5602 Exsecrautes
763 5562 829 5600 vero
839 5547 884 5617 ju·

67 5657 176 5709 venem,
193 5640 221 5695 in
239 5639 365 5714 patriam
377 5655 458 5694 suam
471 5639 574 5694 reversi
588 5643 669 5709 sunt;
683 5645 711 5694 et
727 5644 791 5712 post
802 5640 883 5712 qnin-
971 5641 1077 5696 Passim
1099 5639 1219 5711 apostoli
1237 5639 1313 5695 saura
1336 5655 1387 5709 per
1405 5635 1597 5691 Macedoniam
1620 5634 1749 5690 currebat

68 5737 204 5809 quaginta
216 5733 288 5803 dics,
306 5734 391 5789 utrius
404 5733 482 5789 horre
497 5738 646 5789 momento
660 5735 743 5790 simul
761 5735 884 5808 exspira·
935 5737 970 5791 de
997 5735 1147 5790 virtutibus
1170 5750 1239 5807 quas
1265 5733 1339 5787 idem
1363 5748 1448 5804 snper
1472 5729 1602 5786 inibmss
1622 5729 1760 5784 iaciebat.

931 3829 1015 3883 dente
1036 3827 1177 3898 apostolo,
1200 3824 1305 3880 Aledias
1325 3826 1358 3877 ad
1380 3823 1466 3894 [tedes
1486 3823 1547 3894 ejus
1570 3823 1699 3894 procidit,
1722 3828 1750 3878 et
