3750 6046
146 178 179 243 'tt
822 178 984 245 cantator
1010 188 1140 243 vivatis
1797 190 1832 239 re

147 310 296 380 actisunt;
312 311 441 382 victoque
454 309 580 366 Valentis
594 311 733 381 exercitu,
748 326 799 383 per
811 312 958 367 Thraciam
1043 312 1184 366 Lucienus
1210 310 1367 382 presbyter,
1390 307 1434 364 cui
1458 309 1593 365 revelavit
1616 309 1763 377 Dominus,
1792 327 1833 367 vu

146 421 208 459 sese
224 405 386 472 miscentes,
402 405 488 460 simul
509 404 606 461 omnia
624 404 758 477 cedibus,
776 405 920 461 incendiis
932 408 962 462 et
1011 405 1126 461 Honorii
1144 403 1281 476 principis
1307 419 1381 458 anno
1401 402 1495 459 locum
1519 403 1640 474 sepulcri
1660 407 1690 458 et
1707 402 1829 476 reliqui-

146 499 255 571 rapinis
267 498 413 554 fuderunt.
1010 515 1093 555 arum
1111 498 1187 554 beati
1212 497 1431 570 protomartyris
1455 496 1592 569 Stephani
1615 502 1643 551 et
1664 496 1832 553 Gamalielis

182 592 331 648 Gratianus
352 609 417 648 cum
449 593 537 648 tratre
562 592 780 663 Valentiniano,
813 593 897 648 annis
923 611 960 649 vr.
1012 609 1045 647 ac
1061 592 1217 660 Nicodemi,
1236 591 1285 664 qui
1304 590 1335 646 in
1356 590 1507 662 Evangelio
1527 594 1557 646 et
1578 591 1609 646 in
1622 590 1741 646 Actibus
1758 607 1829 664 apo·

145 685 501 754 TheudosiusaGratiano,
517 687 676 758 imperator
686 692 806 754 creatus,
821 686 961 741 maximas
1011 687 1149 742 stolorum
1179 686 1332 756 leguntur,
1361 684 1473 757 scripsit
1500 685 1592 757 ipsam
1624 684 1829 741 revelationem

146 779 210 835 illas
231 780 375 852 Scythicas
399 785 510 852 gentes,
535 779 589 834 hoc
610 782 653 834 est
674 780 787 847 Alanos,
810 781 906 835 Hunos
933 783 962 834 et
1010 779 1107 835 Graeeo
1119 795 1251 835 sermone
1265 779 1299 834 ad
1319 778 1448 834 omnium
1467 776 1651 834 ecclesiarum
1663 794 1826 850 pomonam.

148 873 252 929 Gothos
271 874 383 945 magnis
399 873 553 945 multisque
571 873 677 944 praeliis
693 873 768 929 vicit.
784 873 871 943 Cujus
894 889 960 928 con·
1010 874 1100 937 Ouum
1125 873 1328 928 revelationem
1341 871 1437 928 Avitus
1450 872 1607 944 presbyter,
1621 872 1708 927 homo
1725 873 1826 945 Hispa-

146 967 272 1023 cordiam
287 983 346 1022 uon
367 967 493 1021 serentes
508 965 613 1035 Ariani,
630 972 693 1037 post
713 983 747 1022 xa
759 983 851 1022 annos
871 967 960 1022 eccle·
1011 984 1065 1023 nus
1085 982 1204 1040 genere,
1218 965 1248 1022 in
1269 967 1401 1022 Latinum
1420 966 1515 1034 vertit,
1536 971 1565 1022 et
1584 965 1695 1037 adiecta
1705 964 1826 1037 epistola

148 1060 214 1128 sias,
230 1077 300 1132 quas
316 1059 342 1113 vi
357 1063 485 1126 tenuere,
497 1058 686 1131 reliquerunt.
706 1059 836 1131 Synodus
847 1064 961 1116 centum
1011 1077 1072 1131 sua,
1086 1078 1140 1132 per
1158 1060 1291 1117 Orosium
1311 1059 1521 1133 presbyterum,
1536 1058 1767 1115 Occidentalibus
1781 1058 1828 1114 de

148 1153 354 1226 quinquaginta
378 1154 494 1208 Petrum
518 1157 709 1225 congregatur
731 1153 799 1208 urbe
822 1155 960 1226 Augusta,
1011 1154 1061 1210 dit.
1083 1155 1136 1219 Qui
1153 1154 1241 1210 etiam
1261 1154 1376 1210 Orosius
1394 1154 1430 1209 ad
1449 1154 1511 1209 loca
1532 1160 1629 1209 sancta
1646 1152 1826 1225 perveniens,

149 1252 249 1303 contra
269 1246 475 1316 Macedonium,
495 1247 546 1302 sub
565 1247 685 1302 Damaso
707 1248 804 1303 Homae
817 1248 960 1318 episcopo.
1011 1264 1067 1319 quo
1086 1264 1152 1303 eum
1167 1248 1342 1320 Augustinus
1355 1247 1391 1303 ad
1406 1247 1609 1319 Hieronymum
1624 1263 1677 1319 pro
1693 1246 1827 1303 discenda

146 1340 323 1396 Theodosius
355 1339 508 1396 Arcadium
539 1339 631 1394 filium
669 1356 753 1396 enum
801 1343 961 1395 consortem
1011 1341 1116 1396 animae
1140 1341 1249 1398 ratione
1274 1341 1403 1408 miserat,
1427 1341 1565 1413 reliquias
1586 1340 1661 1396 beati
1689 1339 1828 1412 Stephani

146 1434 213 1489 facit
243 1434 372 1506 imperii.
404 1439 424 1490 A
460 1433 584 1490 secundo
614 1433 742 1490 Gratiani
778 1450 867 1501 anno,
899 1435 960 1504 ipso
1010 1435 1130 1507 accepit,
1143 1435 1322 1507 patriamque
1339 1451 1468 1491 reversus
1483 1434 1630 1490 Occidenti
1649 1433 1764 1506 primm
1780 1433 1824 1489 in·

147 1529 241 1585 sexies
271 1534 300 1585 et
319 1528 482 1584 Theodosio
503 1527 677 1597 consulibus,
702 1527 873 1599 Theophilus
897 1543 959 1599 pas·
1010 1527 1084 1585 tulit.
1113 1528 1241 1585 Britanni
1265 1528 1424 1596 Scotorum,
1447 1529 1646 1601 Pictorumque
1668 1526 1824 1583 intestatio-

146 1623 256 1678 chelem
280 1625 448 1694 computum
468 1621 574 1677 scribit.
600 1621 747 1690 Maximus,
772 1621 814 1676 vir
842 1621 960 1694 quidem
1011 1637 1079 1679 nem
1099 1639 1156 1677 non
1171 1622 1307 1692 terentes,
1324 1624 1447 1678 Rumam
1466 1622 1595 1692 mittunt,
1615 1627 1644 1677 et
1656 1622 1700 1676 sui
1714 1621 1823 1691 subjec-

147 1720 281 1773 strenuos
307 1718 336 1773 et
357 1716 473 1788 probus,
501 1718 585 1788 atque
609 1718 737 1787 Augusto
766 1715 878 1787 dignus,
906 1713 1086 1789 nisisstione
1104 1717 1268 1788 promissa,
1292 1719 1392 1772 contra
1418 1717 1532 1772 hostem
1555 1716 1658 1772 auxilia
1682 1715 1824 1787 flagitant.

148 1820 246 1866 contra
272 1811 445 1866 sacramenti
471 1809 556 1865 tidem
583 1825 636 1881 per
657 1808 840 1881 tyrannidem
865 1824 959 1864 emer·
1009 1808 1118 1874 Quibus
1146 1810 1241 1865 statim
1271 1811 1355 1865 missa
1387 1810 1461 1883 legio
1494 1826 1602 1881 magna
1629 1810 1824 1864 barbarorum

146 1904 238 1972 sisset,
253 1904 283 1959 in
300 1903 455 1971 Britannia,
477 1902 584 1958 invitus
597 1902 807 1974 propemodum
829 1901 957 1958 abexer·
1009 1903 1225 1960 multitudinem
1255 1903 1370 1973 sternit,
1396 1907 1514 1960 caeteros
1540 1902 1694 1958 Britanniae
1722 1902 1825 1957 tinibus

147 1998 206 2054 citu
220 1997 376 2069 imperator
390 1999 511 2066 creatus,
526 1996 557 2050 in
577 1995 697 2051 Galliam
713 1995 839 2065 transiit3
862 1995 959 2068 ibique
1008 1997 1103 2068 pellit,
1131 2014 1163 2051 ac
1190 1996 1310 2052 domum
1337 2013 1485 2054 reversura
1512 1997 1650 2069 precepit
1677 1996 1761 2052 sociis
1789 1995 1825 2051 ad

147 2089 787 2164 GratianumAugustumdoliscircumventum
798 2089 875 2162 apud
887 2090 959 2162 Lug·
1009 2091 1148 2147 arcendos
1170 2091 1263 2146 hostes
1284 2107 1400 2146 murum
1422 2095 1500 2145 trans
1522 2090 1644 2145 insulam
1667 2090 1744 2145 inter
1767 2088 1825 2144 dun

147 2185 256 2241 dunum
284 2186 406 2253 occidit,
428 2185 606 2256 fratremque
640 2184 701 2255 ejus
724 2183 959 2239 Valentinianum
1008 2184 1097 2240 maria
1117 2187 1253 2239 statuere.
1275 2183 1339 2253 Oui,
1356 2183 1462 2256 absque
1485 2184 1594 2239 artifice
1607 2183 1747 2255 magistro
1762 2199 1824 2237 ma·

146 2280 227 2336 ltalia
242 2279 368 2351 expulit3
395 2276 756 2350 quitamenjustissimam
778 2293 843 2333 cum
868 2283 958 2333 matre
1007 2277 1050 2350 gis
1080 2277 1184 2350 cespite
1206 2293 1293 2349 quem
1317 2277 1412 2348 lapide
1438 2277 1540 2346 fectus,
1566 2277 1606 2332 nil
1632 2277 1825 2348 operantibus

147 2391 197 2429 sua
219 2374 329 2429 lustina
351 2387 466 2444 poenam
486 2370 576 2426 exsilii
601 2370 665 2426 luit.
693 2371 782 2436 Quam
812 2376 839 2426 et
863 2370 958 2442 ipsum
1009 2371 1125 2443 proluit.
1152 2372 1222 2426 Nam
1244 2387 1312 2426 mox
1334 2374 1368 2426 ut
1390 2370 1546 2426 discessere
1565 2371 1698 2439 Bomaui,
1723 2370 1825 2426 advec—

145 2468 247 2523 Ariana
261 2466 378 2522 heresis
396 2465 507 2537 polluit,
525 2469 553 2520 et
572 2464 831 2520 eminentissimam
852 2464 958 2520 Catho·
1008 2470 1053 2521 tus
1073 2463 1193 2520 navibus
1210 2463 1290 2536 prior
1308 2464 1407 2535 bostis,
1428 2465 1508 2536 quasi
1526 2466 1670 2519 maturam
1683 2470 1823 2536 segetem,

143 2562 206 2618 lice
217 2560 282 2616 fidei
295 2575 390 2615 arcem
399 2557 582 2614 Ambrosium
591 2556 700 2629 perfida
713 2556 862 2613 obsidione
872 2573 959 2613 vexa·
1007 2557 1087 2612 obvie
1109 2573 1230 2631 querque
1254 2557 1308 2612 sibi
1330 2557 1424 2626 caedit,
1450 2558 1551 2626 calcat,
1565 2557 1691 2613 devorat.
1717 2558 1824 2613 lterum

143 2656 200 2723 vit3
216 2670 269 2710 nec
283 2653 361 2726 prius
374 2668 462 2724 qnam
475 2650 593 2724 prolatis
612 2651 761 2712 beatorum
783 2650 907 2707 Gervasii
930 2657 958 2706 et
988 2634 1116 2722 'petenti
1141 2650 1249 2706 auxilia
1271 2649 1392 2706 Humani
1417 2650 1559 2720 advolent,
1581 2655 1611 2705 et
1628 2666 1734 2706 caesum
1756 2651 1824 2705 hos-

145 2748 264 2806 Protasii
291 2751 462 2818 martyrum,
491 2745 547 2801 Deo
571 2744 732 2818 revelante,
759 2744 887 2817 reliquiis
911 2745 956 2800 in-
1007 2748 1066 2800 tem
1081 2747 1160 2799 trans
1178 2743 1267 2799 maria
1286 2743 1389 2816 fugant
1402 2742 1618 2816 conjunctisque
1640 2743 1695 2798 sibi
1715 2742 1827 2798 Britan·

39 2912 43 2919 Ι
145 2841 295 2912 corruptis,
311 2840 536 2911 uelandaccepta
550 2839 686 2895 deseruit.
1007 2837 1062 2906 nis,
1083 2853 1200 2893 murum
1225 2853 1284 2893 non
1311 2840 1389 2893 terra
1419 2840 1452 2893 ut
1474 2839 1541 2892 ante
1569 2837 1750 2910 pulvereum,
1776 2835 1825 2892 sed

179 2934 352 2992 Theodosius
369 2934 428 3006 qui,
444 2934 557 2990 vivente
573 2932 722 3003 Gratiano,
738 2949 788 2988 sex
802 2932 884 2989 annis
894 2933 958 3004 jam
1008 2947 1075 2988 saxo
1088 2930 1211 2987 solidum
1224 2931 1300 2988 inter
1312 2930 1448 3000 civitates,
1464 2947 1529 3004 que
1545 2930 1653 2986 ibidem
1668 2930 1703 2985 ob
1715 2935 1826 2986 metum

144 3031 288 3088 Orientem
307 3028 436 3101 regebat,
450 3032 514 3101 post
535 3032 657 3083 mortem
676 3027 738 3098 ejus
758 3026 888 3100 regnavit
905 3044 956 3083 an·
1007 3023 1131 3081 hostium
1151 3025 1233 3081 lactoe
1249 3024 1375 3093 lucrant,
1391 3023 1602 3096 amariusque
1622 3024 1657 3079 ad
1670 3039 1750 3079 mare
1765 3023 1825 3078 col-

143 3121 188 3176 nis
205 3137 243 3176 ιι.
262 3121 325 3192 lpse
348 3122 377 3174 et
396 3116 619 3180 Valentinianus,
642 3132 730 3189 quem
759 3116 836 3172 ltalia
859 3087 1116 3189 expet-Clocant.
1147 3119 1202 3175 Sed
1229 3121 1259 3174 et
1281 3119 1377 3175 littore
1408 3117 1564 3174 meridiano
1589 3116 1675 3173 meris
1700 3116 1767 3188 quia
1797 3119 1827 3171 et

144 3231 208 3271 sum
223 3213 347 3286 benigne
365 3214 539 3284 susceperat,
560 3209 714 3266 Maximum
729 3212 887 3282 tyrannum
901 3215 958 3268 ter·
1007 3213 1073 3270 iude
1084 3213 1173 3270 hostis
1194 3212 1355 3282 timebatur,
1374 3218 1469 3269 turres
1487 3229 1539 3284 per
1551 3210 1699 3267 intervalla
1710 3209 1747 3265 ad
1759 3226 1825 3282 pro·

144 3310 183 3364 tio
208 3308 244 3362 ab
266 3305 396 3379 Aquileia
422 3304 518 3376 lapide
543 3303 728 3361 interficiunt.
748 3305 801 3368 Qui
820 3305 958 3377 quoniam
1007 3312 1137 3379 spectum
1169 3306 1261 3378 magis
1292 3309 1431 3363 statuunt.
1465 3306 1511 3361 Sic
1534 3305 1699 3361 valedicunt
1732 3303 1826 3374 soche,

146 3401 323 3458 Britanniam
338 3399 504 3472 omnipcne
520 3399 789 3470 armatajuventutc
814 3399 959 3472 copiisque
1008 3406 1147 3475 tanquam
1174 3402 1250 3457 ultra
1275 3417 1335 3456 non
1360 3401 1512 3456 reversuri.
1540 3398 1700 3454 Bonilacius
1727 3399 1827 3455 Home

144 3496 314 3552 militaribus
328 3494 507 3566 spoliaverat,
529 3509 593 3566 quae
609 3492 771 3564 tyrannidis
790 3493 852 3564 ejus
878 3494 961 3550 vesti·
1009 3496 1157 3568 episcopus
1187 3495 1255 3551 lecit
1280 3494 1436 3551 oratorium
1462 3495 1492 3549 in
1518 3492 1686 3562 coemeterio
1714 3491 1827 3548 Sancte

145 3589 353 3664 giasecutaein
371 3588 483 3659 Gallias,
507 3603 655 3660 nunquam
675 3586 751 3642 ultra
772 3587 890 3643 domum
912 3604 958 3643 re·
1011 3589 1180 3660 Felicitatis,
1210 3592 1239 3645 et
1266 3589 1377 3645 ornavit
1401 3589 1563 3662 sepulcrum
1588 3587 1650 3659 ejus
1679 3592 1709 3644 et
1732 3585 1827 3642 Sancti

144 3685 239 3753 diere3
269 3683 398 3739 videntes
429 3681 626 3738 transmarine
659 3684 759 3753 gentes
787 3681 958 3752 sevissimae,
1010 3684 1128 3756 sylvini.
1155 3686 1343 3757 Hieronymus
1369 3683 1518 3756 presbyter
1545 3680 1618 3738 obiit
1640 3697 1680 3737 ιιι
1706 3679 1826 3737 Honorii

143 3779 291 3835 Scotorum
309 3794 326 3831 e
344 3776 445 3845 Gircio,
468 3781 497 3832 et
520 3775 663 3831 Pictorum
683 3775 719 3830 ab
739 3774 889 3848 Aquilone,
910 3775 959 3832 de·
1010 3793 1097 3847 anno,
1120 3795 1140 3834 u
1160 3778 1300 3835 Kalendas
1322 3777 1462 3845 Octobris,
1482 3791 1557 3832 anno
1575 3775 1666 3831 etatis
1682 3791 1742 3830 suae
1764 3789 1823 3831 ιιι.

144 3873 272 3928 stitutam
285 3871 376 3926 milite
392 3887 424 3925 ac
438 3869 588 3925 defensore
604 3869 737 3940 insidam,
752 3868 918 3940 adveniunt,
932 3875 961 3926 et
1045 3872 1221 3928 Theodosius
1247 3871 1362 3939 minor,
1390 3869 1502 3926 Arcadii
1529 3870 1616 3940 tilius,
1643 3869 1728 3924 annis
1749 3883 1825 3924 xxvi.

144 3969 282 4020 vastatam
306 3964 505 4036 direptamque
525 3977 578 4034 per
597 3962 702 4018 multos
720 3978 783 4018 eam
799 3978 889 4019 annos
908 3978 960 4034 op·
1010 3966 1227 4022 Valentinianus
1242 3966 1344 4038 junior
1356 3964 1515 4023 Constantii
1526 3963 1601 4020 tilius
1614 3964 1759 4019 Bevennae
1773 3963 1827 4019 im·

143 4059 281 4131 primunt.
304 4058 492 4129 Hieronymus
511 4072 598 4111 sacrae
618 4056 759 4128 interpres
779 4055 909 4112 Historia
924 4057 959 4111 li·
991 4064 1126 4133 ,perator
1145 4063 1268 4116 creatur.
1288 4059 1412 4115 Placidia
1429 4075 1496 4114 vero
1511 4064 1604 4115 mater
1621 4057 1682 4129 ejas
1705 4059 1828 4130 augusta

144 4152 240 4221 hrum,
264 4168 349 4224 quem
370 4151 405 4206 de
428 4150 583 4206 illustribus
609 4150 742 4205 Ecclesiae
763 4150 831 4205 viris
853 4150 960 4219 scribit,
1012 4157 1205 4227 nuncupatur.
1223 4154 1314 4210 Effera
1332 4153 1612 4226 gensVandalorum,
1625 4152 1783 4210 Alandrum
1799 4155 1829 4208 et

146 4262 234 4319 usque
248 4245 284 4301 ad
300 4261 343 4301 xvv
364 4245 449 4301 totius
464 4244 578 4317 imperii
592 4244 744 4302 Theodosii
762 4261 871 4301 annum
894 4262 960 4319 per·
1011 4249 1181 4321 Gothorum,
1201 4248 1237 4304 ab
1249 4248 1388 4322 Hispaniis
1400 4247 1437 4303 ad
1449 4248 1574 4303 Alricam
1591 4246 1744 4317 transiens,
1762 4262 1826 4302 em·

144 4339 233 4396 duxit.
1011 4343 1059 4399 nia
1079 4343 1167 4413 terro,
1189 4344 1316 4413 flamma,
1341 4344 1460 4417 rapinis,
1486 4342 1572 4398 sirum
1595 4344 1625 4397 et
1644 4342 1753 4398 Ariane
1776 4340 1829 4396 im·

179 4433 327 4505 Arcadius,
355 4434 429 4490 tilius
450 4433 611 4504 Theodosii,
635 4434 804 4492 cumfratre
825 4433 999 4535 Honorio,D
1012 4437 1118 4509 pietate
1134 4437 1257 4494 loedavit.
1274 4437 1331 4495 Sed
1346 4438 1446 4494 beatus
1471 4435 1645 4508 Augustinus
1664 4436 1828 4506 Hipponen-

28 4572 31 4583 .
145 4531 229 4586 annis
241 4545 298 4586 ιιιι.
314 4529 441 4602 Corpora
458 4531 622 4584 sanctorum
644 4528 775 4585 llabacuc
790 4534 818 4586 et
836 4530 959 4587 llichaee
1010 4548 1048 4587 ιιι
1062 4532 1223 4605 episcopus,
1244 4534 1274 4588 et
1289 4533 1419 4588 omnium
1432 4531 1533 4586 doctor
1551 4530 1672 4586 eximius
1687 4529 1826 4585 Ecclesia·

144 4625 352 4697 prophetarum
371 4623 466 4679 divina
486 4623 658 4680 revelatione
683 4624 854 4696 produntur.
876 4625 959 4680 Gothi
1009 4642 1076 4683 rum
1099 4643 1136 4683 ne
1158 4626 1276 4683 civitatis
1295 4643 1353 4683 sure
1371 4626 1484 4683 ruinam
1507 4625 1625 4694 videret,
1644 4623 1729 4680 tertio
1751 4623 1827 4681 obsi-

145 4719 265 4787 ltaliam,
280 4718 500 4790 Vandaliatque
519 4717 601 4795 Alani
615 4717 716 4775 Gallias
739 4719 958 4792 aggrediuntur.
1009 4721 1101 4777 dionis
1123 4722 1185 4793 ejus
1206 4736 1304 4779 mense
1325 4721 1461 4793 migravit
1484 4719 1522 4776 ad
1541 4718 1704 4788 Dominum,
1726 4735 1744 4773 v
1768 4718 1826 4774 Ha-

144 4812 327 4868 lnnocentius
351 4813 448 4868 Homve
474 4813 624 4885 episcopus
650 4813 790 4869 dedicavit
813 4811 960 4870 basilicam
1008 4814 1108 4871 lendes
1134 4815 1321 4887 Septembris,
1349 4831 1414 4870 cum
1439 4815 1552 4871 vixisset
1573 4813 1654 4869 anuis
1679 4829 1772 4884 cxxvi,
1798 4812 1830 4870 in

144 4907 378 4962 Beatissimorum
397 4912 557 4979 martyrum
581 4906 707 4963 Gervasii
725 4911 755 4962 et
775 4908 905 4976 Protasii,
924 4924 960 4964 ex
1009 4909 1143 4967 clericatu
1159 4915 1256 4966 autem
1276 4909 1320 4966 vel
1339 4909 1369 4964 in
1384 4909 1550 4983 episcopatu
1571 4924 1660 4965 annos
1680 4907 1774 4964 terme
1795 4923 1830 4965 ιι

145 5000 295 5057 devotione
326 5001 491 5057 testamenti
523 5001 669 5073 cujusdam
699 5001 814 5057 illustris
842 5002 959 5058 lemine
1010 5005 1190 5079 complesset.
1209 5004 1271 5068 Ouo
1290 5008 1420 5076 tempore
1447 5003 1576 5075 Vandali,
1601 5006 1684 5075 capte
1708 5001 1828 5060 Gurtho-

143 5093 275 5149 Vestinae.
297 5095 375 5150 Tunc
394 5095 519 5151 famulus
535 5093 638 5152 Christi
656 5094 751 5151 Alexis
773 5094 853 5152 obiit.
879 5097 958 5153 Pela·
1009 5098 1076 5170 gine
1089 5098 1211 5154 Siciliam
1225 5113 1340 5170 quoque
1362 5097 1540 5156 deleverunt.
1563 5098 1650 5170 Gujus
1674 5095 1829 5170 captivita-

145 5188 209 5260 gius
224 5187 300 5244 Brito
315 5189 366 5245 Ilei
378 5189 502 5262 gratiam
517 5189 679 5262 impugnat.
1008 5192 1047 5248 tis
1077 5190 1262 5249 Paschasinus
1294 5191 1469 5265 lilybitanus
1499 5193 1616 5249 antistes
1648 5190 1678 5247 in
1709 5190 1831 5264 epistola

178 5283 320 5339 Honorius
331 5299 396 5339 curn
409 5283 569 5339 Theodosio
583 5284 706 5352 minore,
720 5284 818 5341 fratris
832 5286 876 5341 sui
889 5286 958 5355 lilio,
1009 5286 1152 5359 meminit,
1177 5302 1264 5360 quam
1292 5287 1328 5344 de
1354 5287 1466 5345 ratione
1486 5287 1611 5361 paschali
1633 5301 1714 5360 pepe
1737 5284 1829 5343 Leoni

142 5378 225 5433 anuis
237 5394 292 5434 rvr.
308 5378 448 5448 Alaricus,
472 5393 522 5433 rex
537 5377 705 5446 Gothorum,
733 5380 853 5435 Humum
879 5381 957 5438 inva—
1009 5380 1130 5454 scripsit.

141 5471 188 5543 sit,
205 5478 374 5544 partemque
388 5472 451 5544 ejus
470 5470 602 5527 incendio
620 5473 756 5529 cremavit
772 5489 800 5531 rx
819 5475 960 5531 Helendas
1044 5474 1085 5530 Ad
1111 5475 1207 5532 Scotos
1230 5474 1260 5532 in
1290 5476 1435 5536 Christum
1462 5475 1615 5533 credentes
1641 5472 1829 5531 ordinatura

141 5565 327 5637 Septembris,
348 5581 424 5621 enno
442 5563 614 5622 conditionis
635 5565 695 5638 ejus
724 5568 803 5637 rtet,
826 5584 858 5624 ac
879 5575 958 5627 sexto
1008 5568 1158 5626 thelestinn
1176 5586 1252 5644 papa
1270 5570 1410 5629 Palladius
1430 5571 1543 5647 primus
1560 5569 1710 5644 episcopus
1731 5568 1828 5627 mitti-

32 5740 36 5747 .
141 5658 189 5717 die
202 5675 290 5732 quam
303 5658 448 5733 ingressus
467 5659 569 5731 tuerat,
589 5658 753 5735 depraedata
773 5662 843 5722 urbe
859 5680 958 5741 egres·
1010 5669 1058 5722 tur
1083 5681 1161 5723 anno
1184 5665 1335 5725 Theodosii
1370 5682 1430 5725 vrrs.
1447 5658 1609 5725 Hecedeirte
1634 5679 1653 5721 e
1680 5662 1829 5725 menete

141 5768 189 5815 sue
202 5756 256 5812 est.
1008 5760 1140 5821 Humano
1153 5759 1292 5835 exercitu,
1315 5759 1442 5835 cognita,
1465 5759 1541 5823 Secti
1562 5754 1593 5837 'pt
1614 5757 1696 5837 Picti,
1715 5757 1830 5825 enee
