3750 6046
132 183 184 247 sor
823 184 986 252 sansures
1004 180 1136 252 initis
1579 158 1582 165 ’
1770 188 1822 246 ros

130 317 267 390 processit
287 317 439 388 institutio,
463 314 494 374 ut
519 318 582 391 post
603 304 753 391 baptisma,
777 322 853 393 quod
879 326 951 377 cate·
962 322 1129 407 Abamusei
1137 313 1821 389 Mbiwhantcontundebat.lugensigiturodium

132 411 281 466 chumenis
299 428 351 483 per
370 413 563 468 ministerium
578 412 664 468 datur
679 413 844 483 sacerdotis,
861 414 953 487 impo·
1002 418 1101 470 contm
1121 414 1203 470 illum
1224 429 1276 486 pro
1295 412 1458 468 teshnsouio
1476 410 1552 467 tideli
1572 409 1745 466 concitatum
1768 414 1822 477 est,

134 505 199 560 sitio
225 521 328 562 manus
348 506 490 578 pontilicis
512 523 578 563 cum
599 507 728 563 oratione
752 508 804 564 tint
826 525 859 564 ac
883 524 952 564 unc·
1003 514 1034 564 ct
1046 511 1110 579 post
1129 508 1246 580 aliquod
1265 512 1381 579 tempus
1395 521 1413 560 a
1425 505 1538 575 ludoeis,
1553 508 1586 560 ut
1600 504 1821 571 interficeretur,

133 598 211 653 tione
229 599 425 671 charismatis3
436 605 465 657 el
478 600 517 657 sic
531 601 647 674 integre
659 601 841 658 confirmatio
854 601 886 658 fit
901 619 954 675 per
1003 617 1188 675 summopere
1202 601 1338 674 quesitus
1353 603 1408 669 est,
1421 599 1570 672 portisque
1584 597 1710 655 Damasci
1724 603 1821 653 custo·

133 697 329 768 septiformem
342 695 467 767 gratiam
481 695 571 751 sancti
583 694 706 768 Spiritus
719 694 881 768 baptisatis.
1003 696 1060 767 dia,
1075 711 1112 752 ne
1126 695 1278 768 effugeret,
1294 698 1377 750 nocte
1391 693 1495 766 dieque
1514 692 1654 766 deputata
1668 693 1721 747 est.
1737 690 1824 745 llisei·

170 793 236 850 Cum
254 792 366 846 oidhut
383 791 477 846 Simon
495 790 561 859 quia
572 802 624 860 per
640 790 838 861 impositionem
856 804 955 847 nicam
1004 789 1064 862 puli
1079 794 1186 860 autem,
1203 788 1271 862 quia
1290 787 1407 844 hostiles
1423 786 1534 842 insidier
1547 785 1631 842 Sauto
1650 788 1728 841 nocte
1739 785 1824 854 luetis

134 886 317 957 apostolorum
332 884 445 939 duretur
461 883 583 952 Spiritus
600 889 719 950 sauctus,
739 884 838 939 obtulit
853 886 891 940 eis
902 900 953 956 pe·
1002 889 1078 948 sunt,
1098 882 1220 939 inimicis
1239 883 1343 939 trustra
1360 879 1572 950 insidiantibus,
1590 895 1651 936 eum
1670 882 1757 936 nocte
1772 895 1824 950 per

135 981 255 1040 mnium,
279 977 370 1032 dicem
395 992 402 1030 t
425 980 492 1033 Dcite
515 982 540 1031 et
561 977 629 1031 mhi
651 978 721 1033 banc
741 982 904 1048 potestatem
924 983 956 1034 ut
1003 994 1113 1034 murum
1138 979 1168 1032 in
1189 982 1283 1049 sporta
1308 975 1510 1032 submiserant.
1535 977 1567 1030 ln
1590 974 1740 1030 Jerusalem
1762 987 1823 1028 cunr

135 1075 284 1142 cuicunque
301 1075 452 1141 imposuero
467 1072 707 1141 meniu,·accipiut
724 1071 858 1142 Spiritum
874 1087 953 1128 sanc-
1004 1075 1126 1135 uenum,
1147 1072 1265 1143 jungere
1287 1085 1317 1126 se
1338 1070 1481 1140 discipulis
1505 1068 1640 1135 tentabat3
1663 1067 1713 1123 sed
1733 1081 1824 1123 ornnes

76 1188 80 1194 ·
137 1172 203 1221 tum.
217 1167 310 1220 Petrus
322 1167 413 1219 autem
426 1163 499 1219 dicit
515 1164 553 1220 ad
570 1180 630 1220 eum
645 1181 652 1219 :
669 1167 789 1221 Pecunia
805 1170 853 1221 tuo
871 1171 955 1222 tecum
1005 1166 1136 1222 timebant
1159 1181 1227 1229 eum,
1251 1179 1305 1220 non
1328 1164 1465 1219 credentes
1487 1164 1555 1233 quia
1575 1161 1725 1233 disputas
1746 1165 1823 1216 esset.

135 1262 172 1315 sit
193 1261 222 1314 in
243 1259 433 1330 perditionem,
453 1260 583 1328 quonium
603 1258 704 1315 doum
723 1261 771 1316 liei
792 1261 956 1316 mutimasti
1004 1261 1145 1318 Barnabas
1176 1275 1242 1315 vero
1271 1259 1351 1314 illum
1380 1253 1581 1329 apprehendit,
1606 1254 1645 1311 ud
1670 1253 1824 1326 discipulos

133 1353 252 1425 pecunia
269 1352 415 1424 possideri.
433 1354 496 1411 Non
515 1356 555 1408 est
574 1353 625 1408 tihi
643 1368 722 1423 pars,
743 1369 830 1424 nepus
848 1369 905 1410 sors
925 1355 956 1408 in
1004 1354 1086 1410 duait
1101 1360 1127 1411 et
1142 1353 1273 1425 qumodo
1284 1354 1315 1408 iu
1326 1353 1373 1407 via
1385 1351 1498 1407 uiduset
1509 1351 1665 1413 liuntuuns,
1676 1351 1706 1404 et
1719 1350 1825 1404 caetere

136 1461 257 1502 sumone
278 1447 341 1501 isto.
360 1444 411 1502 Gor
431 1447 501 1501 enim
521 1450 596 1501 tuum
615 1461 669 1502 non
687 1453 725 1502 est
744 1452 846 1503 rectum
865 1463 956 1503 coram
1006 1464 1070 1521 quoe
1091 1447 1278 1519 contigerant,
1293 1447 1331 1502 eis
1345 1446 1483 1501 maduit.
1502 1442 1559 1499 lllis
1574 1442 1671 1514 itaque
1685 1443 1742 1498 beo
1757 1457 1823 1513 gra·

137 1542 200 1597 Deo.
214 1540 403 1595 Paenitentiam
420 1540 513 1610 itaque
529 1555 579 1610 ape
596 1540 630 1594 ab
648 1541 699 1596 tac
716 1542 840 1612 nequitia
857 1545 916 1605 tua,
930 1546 957 1597 et
1004 1540 1059 1597 tias
1073 1539 1223 1613 egentibus
1240 1538 1362 1595 fideliter
1376 1536 1509 1605 adhesit,
1523 1541 1548 1592 et
1564 1551 1626 1592 curn
1643 1536 1701 1592 illes
1718 1536 1826 1591 wana

136 1650 205 1702 rapu
223 1634 364 1690 bominum
383 1635 408 1689 si
424 1634 497 1699 forte
514 1636 670 1689 resnittatur
687 1635 739 1689 tibi
755 1634 810 1690 isc
829 1637 956 1705 capitatio
1005 1640 1032 1692 et
1051 1638 1152 1699 sciens,
1175 1636 1204 1689 in
1225 1635 1331 1690 nombre
1353 1633 1460 1688 Domini
1480 1632 1543 1687 iesu
1564 1631 1732 1701 pdmioiiter
1753 1628 1823 1701 egit.

55 1792 60 1803 ,
137 1726 428 1794 conserenteis
448 1728 519 1782 essm
537 1727 730 1783 ammonas
747 1733 773 1783 a
792 1704 1073 1797 resacrambam
1090 1728 1190 1785 aaa
1208 1727 1369 1799 aaran
1387 1728 1416 1782 ss
1433 1725 1548 1782 suasa
1564 1723 1736 1792 manant,
1754 1723 1825 1779 nea

137 1822 293 1891 iniquitatis
303 1820 381 1876 uideo
401 1825 426 1876 te
442 1835 506 1877 esse.
521 1823 614 1878 Simon
627 1824 730 1887 autern,
742 1822 862 1894 apostoli
882 1821 957 1878 dicta
1006 1839 1062 1896 que
1083 1821 1316 1890 adminiculante,
1337 1818 1470 1876 omnibus
1489 1817 1646 1875 eminebat.
1663 1817 1826 1873 invidentes

137 1913 358 1987 parvipendens,
373 1914 499 1983 recessit,
515 1917 545 1970 ei
562 1917 691 1988 apostata
705 1914 807 1983 iactus,
823 1915 957 1972 innume·
1008 1931 1079 1988 ergo
1093 1914 1263 1983 sublimiori,
1273 1913 1414 1986 perimere
1427 1912 1547 1969 Saulum
1558 1910 1625 1967 victi
1636 1910 1734 1967 consti
1746 1911 1825 1966 sunt.

138 2008 179 2064 ris
191 2007 343 2064 sceleribus
355 2008 428 2064 iram
442 2008 555 2064 Domini
568 2008 617 2064 diu
631 2010 817 2066 exacerbavit.
832 2009 958 2082 Apostoli
1008 2010 1085 2079 (irsod
1103 2010 1206 2079 lratres
1224 2013 1439 2080 cognoscentes,
1456 2021 1516 2062 eum
1534 2005 1684 2062 omanem
1703 2005 1826 2061 Muse-

140 2117 207 2158 vero
227 2103 312 2157 beuti
325 2103 435 2159 cabum
454 2105 562 2159 bomini
578 2104 769 2175 ierosolymam
788 2104 914 2160 redibant
933 2107 960 2160 et
1007 2110 1073 2160 runt
1086 2110 1112 2159 et
1123 2106 1237 2160 Tarnim
1249 2103 1422 2159 dimiserunt.
1433 2101 1552 2158 music
1562 2099 1672 2171 qudem
1680 2103 1829 2169 psrtotasvs

138 2197 233 2252 multis
250 2197 404 2267 ropionibus
418 2198 656 2255 Samaritanorum
669 2198 896 2269 manpetisahunt
910 2197 957 2269 (cl.
1007 2196 1140 2262 induam,
1156 2202 1183 2253 et
1204 2197 1355 2262 (idibem,
1375 2199 1401 2251 et
1416 2194 1574 2251 Semurium
1583 2207 1680 2265 pacem
1697 2191 1827 2248 habebat.

138 2290 287 2361 Act.,vn1,
302 2289 404 2362 ibib).
1008 2292 1162 2350 imbuens
1180 2293 1212 2346 in
1233 2292 1327 2346 timore
1350 2290 1459 2345 bomini
1474 2287 1673 2359 edificabatur,
1689 2291 1716 2342 et
1733 2300 1826 2342 conw-

174 2384 285 2456 rlngelo
305 2383 355 2439 [lei
373 2383 567 2456 praecipiente,
586 2384 733 2458 Philippus
754 2385 880 2443 Candaei
903 2385 958 2458 (17)
1009 2387 1111 2443 tutione
1124 2385 1245 2457 Spiritu
1259 2385 1348 2440 suncti
1360 2383 1524 2454 replebatur,
1541 2385 1627 2453 atque
1644 2378 1827 2436 credentium

140 2478 282 2549 eunucho,
299 2477 347 2550 qui
360 2493 447 2550 super
459 2493 561 2534 omnes
574 2494 655 2551 gasas
667 2479 778 2553 regine
792 2479 958 2553 AEthiopum
1009 2479 1165 2537 multitudo
1179 2477 1339 2550 augebatur
1349 2476 1440 2548 libid..
1454 2474 1556 2546 ti-tl).
1665 2504 1669 2509 ·

141 2577 213 2642 erat,
230 2571 385 2627 revertenti
398 2571 434 2626 de
447 2572 604 2628 Jerusalem
617 2573 783 2629 occurritet
796 2589 883 2646 super
897 2590 960 2630 cnr·
1043 2577 1140 2631 Petrus
1165 2572 1307 2645 apostolus
1333 2574 1445 2628 Ennea
1471 2567 1659 2642 paralyticum
1684 2568 1719 2623 ab
1745 2570 1830 2624 annis

141 2681 207 2721 rum
219 2681 284 2720 cum
297 2664 346 2720 illo
359 2663 497 2732 aseendit,
511 2668 598 2737 atque
613 2665 723 2734 lsaism,
740 2682 828 2739 quern
844 2667 959 2740 legebat
1009 2673 1067 2726 octo
1079 2669 1215 2738 jacentem
1226 2669 1258 2722 in
1274 2665 1388 2737 paruo
1400 2663 1495 2721 Lidstsr
1507 2661 1626 2718 murrii.
1641 2663 1739 2720 Omnes
1757 2676 1826 2717 vero

141 2759 313 2831 prophetam
332 2757 474 2830 explicare
493 2758 589 2831 caepit,
604 2762 665 2815 eis
683 2759 818 2816 vaticinio
833 2760 869 2818 de
888 2761 960 2817 occi-
1009 2757 1186 2815 habitatores
1203 2755 1298 2813 lidda
1315 2760 1342 2811 et
1357 2756 1479 2817 Somne,
1494 2754 1545 2823 qui
1561 2752 1615 2809 hoc
1632 2750 1778 2820 viderunt,
1790 2750 1829 2806 ad

141 2852 219 2908 sione
237 2852 305 2923 agni
327 2852 468 2908 mansueti
490 2851 641 2924 incipiens,
660 2854 758 2910 lesum
776 2853 818 2910 illi
837 2870 960 2927 orange·
1009 2854 1152 2911 Domuum
1170 2852 1290 2907 consen
1308 2853 1382 2906 mni.
1399 2849 1532 2918 tuluppe
1552 2846 1679 2909 renuo.
1701 2846 1830 2916 spritus

142 2946 244 3002 lizavit.
261 2946 323 3018 lpse
344 2960 412 3000 vero
426 2945 553 3018 gaudens
569 2945 686 3017 camut,
701 2947 855 3020 diligenter
873 2949 960 3005 intel·
1011 2947 1087 3004 unis
1100 2951 1127 3002 et
1146 2945 1317 3014 eleemosynis
1336 2944 1429 3015 plena,
1444 2941 1580 2998 detunsis
1596 2942 1650 3008 est,
1664 2944 1690 2995 et
1706 2955 1725 2994 a
1736 2939 1830 2994 tratri·

144 3039 223 3110 laxit,
236 3039 360 3095 libenter
373 3038 504 3111 credidit,
519 3044 557 3109 et,
573 3040 689 3097 inventa
707 3058 791 3115 aqua,
804 3042 961 3116 baptizatus
1010 3038 1063 3097 bus
1082 3042 1112 3096 in
1124 3039 1260 3096 cmsacutc
1280 3037 1373 3111 posita
1391 3041 1444 3092 est.
1460 3035 1594 3106 Discipuli
1608 3032 1749 3090 audientes
1762 3034 1831 3103 puis

144 3138 196 3202 est,
219 3138 248 3189 et
269 3133 299 3189 in
320 3133 444 3205 petriam
465 3149 545 3190 suam
566 3150 632 3191 cnm
654 3136 771 3208 gaudio,
796 3153 849 3209 pro
874 3154 961 3193 sacra
1010 3135 1105 3191 Petrus
1120 3140 1188 3190 esset
1202 3135 1305 3205 ioppe,
1322 3147 1387 3204 qnae
1398 3129 1492 3186 vicina
1512 3133 1573 3184 aret
1586 3126 1693 3196 udde,
1705 3126 1774 3183 dues
1792 3126 1832 3182 ad

143 3227 371 3299 regenerationis
390 3227 583 3297 innovatione,
604 3245 752 3301 regressus
768 3234 820 3286 est.
840 3230 961 3304 Spiritus
1010 3244 1072 3286 siun
1082 3230 1154 3286 uiros
1165 3229 1297 3284 mimus
1312 3241 1346 3282 sc
1365 3228 1397 3281 ut
1408 3224 1445 3280 ad
1456 3238 1507 3279 eos
1519 3220 1631 3278 veniret
1642 3225 1829 3292 rogaverunt.

144 3324 240 3377 autem
252 3320 366 3376 Domini
380 3321 543 3394 Philippum
555 3322 651 3396 rapuit
666 3328 704 3392 et,
718 3324 754 3380 de
766 3327 853 3381 Aeolo
871 3341 961 3398 usqua
1010 3324 1047 3379 st
1066 3322 1115 3378 ille
1134 3338 1200 3378 mox
1219 3323 1252 3376 ut
1267 3318 1442 3393 legationem
1459 3317 1582 3373 fratrum
1599 3313 1720 3385 audivit,
1735 3313 1831 3371 hurni-

144 3415 351 3485 inCresaream,
365 3413 524 3470 civitatibus
536 3416 645 3472 cunctis
657 3417 858 3490 evangelizavit
869 3418 961 3491 (ibid,
1011 3416 1079 3472 liter
1103 3414 1234 3472 obedivit
1264 3413 1440 3470 Adveniente
1467 3412 1568 3480 Petro,
1591 3411 1832 3465 circumteteruut

144 3508 248 3580 selo).
429 3504 432 3510 ’
1010 3512 1091 3567 illurn
1104 3524 1194 3567 annes
1207 3509 1298 3566 udus
1309 3511 1410 3579 mus,
1422 3513 1449 3563 et
1462 3503 1652 3563 ostendebant
1661 3503 1707 3559 itti
1721 3505 1832 3559 tunica

180 3602 281 3659 Saulm
300 3603 389 3659 adhuc
407 3606 517 3676 spiram
536 3606 674 3663 minarum
692 3609 718 3661 et
738 3607 817 3663 cedis
834 3609 864 3662 in
883 3608 963 3664 disu-
1011 3613 1037 3663 et
1056 3609 1139 3662 uestes
1153 3620 1221 3676 quas
1233 3603 1422 3672 [natalitiis
1435 3599 1759 3668 misashjecsusaser
1773 3612 1830 3654 orn·

143 3697 222 3767 pulos
235 3699 351 3762 Domini,
364 3699 445 3768 petiit
460 3714 477 3754 a
491 3698 619 3770 principe
638 3700 818 3756 sacerdotum
837 3704 964 3773 epistolm
1012 3700 1092 3757 nibus
1104 3703 1192 3769 form,
1202 3713 1305 3770 poneris
1320 3698 1415 3754 Petrus
1432 3709 1523 3766 penus
1542 3709 1593 3751 suu
1611 3694 1711 3759 mm,
1725 3698 1753 3747 θ*
1767 3707 1831 3749 0οη·

145 3792 175 3845 in
196 3794 356 3846 bammcuns
377 3792 416 3847 ed
436 3806 597 3863 mmpopas,
621 3797 651 3849 ut
672 3794 827 3850 Ecclesiam
850 3794 963 3851 Domini
1012 3809 1105 3851 umus
1119 3791 1369 3864 adeorpusdinits
1385 3785 1732 3859 Tabuia,surpe.1ttittu
1744 3786 1834 3843 emim

147 3883 318 3952 devastaret,
343 3890 372 3940 ei
395 3887 467 3941 uiros
491 3901 523 3941 ac
545 3887 671 3943 mutieres
694 3887 730 3943 de
755 3889 963 3946 Nazarenorum
1012 3904 1074 3945 suos
1087 3890 1206 3960 aperuit,
1220 3892 1247 3943 et
1264 3888 1321 3943 uiso
1335 3887 1423 3949 Petro,
1437 3883 1548 3940 resedit.
1567 3885 1692 3952 bassaus
1707 3879 1754 3936 itti
1770 3895 1832 3936 sna·

146 3980 222 4033 secta
241 3976 370 4046 vinciret,
387 3983 416 4033 at
429 3980 579 4036 Juusutsm
593 3982 761 4051 perduceret.
777 3984 844 4041 cum
863 3999 962 4055 appro·
1012 3998 1089 4047 num,
1102 3984 1187 4037 ereait
1200 3996 1270 4046 earn,
1284 3987 1310 4036 et
1327 3977 1430 4035 muchs
1448 3992 1482 4033 ac
1496 3974 1587 4032 viduis
1602 3975 1756 4044 mouit
1773 3988 1834 4030 sans

144 4073 294 4142 pinpuoret
315 4074 456 4136 bimusco,
476 4075 658 4142 circumfulsit
680 4077 810 4132 sumtus
831 4077 865 4133 de
888 4078 962 4134 cato.
1012 4079 1114 4132 uiuam.
1133 4075 1191 4131 lloc
1210 4073 1356 4145 divulgato
1373 4088 1424 4145 per
1439 4073 1595 4128 witbertum
1611 4070 1723 4141 ioppen
1741 4067 1833 4124 mna·

147 4166 183 4221 Et
201 4164 299 4220 cudens
318 4167 349 4220 iss
368 4169 470 4221 terrane
488 4168 574 4239 (Act,
594 4184 632 4238 11,
654 4168 720 4241 Η),
740 4170 849 4227 audivit
871 4170 964 4227 borni-
1013 4170 1087 4239 culo,
1101 4170 1184 4226 mutii
1195 4169 1369 4225 neumas
1381 4168 1411 4222 in
1423 4167 1535 4223 llornino
1549 4163 1638 4235 (itu,
1651 4162 1755 4232 ensi).

147 4273 218 4313 num
234 4258 429 4331 increpantem
441 4276 482 4329 se,
499 4264 528 4316 st
546 4264 687 4318 correctus
706 4269 759 4333 est,
775 4267 805 4319 st
821 4264 875 4321 sibi
893 4266 963 4321 mul·
1050 4264 1189 4324 correctius
1206 4265 1238 4318 in
1257 4262 1389 4326 Cesarea,
1406 4262 1528 4318 oenturia
1547 4258 1663 4315 cohortis
1680 4271 1743 4329 puts
1762 4256 1834 4313 diei·

147 4351 241 4424 iisque
266 4351 328 4407 aliis
350 4353 459 4410 utiliter
481 4353 652 4412 immutatus
676 4362 729 4413 est.
754 4360 776 4412 A
799 4359 893 4428 sociis,
914 4359 965 4432 qui
1015 4363 1061 4415 tur
1074 4359 1182 4423 ltutica,
1198 4359 1243 4413 uir
1258 4358 1400 4428 religiosus
1419 4370 1451 4411 ae
1469 4357 1565 4411 timeris
1579 4355 1664 4410 Deum
1682 4367 1744 4408 eum
1761 4352 1836 4408 omni

147 4444 367 4515 comitabantur,
387 4446 436 4519 qui
456 4449 609 4505 Dominum
631 4449 749 4522 quidem
769 4467 836 4508 cum
857 4452 905 4508 illo
926 4452 1092 4526 londonio
1106 4468 1157 4510 sua
1172 4450 1270 4507 multis
1289 4450 1417 4506 intentus
1436 4452 1498 4505 erat
1515 4445 1705 4520 eleemosynis
1723 4448 1755 4502 et
1772 4461 1837 4501 ors·

147 4543 285 4611 quantem
311 4539 473 4610 audierunt,
500 4541 550 4597 sed
575 4543 721 4601 neminem
746 4544 888 4616 viderunt,
913 4562 968 4620 per
1016 4545 1142 4604 tionibus
1154 4561 1206 4620 pro
1224 4543 1314 4601 salute
1329 4545 1480 4616 perpetua.
1493 4544 1521 4599 is
1537 4542 1609 4598 uidit
1626 4543 1657 4598 iss
1674 4542 1736 4598 uisu
1747 4540 1837 4596 mussi·

147 4649 267 4690 manum
288 4637 396 4689 tractus
417 4633 447 4690 in
471 4637 650 4706 Damascum,
672 4639 765 4696 tribus
787 4639 887 4697 diebus
907 4657 967 4698 nou
1015 4643 1094 4709 teste,
1114 4643 1194 4713 quusi
1209 4641 1277 4696 iera
1295 4654 1368 4695 nona
1387 4637 1452 4706 diei,
1467 4637 1596 4708 anpetusn
1615 4638 1671 4692 liei.
1689 4634 1774 4702 Onera
1789 4637 1836 4690 irs·

147 4726 228 4795 vidit,
246 4743 298 4784 nec
317 4727 510 4799 manducavit,
531 4746 623 4803 neque
644 4732 724 4789 bibit.
740 4734 865 4791 Ananias
878 4751 896 4791 a
909 4736 965 4791 llo·
1017 4741 1104 4800 tuens,
1130 4737 1224 4792 timore
1246 4736 1385 4805 correptus
1409 4731 1446 4787 ab
1468 4730 1519 4786 illo
1546 4729 1654 4786 audivit
1679 4744 1687 4784 ε
1712 4727 1837 4800 dormit,

148 4820 227 4876 mino
251 4820 354 4877 missus
380 4822 466 4880 Saule
491 4840 593 4881 manus
617 4825 766 4898 imposuit,
788 4828 965 4900 confortavit,
1016 4831 1151 4886 ustiones
1171 4832 1225 4884 tue
1239 4832 1264 4884 et
1283 4827 1453 4897 eteenospne
1471 4831 1525 4881 tua
1542 4822 1723 4881 macomus
1738 4824 1770 4877 in
1782 4836 1837 4879 sns-

146 4914 319 4971 illuminavit
332 4931 365 4971 ec
377 4916 598 4989 baptizaritsic
611 4918 735 4975 mirabili
749 4920 836 4979 modo
849 4923 885 4979 de
899 4924 966 4996 lupa
1014 4926 1130 4980 moriam
1150 4925 1180 4979 in
1202 4927 1345 4994 comprssu
1369 4923 1426 4977 liei.
1450 4918 1559 4976 Deinde
1583 4916 1721 4991 pracepit
1742 4921 1776 4972 nt
1797 4915 1839 4973 Si·

148 5013 178 5064 et
192 5012 374 5080 persecutore
393 5024 468 5067 sevo
487 5011 520 5067 tlt
533 5027 625 5084 agnus
645 5017 674 5069 et
691 5013 765 5070 aries
784 5016 965 5087 fortissimus,
1016 5033 1133 5074 monem
1147 5017 1263 5073 Petrum
1278 5014 1440 5083 accersiret,
1456 5029 1473 5069 a
1488 5029 1545 5086 quo
1559 5011 1708 5069 consilium
1722 5008 1838 5067 salubre

146 5117 197 5158 ros
215 5103 360 5160 electionis
379 5107 409 5159 st
428 5106 531 5160 hoctor
549 5109 689 5178 gentium.
706 5111 839 5169 continuo
854 5112 965 5183 ingres·
1015 5111 1137 5168 audiret.
1150 5112 1189 5166 tlt
1202 5109 1249 5165 ille
1260 5107 1376 5182 jubenti
1395 5123 1462 5164 mox
1482 5106 1577 5180 paruit
1591 5114 1620 5163 et
1633 5110 1693 5162 tres
1706 5104 1786 5162 viros
1799 5103 1837 5161 ed

148 5213 195 5252 sus
216 5196 247 5252 in
269 5212 441 5270 synagogas,
460 5199 630 5270 predicabat
652 5204 750 5269 iesum,
774 5207 904 5275 quonium
923 5205 966 5262 tic
1016 5205 1131 5262 Patriam
1155 5202 1241 5259 misit.
1266 5205 1376 5260 Pestsoa
1396 5202 1451 5266 die,
1470 5202 1528 5258 iltis
1549 5198 1838 5274 appropinquantibus

147 5297 187 5347 est
205 5291 291 5348 lilius
306 5292 363 5356 liei,
383 5293 561 5364 stupentibus
581 5295 701 5364 cuncus,
717 5297 765 5369 qui
781 5298 967 5369 pertinaciam
1014 5300 1131 5362 usitati
1158 5300 1263 5363 runs,
1290 5300 1363 5354 circa
1388 5297 1483 5354 iorum
1508 5300 1629 5361 sectans,
1655 5293 1780 5351 usensdit
1805 5294 1837 5350 s'n

148 5384 211 5456 ejus
228 5388 312 5441 antea
332 5388 477 5454 noverant,
494 5386 564 5443 dum
579 5394 764 5460 paternarum
782 5391 967 5449 traditionum
1014 5394 1157 5464 sapuisses
1181 5399 1215 5449 ut
1238 5396 1339 5449 oraret.
1364 5391 1483 5464 Guneus
1507 5391 1621 5448 sueini
1650 5391 1681 5446 et
1702 5386 1837 5462 supanis

147 5476 271 5550 amplius
283 5477 433 5533 emulator
445 5478 579 5537 existeret
594 5482 684 5553 (ibid,
698 5484 786 5557 4-21).
1014 5486 1151 5557 inhiaret,
1164 5488 1259 5545 catum
1272 5486 1304 5543 in
1323 5500 1439 5544 excessu
1456 5485 1563 5543 mends
1581 5488 1709 5556 spartanis
1721 5482 1794 5539 sidit
1809 5485 1837 5537 st

184 5570 285 5627 sautu
308 5572 396 5627 mutto
416 5575 505 5645 napis
525 5576 725 5634 mammenus
745 5584 772 5635 et
790 5580 897 5637 iudaei
919 5583 969 5653 qui
1015 5582 1177 5641 desem
1188 5598 1238 5641 uss
1252 5581 1392 5655 puoddms
1404 5580 1479 5639 estut
1492 5580 1607 5637 &seusu
1621 5592 1752 5649 κωκυ
1765 5591 1835 5651 Μ·

179 5768 231 5835 till
244 5768 310 5837 hes.
325 5771 460 5835 omisis·
474 5774 536 5832 Hoc
548 5788 662 5845 nomen,
678 5778 782 5848 regina
794 5778 966 5851 ilithlopuns,
979 5782 1029 5839 sed
1042 5794 1100 5839 nou
1113 5781 1239 5839 auuusht
1252 5784 1305 5841 est
1320 5782 1360 5839 hs
1371 5778 1496 5837 rarus
