3750 6046
65 213 116 271 xor
494 213 651 272 HISTORIA
669 214 932 276 ECCLESIASTlCh.
947 246 982 258 -
995 217 1080 275 etus
1099 218 1143 273 ill.
1159 247 1193 258 -
1207 216 1270 275 tta.
1293 214 1336 276 tx.
1600 232 1605 257 ¹
1697 218 1748 278 rot

64 331 291 394 eti'landrensis
305 351 398 392 comes
417 340 447 392 et
469 338 655 394 buamundus
675 355 765 412 usque
785 338 1055 427 Laodi-Aulterius
1073 356 1131 395 non
1150 339 1296 396 audebant
1316 338 1460 397 ciuitatem
1478 339 1587 412 egredi.
1600 336 1752 414 Tripolita-

66 431 152 499 ciam,
179 447 267 503 quam
287 430 371 502 vulgo
392 430 499 486 Liciam
521 436 632 496 vocant,
648 437 798 488 venerunt.
814 434 887 490 Bua-
937 449 1041 489 norum
1062 433 1178 489 finitimi
1196 433 1305 490 eisdem
1326 433 1556 507 percellebantur
1575 434 1753 494 infortuniis.

65 523 196 581 arundus
220 524 324 580 iterum
343 524 377 579 ab
398 524 454 580 illis
478 531 654 598 segregatus,
677 526 761 582 rediit
785 525 886 582 Antio·
936 527 1046 597 Franci,
1068 527 1279 598 gratulabunda
1300 528 1383 601 potiti
1405 527 1531 599 victoria,
1553 527 1750 603 hymnizantes

65 619 174 689 chmm,
189 633 276 692 quam
296 618 419 674 muitum
440 618 617 676 desiderabat
637 635 698 676 esse
719 636 810 676 suam.
825 622 888 677 ltux
936 620 1005 690 lieo,
1022 621 1128 676 reversi
1139 626 1208 676 sunt
1220 622 1258 677 ad
1274 638 1348 678 suos.

65 717 167 768 autern
194 717 224 769 et
248 728 346 769 comes
373 713 516 769 Gibelium
542 713 683 770 civitatem
708 714 886 771 obsiderunt.
971 714 1212 782 hiteraverodic,
1228 715 1334 771 milites
1357 716 1391 771 de
1411 716 1538 771 exercitu
1552 715 1752 789 equitaverunt

65 806 246 863 liaimuudus
261 823 358 863 comes
370 806 479 862 audivit
492 807 613 879 gentiles
627 824 692 863 cum
707 808 821 881 magnis
834 807 887 864 mi·
936 808 1009 863 ultra
1022 808 1125 864 vallem
1134 808 1169 864 dc
1180 808 1247 864 Sem
1261 808 1456 880 depraedatum
1468 814 1583 878 terram,
1594 809 1751 868 etinventis

64 900 214 956 litantium
235 900 334 957 cuneis
354 899 517 970 adventare,
533 887 706 975 bellumque
717 901 886 958 Christianis
934 901 1026 957 bobus
1039 907 1067 958 et
1082 901 1175 972 asinis,
1190 901 1289 957 ovibus
1305 906 1333 958 et
1347 902 1472 972 camelis,
1487 918 1612 975 quorum
1623 903 1680 960 luit
1693 920 1750 960 nu·

65 1010 127 1050 non
142 1010 250 1068 anceps
270 1009 440 1067 praeparare.
457 995 531 1050 illisit
551 995 641 1067 igitur
661 995 698 1050 ad
719 995 820 1064 socios,
835 997 884 1069 qui
935 1011 1032 1050 merus
1045 995 1105 1051 fere
1118 998 1153 1050 ad
1172 995 1225 1050 tria
1243 995 1341 1065 millia,
1356 998 1436 1052 muta
1451 995 1545 1052 onusti
1558 997 1668 1068 praeda,
1684 1013 1751 1054 cum

65 1088 209 1143 (libellum
227 1088 406 1159 obsederant,
421 1089 540 1145 dicens:
563 1088 671 1146 Certum
691 1091 768 1146 nobis
793 1093 898 1146 immi·
935 1089 1041 1162 gaudio
1054 1094 1221 1144 remearunt
1233 1088 1270 1145 ad
1283 1095 1446 1146 anacastra.
1461 1090 1601 1146 sederunt
1609 1089 1699 1162 igitur
1713 1091 1751 1148 ad

64 1188 110 1237 net
125 1182 237 1246 betium,
253 1188 375 1253 etsuper
393 1184 560 1239 nosoeniunt
575 1185 687 1253 agmins
700 1199 882 1254 paganorum.
934 1183 1080 1239 cutellum
1105 1182 1197 1240 Arche
1218 1184 1298 1254 (nam
1321 1183 1408 1239 nimis
1430 1189 1489 1239 erut
1515 1182 1748 1258 inexpugnabile)
1860 1254 1864 1261 Ι

66 1274 135 1332 Cum
158 1277 270 1331 moitute
289 1290 361 1345 ergo,
377 1291 461 1347 quum
481 1277 633 1341 obaudiatis,
653 1279 745 1346 agatis
761 1278 885 1334 uolumus
933 1277 1024 1332 trihus
1044 1277 1190 1332 mensibus
1212 1284 1239 1334 ei
1261 1293 1317 1333 una
1340 1277 1398 1333 die.
1423 1277 1644 1334 celebraverunt
1663 1278 1750 1334 etiam

63 1369 189 1440 depuce,
204 1370 386 1441 tutandisque
402 1371 540 1439 nutritus
554 1371 733 1442 expeditiores
754 1371 882 1428 adestote.
932 1370 974 1427 ihi
994 1371 1103 1427 Pascha
1128 1371 1244 1427 Domini
1267 1387 1293 1427 xv
1318 1371 1383 1427 idus
1404 1371 1509 1444 Aprilis
1532 1369 1637 1445 [total.
1662 1371 1752 1429 Navoa

61 1463 164 1520 dieiius
188 1469 226 1519 est
243 1466 422 1520 wncenireet
440 1465 575 1536 praeliari,
591 1480 673 1535 quum
695 1480 744 1521 nos
767 1482 785 1521 o
808 1466 885 1522 nobis
934 1463 1010 1519 enim
1026 1464 1464 1538 Christianorumadquamdam
1477 1465 1750 1538 applicuerantpor·

63 1560 193 1628 separari
204 1562 231 1613 et
242 1561 379 1628 superori.
394 1561 427 1613 in
451 1559 526 1615 bellis
548 1575 625 1615 moro
644 1559 751 1615 maduo
771 1565 821 1623 est,
836 1559 884 1616 sed
933 1561 1005 1629 tum,
1019 1558 1085 1614 satis
1100 1562 1206 1632 tutum,
1221 1563 1249 1616 et
1262 1558 1380 1615 castello
1394 1558 1537 1626 vicinum;
1556 1574 1619 1631 quae
1643 1574 1749 1632 suppe-

61 1651 235 1707 sincentibus
256 1653 362 1707 lucrum
383 1668 467 1724 quum
487 1655 635 1710 mammam
657 1659 705 1710 est.
728 1654 884 1712 obsidiones
933 1652 1091 1709 ditaverant
1111 1654 1302 1710 castrensibus
1323 1653 1503 1709 immanium
1523 1657 1553 1707 et
1573 1653 1683 1723 vinum,
1701 1668 1749 1708 ca·

61 1745 151 1800 inulto
170 1751 331 1802 consumunt
352 1752 481 1817 temporo,
497 1751 522 1802 et
540 1747 646 1802 obsesso
667 1749 715 1803 otc
732 1747 880 1818 subjuqun·
893 1724 921 1797 Β
933 1762 1013 1803 seum
1028 1746 1172 1816 stoicum,
1183 1747 1280 1804 tabam
1294 1749 1323 1802 et
1336 1746 1460 1816 lardum,
1472 1745 1598 1802 ettotiu's
1610 1746 1750 1802 ubertatis

63 1843 112 1894 tur
126 1841 290 1909 municipis.
305 1840 381 1896 licitu
395 1840 472 1895 nobes
486 1841 604 1896 subdent
616 1843 738 1896 notiones
750 1845 775 1896 et
787 1856 880 1911 regno.
932 1843 1101 1896 mercatum.
1114 1841 1289 1913 Frequenter
1301 1840 1389 1896 etiam
1410 1839 1560 1912 regionem
1578 1840 1749 1912 opulentam
1848 1859 1863 1885 -’

60 1933 137 1988 Retio
162 1933 277 1996 subacti,
306 1938 440 2004 tanquam
463 1936 557 2002 minus
585 1939 740 1990 evanescent
767 1936 881 1990 inimici.
932 1933 1130 2005 depraedatum
1138 1934 1369 2006 egrediebantur,
1379 1933 1517 2006 quonium
1525 1949 1576 1989 suo
1584 1932 1750 1989 nullatenus

62 2027 136 2083 italio
158 2032 267 2098 perusto
281 2031 306 2082 et
325 2027 398 2082 hoste
415 2028 531 2092 deuicto,
547 2033 657 2083 nostum
678 2029 754 2083 nobo
776 2029 883 2100 patebit
932 2029 997 2082 voto
1018 2026 1247 2096 fraudabantur3
1269 2027 1305 2082 ob
1329 2027 1355 2082 id
1376 2027 1498 2083 laetiores
1521 2025 1749 2094 revertebantur,
1852 2042 1856 2049 ’

61 2122 217 2192 imperium.
230 2124 333 2178 Bonum
346 2127 384 2176 est
403 2136 466 2191 erpo
483 2127 513 2176 ut
534 2123 735 2185 conveniamus,
749 2124 883 2193 quoniam
931 2121 1096 2192 iterumque
1113 2119 1149 2175 ad
1156 2120 1377 2177 discurrendum
1388 2120 1585 2177 vehementius
1594 2119 1751 2176 incitabun-

64 2218 90 2269 si
118 2217 204 2269 linem
229 2216 378 2285 promereri
402 2215 495 2270 dulcem
522 2219 548 2270 et
562 2215 762 2285 praeambulum
779 2217 882 2286 poteri·
932 2216 988 2269 tur.
1004 2213 1081 2270 lluiti
1098 2214 1185 2270 eiiam
1205 2213 1433 2271 Christianorum
1453 2212 1493 2269 ibi
1512 2214 1656 2287 perempti
1670 2215 1748 2284 sunt,
1788 2196 1791 2202 ’

62 2323 134 2370 mus,
150 2307 343 2363 indubitanter
362 2310 457 2363 statim
480 2309 512 2364 de
531 2311 650 2364 inimum
669 2312 768 2366 nostris
789 2312 883 2366 trium·
931 2308 1069 2380 quoniam
1089 2308 1311 2364 Sarracenorum
1335 2306 1421 2380 gladii
1442 2322 1500 2362 nou
1520 2322 1636 2379 semper
1654 2303 1748 2362 ohhxsi

61 2401 218 2472 pbubisnus.
241 2401 405 2464 Accelernte,
419 2403 545 2472 inquom,
560 2418 594 2458 ne
609 2417 658 2458 nos
678 2403 770 2459 aevnuli
781 2405 881 2468 nostri,
931 2401 1059 2473 inerunt,
1072 2417 1124 2457 nec
1134 2417 1236 2457 eorum
1246 2400 1348 2456 militia
1357 2416 1470 2473 semper
1478 2399 1535 2456 init
1543 2399 1645 2471 otiose,
1654 2415 1748 2473 neque

63 2496 277 2558 dumoenerint,
290 2497 440 2565 impuratus
454 2498 608 2551 inueniunt.
931 2511 1033 2550 manus
1064 2494 1199 2551 invalida.
1229 2493 1399 2550 Occiderant
1431 2509 1500 2565 argo
1521 2493 1687 2549 Anselmum
1711 2493 1748 2548 de

101 2588 161 2642 linx
174 2590 203 2642 et
214 2603 310 2643 comes
323 2587 497 2659 legationem
522 2588 594 2643 hanc
612 2592 762 2660 gratanter
779 2590 879 2645 audie·
932 2587 1163 2645 limboth-iduato
1177 2593 1205 2643 et
1221 2586 1408 2643 Guillelmum
1427 2585 1585 2653 Picsrdum,
1601 2586 1676 2640 viros
1694 2584 1746 2641 siti

62 2680 145 2750 bant,
162 2681 299 2753 quoniam
311 2681 418 2737 bellum
431 2682 576 2738 inhianter
588 2682 762 2738 esuriebant.
780 2686 881 2739 Pacem
932 2680 1090 2753 sanguinis,
1100 2680 1308 2755 gnarosquerei
1318 2679 1461 2750 militaris,
1474 2694 1598 2752 quorum
1609 2678 1747 2751 praeclare

63 2774 156 2847 igitur
167 2791 232 2829 cum
245 2773 396 2830 Giheilensi
408 2775 557 2830 admiralio
567 2776 708 2846 fecerunt,
723 2781 882 2833 etmunera
930 2773 1059 2830 facinora
1083 2773 1231 2830 evidenter
1256 2777 1404 2845 comperta
1427 2777 1494 2828 sunt
1519 2773 1549 2827 in
1570 2772 1617 2827 illa
1645 2770 1748 2828 Christi

64 2867 238 2923 rxiultecum
258 2867 436 2939 pactionibus
455 2868 567 2940 placitis
586 2869 622 2924 ab
642 2885 677 2924 eo
697 2876 881 2943 acceperunt.
932 2866 1052 2938 militia3
1083 2872 1113 2923 et
1138 2868 1234 2939 piures
1256 2866 1304 2926 alii
1330 2867 1457 2922 cecidere
1482 2881 1604 2938 quorum
1627 2865 1747 2921 uomina

63 2961 174 3016 ileinde
195 2961 372 3016 confratrum
397 2961 433 3017 ad
459 2962 560 3017 auxilia
585 2962 706 3035 proiecti
726 2969 801 3019 suut.
827 2963 882 3020 Sed
931 2963 1005 3017 Deus
1020 2961 1165 3017 contineat
1179 2961 1209 3015 in
1226 2960 1385 3023 memoriali
1398 2960 1463 3016 vitae
1478 2976 1545 3016 sura.

62 3056 179 3124 Turcos‚
206 3069 296 3126 quos,
323 3055 494 3127 sperabant,
522 3059 591 3111 tunc
615 3073 672 3111 non
700 3056 880 3114 invenerunt.
967 3054 1157 3126 Tripolitanos
1182 3058 1278 3110 autam
1304 3069 1353 3112 rex
1379 3070 1432 3126 per
1455 3053 1648 3110 internuntios
1673 3067 1748 3125 serpe
1859 3050 1865 3059 ’

61 3148 142 3204 Ultra
157 3147 277 3203 tluvium
291 3152 388 3204 autem
403 3148 541 3221 hospitati
554 3152 632 3218 sunt,
649 3155 678 3205 et
692 3167 724 3204 er
741 3151 788 3206 ille
801 3155 881 3223 parte
932 3147 1158 3203 Christianorum
1181 3148 1267 3204 duces
1294 3146 1504 3222 alloquebatur,
1524 3152 1553 3203 et
1576 3146 1748 3202 omnimodis

61 3242 210 3298 castellum
223 3240 293 3297 iilud
304 3241 489 3298 obsederunt.
501 3244 556 3297 Noc
569 3244 660 3298 multo
670 3249 735 3316 post
747 3261 781 3299 ex
790 3243 883 3301 Cirris·
933 3257 1031 3297 eorum
1055 3241 1167 3297 animos
1190 3246 1353 3314 pertentare
1378 3242 1522 3298 nitebatur
1543 3245 1584 3310 ut,
1608 3240 1683 3296 datis
1706 3240 1748 3297 eis

61 3335 150 3390 tianis
174 3334 292 3407 quidam
318 3334 354 3390 ad
379 3335 514 3407 Tripolim
542 3336 752 3409 equitaverunt,
780 3337 802 3391 si
826 3353 883 3408 qua
932 3335 1107 3404 muneribus,
1122 3352 1218 3391 secum
1236 3336 1459 3407 paciscerentur,
1474 3338 1599 3390 castrum
1617 3324 1746 3390 dimitte·

61 3433 180 3502 possent
203 3428 301 3484 obesse
329 3428 481 3501 gentilibus
507 3432 686 3486 attentantes.
710 3432 883 3487 Invenerunt
931 3433 1006 3498 rent,
1026 3435 1178 3501 pactasque
1197 3429 1332 3501 pecunias
1351 3430 1524 3502 reciperent.
1538 3427 1692 3484 Christiani
1711 3427 1747 3482 da

62 3528 161 3578 numm
186 3523 292 3578 Turcos
317 3527 345 3578 et
368 3522 493 3592 Arabes,
522 3523 655 3596 ipsosque
681 3523 880 3596 Tripolitanos,
932 3522 1143 3578 christianitate
1170 3521 1210 3577 iili
1231 3522 1440 3594 proponebant,
1461 3537 1514 3576 nec
1540 3521 1622 3576 aliter
1650 3536 1668 3575 a
1694 3536 1746 3575 suo

61 3622 146 3672 extra
167 3615 269 3672 urbem
289 3616 401 3684 etlusos,
421 3632 571 3672 excursum
592 3616 818 3673 Christianorum
842 3617 880 3672 si·
933 3615 1027 3671 divelli
1050 3614 1194 3688 proposito
1216 3620 1359 3687 poterant.
1381 3615 1428 3670 lile
1449 3631 1517 3671 vero
1539 3613 1747 3670 christianitati

62 3712 169 3766 militer
183 3714 388 3782 exspectantes,
403 3716 431 3765 et
446 3711 525 3766 velut
546 3711 576 3764 in
596 3709 707 3765 insidiis
725 3710 879 3767 latitantes.
932 3708 1055 3763 nimium
1067 3708 1274 3777 recalcitrabat,
1285 3712 1457 3781 patrumque
1467 3708 1544 3780 leges
1552 3711 1580 3762 et
1596 3709 1745 3762 atavorum

62 3806 123 3860 linx
139 3804 189 3860 aiii
210 3804 391 3876 pertinaciter
405 3804 474 3860 alios
498 3805 673 3860 invaserunt.
694 3806 820 3878 Agerent
843 3806 880 3860 si·
931 3800 1150 3857 consuetudines
1188 3800 1351 3875 relinquere
1386 3801 1566 3856 formidabat.
1605 3801 1746 3873 Tempore

62 3899 181 3971 quidem
196 3899 304 3971 primos
315 3899 442 3971 impetus
451 3898 660 3970 aliquantulum
673 3897 880 3967 sustinuerunt,
929 3895 1123 3967 procedente,
1157 3911 1239 3951 nova
1270 3894 1367 3966 fruges
1400 3894 1598 3951 exalbuerant.
1629 3894 1746 3950 Tractus

63 3997 94 4048 et
115 3992 223 4049 diutius
245 3992 382 4048 obluctati
404 3998 479 4047 sunt.
507 3992 631 4047 Tandem
655 3992 881 4064 percutientibus
931 3989 1007 4044 euim
1021 3989 1069 4044 ills
1082 3993 1224 4046 terrarum
1239 3989 1400 4062 maJ'orihus
1415 4004 1503 4061 quam
1518 3987 1746 4044 citramontanus

62 4094 145 4159 terga
160 4086 310 4156 dederunt,
325 4090 354 4141 et
369 4086 398 4140 in
413 4085 459 4140 illa
472 4085 705 4157 tergiversatione
722 4085 827 4141 multos
847 4102 880 4141 ex
930 4082 1087 4139 fervoribus
1111 4087 1238 4156 vaporat,
1264 4083 1389 4157 ideoque
1411 4081 1612 4156 properantior
1638 4096 1744 4154 prope·

61 4181 121 4236 suis
135 4180 302 4235 amiserunt.
317 4179 394 4234 liniti
408 4179 495 4234 etiam
509 4196 542 4234 ex
557 4179 744 4235 nobilioribus
758 4179 880 4235 civitatis
929 4177 1070 4233 rantiores
1083 4181 1164 4233 aestas
1184 4193 1290 4233 messes
1309 4179 1444 4232 maturat.
1465 4176 1565 4232 itartio
1589 4172 1744 4246 mediante,

61 4274 100 4329 ihi
125 4273 297 4329 ceciderunt.
322 4272 453 4328 Mulieres
481 4277 510 4328 et
532 4277 636 4328 matres
660 4276 688 4329 et
710 4271 881 4345 virgines,a
928 4270 1000 4326 fabae
1022 4270 1230 4343 colligebantur
1250 4271 1377 4340 novellae,
1391 4271 1455 4327 idus
1474 4270 1578 4342 Aprilis
1600 4269 1746 4324 immania

59 4367 218 4439 pinnarum
239 4365 415 4438 spectaculis,
439 4366 517 4422 mala
540 4365 710 4422 Christianis
739 4366 878 4438 impreca·
929 4363 1106 4434 secabantur,
1122 4368 1152 4420 et
1163 4363 1374 4419 vindemiarum
1385 4362 1498 4419 redibat
1507 4365 1670 4419 autumnus.
1682 4362 1749 4417 ilux·

59 4461 178 4531 bantur,
192 4463 222 4516 et
235 4476 287 4532 pro
305 4461 363 4514 suis
382 4459 579 4515 anxiabantur.
596 4460 834 4532 Ingemiscebaut‚
851 4462 918 4534 etl)
929 4457 1018 4529 igitur
1032 4456 1201 4513 Gadeiridus
1213 4461 1242 4513 et
1254 4474 1349 4513 comes
1362 4459 1554 4525 llormannus,
1565 4454 1745 4512 Flandrensis
1834 4484 1839 4493 ·

59 4558 175 4609 tantum
193 4569 291 4609 aarum
305 4554 409 4625 aliquae
420 4554 552 4625 probitati
569 4554 740 4608 Francorum
757 4553 875 4625 applau·
928 4554 957 4606 ct
968 4551 1121 4606 Tolosanus
1135 4553 1164 4606 et
1177 4551 1348 4619 Teneredus,
1364 4551 1400 4606 de
1418 4550 1464 4605 via
1478 4548 1642 4623 peragenda
1656 4546 1745 4604 locuti

61 4647 179 4702 debant.
193 4648 372 4717 Paganorum
393 4647 533 4702 occisione
552 4649 580 4701 et
599 4646 709 4702 cruoris
727 4646 877 4714 allusione,
929 4649 1005 4715 sunt,
1025 4643 1092 4717 quia
1112 4644 1174 4716 jum
1194 4644 1327 4712 instabat,
1343 4644 1402 4699 imo
1417 4659 1491 4716 pene
1510 4642 1649 4700 transibat
1668 4645 1741 4697 leur

59 4742 176 4809 lluvius,
193 4740 243 4812 qui
256 4739 401 4795 civitatem
420 4740 568 4808 ailluebat,
582 4739 710 4795 rubuisse
732 4741 806 4795 visus
823 4745 876 4795 est.
928 4738 1006 4811 poris
1019 4737 1223 4810 opportunitas.
1237 4738 1358 4794 Dimisso
1376 4737 1474 4810 igitur,
1491 4736 1570 4810 quod
1589 4735 1639 4791 din
1659 4735 1742 4791 ohse-

58 4835 331 4906 sacratarumque
351 4834 379 4888 in
403 4833 481 4888 urhis
497 4839 578 4890 erant
594 4834 669 4901 sinu,
685 4849 757 4905 quas
775 4832 878 4888 fluvius
929 4831 1042 4903 derant,
1057 4832 1183 4904 castello,
1193 4831 1328 4904 Tripolim
1339 4837 1455 4887 ventum
1468 4836 1521 4899 est,
1531 4834 1559 4886 et
1570 4829 1664 4885 foedus
1676 4843 1743 4884 cum

59 4928 167 4998 alebat,
188 4928 328 4999 sanguine
348 4927 548 4982 contaminata
571 4931 645 4982 sunt.
668 4927 768 4983 ldoeror
788 4927 878 5000 igitur
927 4925 1108 4998 Tripolitanis
1122 4925 1270 4981 lirmatum
1285 4930 1336 4981 est.
1353 4926 1413 4981 ilex
1426 4925 1567 4997 siquidem
1579 4921 1699 4995 Tripolis
1709 4937 1745 4976 xv

60 5038 150 5095 quam
167 5021 308 5077 maximus
320 5020 448 5076 incubuit
464 5020 654 5092 Tripolitanis,
670 5025 729 5075 tum
749 5036 801 5092 pro
815 5036 876 5076 ma·
928 5019 1020 5075 millia
1037 5019 1240 5092 byzanteorum
1256 5023 1285 5075 et
1305 5036 1341 5075 xv
1364 5018 1461 5092 magni
1481 5017 1564 5091 pretii
1585 5032 1674 5091 equos
1688 5016 1745 5072 illis

56 5116 169 5188 jorihus
182 5115 240 5170 suis
254 5114 412 5182 trucidatis,
426 5119 486 5171 tum
505 5131 559 5187 pro
574 5115 705 5169 cisternis
721 5115 795 5170 foeda
811 5131 876 5170 san·
929 5113 1017 5181 dedit,
1028 5116 1057 5168 et
1071 5129 1118 5170 ccc
1127 5115 1307 5187 peregrinos,
1321 5129 1393 5186 quos
1404 5112 1453 5168 diu
1464 5116 1595 5169 tenuerat
1605 5109 1742 5185 captivos,

60 5210 158 5283 guinis
178 5208 343 5264 incursione
365 5207 490 5280 pollutis.
513 5208 627 5264 [luobus
647 5208 745 5281 itaque
766 5208 877 5264 damnis
928 5206 1061 5263 reddidit.
1075 5207 1215 5281 lienique,
1231 5207 1283 5262 suh
1297 5208 1417 5263 obtentu
1434 5206 1513 5280 pacis
1531 5210 1687 5262 mercatum
1704 5203 1745 5261 eis

59 5321 119 5359 uno
134 5302 181 5358 die
196 5300 290 5357 affecti
304 5306 380 5372 sunt,
395 5301 578 5375 duplicesque
593 5301 733 5374 lacrymas
752 5301 876 5374 prolun-
928 5301 1068 5372 prestitit.
1085 5301 1164 5357 Unde
1180 5300 1307 5357 universi
1323 5300 1420 5357 reiecti
1433 5303 1509 5371 sunt,
1527 5303 1557 5356 et
1568 5299 1690 5355 tirmiter
1702 5298 1743 5357 eis

60 5397 130 5453 dere
145 5399 323 5451 meruerunt.
339 5395 525 5468 angustiabat
538 5395 610 5466 illos,
625 5395 701 5468 quod
717 5394 877 5466 inopinabi·
927 5394 1036 5467 pepigit
1050 5394 1137 5468 quod,
1150 5395 1173 5450 si
1187 5394 1306 5463 bellum,
1320 5393 1399 5467 quod
1412 5397 1481 5450 tunc
1496 5395 1538 5450 eis
1554 5392 1741 5466 babylonicus

60 5490 127 5546 liter
151 5489 249 5544 Franci
273 5489 355 5561 potiti
379 5495 444 5544 sunt
468 5493 584 5561 tropaeo.
614 5489 806 5545 contristabat
827 5505 876 5545 eos
927 5488 1092 5544 admiralius
1109 5488 1295 5561 praeparabat,
1310 5488 1463 5560 aliquando
1482 5488 1597 5543 vincere
1611 5490 1739 5560 possent,

61 5584 250 5639 cisternamm
270 5599 396 5652 suarum,
412 5600 481 5655 quas
501 5583 596 5654 magni
621 5583 794 5655 pendebant,
809 5600 874 5638 san·
927 5583 986 5654 ipse
1006 5581 1181 5638 Christianus
1201 5582 1372 5650 alliceretur,
1395 5584 1424 5638 et
1445 5582 1480 5637 de
1503 5584 1606 5637 caetero
1630 5583 1737 5635 terram

59 5678 229 5751 guinolenta
249 5677 377 5733 foedatio.
394 5676 524 5733 Exterriti
543 5683 609 5732 sunt
627 5677 716 5747 igitur
734 5693 825 5749 usquc
841 5677 876 5733 ad
927 5693 1006 5731 suam
1021 5676 1049 5730 iu
1064 5692 1165 5731 eorum
1178 5675 1313 5732 fidelitate
1327 5677 1473 5731 retineret.
1484 5677 1591 5746 ltaque,
1603 5674 1673 5728 licio
1683 5688 1742 5727 ure-

60 5761 254 5833 dciectiouem
272 5771 448 5846 Tripolitani,
467 5775 494 5829 et
513 5771 576 5830 eine
591 5770 739 5828 obsidione
758 5771 875 5845 obsessi,
927 5770 1032 5845 diante,
1048 5770 1083 5829 ab
1097 5770 1167 5832 urbe
1183 5771 1388 5842 discesserunt,
1400 5773 1432 5828 et
1441 5774 1504 5828 totu
1511 5767 1561 5827 die
1570 5770 1752 5842 peraratum
