3750 6046
124 212 195 271 tuat
557 213 678 274 ebonis
696 218 833 275 munais
850 214 1145 275 uonlsutrvnan'sts
1162 211 1349 272 SERHONES·
1734 214 1793 269 tusa

112 336 265 394 virtutibus
283 336 399 392 Domini
411 337 548 394 virtutum
564 340 738 412 loquemur?
749 341 848 399 Omnis
866 343 927 413 ejus
938 354 966 427 Α
977 340 1117 407 lectionis,
1136 338 1242 411 siquid
1265 337 1387 404 virtutis,
1403 336 1512 408 siquid
1532 335 1685 407 religionis
1704 351 1792 391 exem·

112 429 170 484 vita
191 429 280 484 virtus
301 430 364 486 fuit.
387 432 486 487 Tribus
508 437 607 488 tamen
630 433 781 489 virtutibus
806 434 926 490 emicuit
976 434 1038 504 piar
1060 433 1157 501 trabit,
1173 433 1295 486 sormam
1314 430 1422 485 ducite
1438 431 1467 484 Β.
1482 432 1566 485 Patre
1587 435 1691 484 nostro
1713 430 1793 484 bene-

112 539 173 596 prae
193 525 314 593 cratoris,
337 525 440 596 quibus
457 531 583 597 operarius
602 532 640 582 cst
655 529 772 583 salutem
791 531 820 582 in
838 529 925 583 medio
975 527 1061 586 dicto,
1077 526 1126 597 qui
1143 530 1240 580 noster
1252 524 1409 595 legislator,
1428 525 1492 578 vitae
1508 529 1615 578 nostra
1631 523 1716 577 dedit
1727 524 1793 578 ordi-

113 623 192 673 tcrrae
217 618 291 689 (Paul
317 622 419 689 nxxuv),
450 637 513 691 quaa
541 620 698 675 imitatione
727 638 783 675 non
811 620 923 676 difficil-
975 636 1053 686 nam,
1069 619 1196 673 moribus
1213 616 1403 688 disciplinam,
1419 634 1505 688 quem
1525 617 1792 671 utimitemurtres

112 710 200 780 lima,
221 715 249 766 et
263 714 355 767 tractu
376 718 442 768 suut
462 713 615 767 utilissimae
638 731 645 766 ε
667 730 708 768 eae
732 716 797 768 sunt
818 712 923 769 benail·
975 714 1001 768 ei
1018 713 1134 767 virtutes
1157 711 1301 781 Scriptura
1315 711 1440 780 assignat
1460 710 1631 777 sanctitatis,
1656 716 1688 765 el
1703 711 1791 780 gloria

112 806 188 861 cium
203 806 237 861 ad
253 822 376 877 egenos;
391 807 525 877 patientia
544 807 577 861 ad
599 806 737 874 inimicos,
755 807 864 878 patiens
879 808 922 862 in·
972 806 1171 861 testimonium
1192 805 1383 870 conferentes,
1398 806 1525 871 Dilectus,
1548 804 1658 874 inquit,
1674 819 1691 857 a
1706 805 1792 859 licon

109 899 263 970 juriarum,
282 900 320 954 ad
336 900 443 955 amicos
464 901 602 955 revelator
622 901 833 970 mysteriorum.
850 905 922 972 Apo·
974 900 1136 960 nominibus,
1150 904 1217 965 etc,
1239 913 1303 968 qum
1325 898 1388 952 licet
1410 897 1445 952 dc
1466 897 1520 951 alio
1544 897 1712 963 dictasint,
1734 905 1789 968 apte

113 992 447 1064 stolicaeetevangelicao
465 993 590 1048 historiae
610 999 702 1048 textus
721 994 924 1049 testisacaedit
973 998 1067 1047 tamen
1093 991 1172 1046 laudi
1203 991 1287 1061 hujus
1319 991 1510 1061 applicantur,
1538 991 1607 1061 qnia
1642 991 1721 1061 quod
1748 991 1787 1045 uni

112 1086 225 1141 horum.
251 1087 304 1152 Qui
323 1089 501 1157 pertransiit,
528 1088 636 1157 inquit,
665 1089 872 1154 bartesacienrlo,
899 1093 924 1143 et
973 1088 1136 1141 sanctorum
1168 1084 1302 1139 convenit
1332 1084 1443 1139 unitate
1477 1085 1639 1149 virtutum,
1677 1089 1705 1137 ct
1737 1102 1785 1139 mo·

111 1180 236 1235 sanando
258 1195 346 1234 omnes
368 1195 504 1250 oppressos
524 1196 541 1234 o
560 1180 700 1234 diabolo...
721 1182 803 1249 (Act,
825 1186 861 1248 x).
885 1182 923 1235 tte
973 1196 1037 1233 rum
1061 1178 1220 1239 concordia.
1251 1178 1335 1232 simili
1356 1194 1415 1233 non
1442 1177 1626 1232 disconvenit
1647 1194 1654 1231 ε
1675 1180 1786 1248 quodsi

110 1274 174 1328 lesa
190 1275 282 1327 antem
299 1272 420 1340 dicebat,
434 1272 469 1326 de
489 1273 547 1326 suis
565 1272 698 1342 operibus
713 1295 717 1325 :
735 1276 802 1330 Caci
819 1273 921 1340 uident,
973 1272 1146 1328 conveniunt
1170 1271 1246 1338 hnic,
1267 1288 1284 1325 a
1303 1271 1440 1339 moribus,
1467 1275 1496 1325 ct
1523 1270 1677 1342 proposito
1705 1279 1786 1327 nostro

111 1366 366 1427 claudiambulaut,
383 1367 481 1435 leprosi
496 1367 675 1433 mundantur,
688 1367 768 1421 surdi
788 1367 921 1430 audiant,
973 1382 1030 1421 non
1051 1365 1206 1420 dissideant
1225 1369 1348 1437 oportet,
1370 1382 1405 1419 ue
1424 1364 1475 1419 filii
1495 1364 1663 1435 degeneres
1683 1366 1784 1419 conrin-

109 1475 242 1530 paupercs
260 1460 480 1527 eovrrrpeliaantar
500 1460 585 1527 (Luc,
607 1460 663 1528 vu).
687 1460 859 1530 Perlongum
881 1464 923 1514 cst
972 1476 1083 1527 camur,
1109 1459 1131 1512 si
1166 1460 1256 1514 Patris
1287 1459 1397 1514 actibus
1428 1458 1583 1513 dissimiles
1619 1458 1784 1513 invenimur.

112 1552 134 1607 si
164 1553 277 1622 singula
300 1552 497 1607 beneficentia,
521 1553 580 1622 ejus
605 1569 804 1623 percurramus
826 1570 920 1624 opera.
972 1553 1097 1607 Primam
1122 1553 1239 1623 quidem
1262 1568 1313 1623 pro
1335 1552 1448 1623 quibus,
1471 1556 1500 1607 et
1525 1552 1554 1606 in
1578 1552 1717 1622 quibusa
1737 1554 1784 1606 lico

110 1646 253 1717 Quidquid
269 1647 337 1717 egit,
353 1645 524 1700 beneficium
543 1647 605 1700 luit.
621 1648 692 1710 Quot
707 1647 792 1712 lacta,
809 1653 849 1701 tut
870 1647 920 1701 be·
972 1653 998 1700 at
1013 1647 1179 1700 bominibus
1191 1646 1343 1716 diligamur
1358 1662 1439 1700 nosse
1455 1645 1586 1716 expedit.
1608 1646 1665 1700 Nec
1684 1662 1783 1716 quara·

109 1740 220 1795 noticia.
236 1738 348 1818 Quanta
369 1755 437 1793 voro
458 1739 544 1793 lirerit
563 1739 706 1810 patientiae
726 1740 786 1810 ejus
808 1741 919 1811 magni·
932 1728 959 1800 B
972 1756 1035 1794 mus
1060 1739 1235 1809 ditigialtoo
1259 1746 1288 1794 et
1310 1756 1368 1794 non
1390 1740 1425 1793 ab
1449 1739 1633 1807 hominibus,
1660 1740 1728 1794 sicut
1749 1748 1783 1795 est

110 1832 190 1899 tudo,
201 1831 304 1902 probat
316 1829 494 1902 flagellorum
508 1831 622 1901 injuria,
635 1831 834 1899 ignominiosae
848 1849 921 1888 mor·
970 1833 1183 1887 consuetudinis
1205 1833 1406 1904 quorumdam,
1423 1833 1471 1903 qui
1487 1832 1663 1887 testimonio
1681 1832 1783 1888 abuten-

110 1925 146 1978 tis
168 1924 320 1996 opprobria
340 1927 490 1989 testantur,
512 1940 576 1995 quaa
599 1926 695 1979 omnia
720 1927 828 1996 perpeti
854 1943 919 1982 cum
970 1932 1012 1980 tes
1036 1927 1160 1997 Apostoli
1183 1942 1189 1980 :
1215 1928 1307 1984 Gloria
1330 1933 1423 1981 nostru
1446 1928 1503 1981 bac
1529 1931 1569 1981 est
1586 1947 1594 1981 :
1612 1929 1781 1981 testimonium

107 2018 257 2072 voluntatis
283 2017 370 2072 luerit
396 2034 453 2071 non
478 2017 668 2084 necessitatis,
694 2019 795 2073 maluit
823 2023 919 2076 tenere
969 2022 1138 2073 conscientia
1158 2026 1254 2075 nostrae
1269 2021 1300 2083 (ll
1321 2017 1439 2089 Cor.,1).
1457 2020 1490 2073 Et
1512 2036 1519 2072 :
1541 2019 1576 2074 Si
1598 2019 1691 2073 ‹rdbuc
1709 2020 1781 2073 lont-

106 2110 291 2182 patientiam,
325 2126 411 2182 quam
437 2126 568 2164 exercere
600 2112 768 2181 potentiam.
794 2113 918 2168 Gloriam
969 2113 1048 2166 nibus
1059 2113 1205 2182 placerem,
1222 2113 1322 2171 Christi
1334 2128 1426 2168 seram
1448 2128 1504 2167 aian
1525 2128 1615 2168 essem
1633 2112 1741 2184 (Gaura,
1755 2122 1781 2177 1²,

108 2220 194 2275 quam
223 2203 320 2258 habuit
346 2204 382 2257 ad
412 2204 518 2258 amicos
548 2204 648 2276 probat
676 2206 737 2275 ejus
764 2205 793 2260 in
822 2209 918 2261 oronte
968 2206 1128 2260 temeritate
1150 2206 1272 2275 superba
1295 2206 1444 2276 displicere
1466 2206 1654 2261 contendunt
1675 2207 1782 2261 bomini

107 2300 220 2352 ostensa
242 2296 429 2369 glorificati03
455 2297 647 2353 manifestavit
668 2299 767 2353 amicis
787 2301 917 2369 majesta·
968 2299 1030 2359 bus.
1045 2299 1125 2368 diligi
1138 2303 1325 2354 contemnunt
1340 2316 1346 2353 :
1361 2299 1409 2354 sed
1428 2301 1526 2354 evenit
1544 2301 1589 2353 eis
1612 2306 1644 2354 ut
1665 2299 1779 2354 necditi·

105 2396 164 2445 tem
175 2406 267 2457 suam,
281 2406 334 2445 nec
347 2390 422 2445 dona
436 2407 485 2444 sua
498 2396 526 2445 et
540 2391 617 2446 bona
630 2393 786 2447 occultavit.
804 2393 918 2464 lnsigne
970 2404 1072 2463 gantur
1082 2410 1097 2446 a
1108 2394 1176 2461 lico,
1192 2396 1221 2446 et
1233 2392 1396 2446 homiuibus
1409 2392 1502 2447 odiosi
1517 2393 1681 2463 suspiciosa
1694 2410 1781 2447 verea-

105 2482 309 2539 documentum
324 2483 435 2538 eximias
450 2483 618 2553 dilectionis,
633 2489 674 2539 est
693 2486 834 2540 bonorum
852 2503 916 2541 nos·
969 2486 1015 2536 tur
1035 2482 1169 2549 insamia;
1189 2482 1267 2554 diligi
1282 2490 1378 2538 autem
1397 2484 1432 2537 ab
1455 2485 1645 2549 bonrinibus,
1661 2493 1689 2539 et
1704 2504 1719 2537 a
1733 2487 1779 2539 lteo

104 2581 215 2632 trorum
235 2576 332 2630 amicis
354 2592 412 2630 non
432 2592 538 2647 negare
561 2577 701 2644 notitiam,
726 2578 821 2632 omnia
844 2596 918 2633 com·
968 2592 1026 2630 non
1048 2576 1127 2646 diligi
1149 2592 1206 2630 nou
1223 2576 1310 2630 niodo
1331 2577 1441 2643 inutile,
1467 2577 1520 2630 sad
1545 2584 1577 2632 et
1600 2579 1717 2632 noxium
1736 2582 1780 2637 est,

104 2668 314 2736 muniafacere,
327 2669 366 2723 nil
379 2669 418 2723 eis
432 2670 508 2740 quod
518 2669 651 2740 prodesse
664 2672 754 2726 valeat
767 2672 916 2739 occultare,
968 2668 1044 2740 quod
1053 2669 1198 2739 jactantia
1214 2669 1323 2723 occasio
1337 2670 1468 2723 clationis
1485 2672 1522 2724 sit
1543 2672 1650 2725 ionias.
1675 2672 1779 2725 Necesse

105 2763 181 2833 quod
197 2763 554 2818 llominnmlecisselestis
575 2767 617 2817 est
635 2765 735 2835 ipseet
751 2781 807 2818 non
823 2766 915 2820 alius:
968 2766 1009 2815 ost
1030 2778 1098 2831 ergo
1119 2762 1245 2832 jungere
1270 2765 1433 2833 utrumque,
1460 2770 1491 2817 et
1515 2764 1593 2818 velle
1620 2781 1654 2818 aa
1680 2765 1781 2818 studere

104 2855 211 2919 Ornata
235 2856 337 2927 inquit,
358 2872 524 2927 quaecunque
543 2857 639 2912 audiui
660 2875 677 2911 a
696 2861 776 2913 Patre
788 2865 853 2913 notu
865 2862 919 2926 fert
968 2854 1048 2925 diligi
1062 2871 1077 2907 a
1092 2855 1148 2908 [leo
1161 2862 1191 2909 ot
1203 2854 1377 2910 hominibus.
1392 2857 1446 2909 Sed
1457 2858 1602 2928 quoniam
1617 2858 1737 2929 Spiritus
1746 2866 1781 2912 est

101 2949 176 3004 undu
195 2949 295 3021 (laura,
319 2949 373 3019 xv).
397 2952 430 3005 Et
448 2950 553 3003 iterum
570 2967 576 3005 :
594 2950 753 3006 claritatem
770 2969 852 3022 param
874 2954 917 3008 tla-
968 2948 1049 3015 llens,
1064 2947 1226 3017 diligendus
1239 2965 1254 3001 a
1265 2949 1322 3003 Deo
1336 2948 1450 3002 initium
1466 2950 1636 3005 dilectionis
1647 2952 1676 3006 in
1690 2952 1779 3022 Spiritu

102 3042 170 3097 disti
183 3044 250 3096 milri
264 3043 376 3097 dediea's
395 3043 496 3112 (loun,
517 3044 592 3111 xv'iit.
616 3044 744 3115 [lenique
764 3061 828 3100 avim
851 3062 915 3100 eum
967 3044 1134 3111 computare
1158 3041 1253 3107 debat,
1277 3045 1305 3096 et
1330 3041 1357 3096 id
1378 3044 1489 3113 negotii
1511 3044 1641 3098 interius
1667 3045 1780 3099 actitare.

103 3132 138 3188 da
151 3133 197 3188 die
205 3134 307 3204 judicii
320 3140 490 3205 quaererent,
506 3134 608 3191 docere
623 3137 730 3192 distulit
743 3138 818 3208 quod
834 3155 916 3193 nosse
926 3087 954 3161 C
965 3135 1109 3203 sinuatum
1125 3140 1162 3188 est
1180 3150 1261 3204 super
1275 3151 1322 3189 nas
1345 3136 1432 3189 lumen
1453 3136 1555 3190 cultus
1571 3140 1622 3191 liri
1637 3140 1720 3205 (Paul.
1735 3155 1779 3203 vv‚;

102 3242 159 3281 non
174 3227 326 3298 prodcrat3
343 3228 413 3283 adeo
435 3244 534 3282 corum
550 3229 713 3299 providerat
727 3231 842 3286 utilitati
859 3248 915 3286 non
966 3231 996 3282 et
1010 3227 1157 3298 specialius
1171 3227 1304 3298 imaginis
1318 3245 1375 3282 suae
1389 3229 1578 3297 signaculum
1598 3231 1697 3302 diligit
1710 3234 1781 3286 lteus.

101 3320 248 3375 voluntati.
271 3321 315 3377 Sic
340 3321 495 3392 probamus
523 3322 676 3376 Dominum
697 3325 791 3378 lesum
812 3325 916 3379 beneti-
965 3321 1100 3374 Anicium
1116 3336 1184 3390 ergo
1200 3319 1302 3392 diligit,
1318 3322 1478 3392 prasertim
1495 3323 1520 3376 si
1539 3340 1625 3378 suam
1644 3326 1784 3380 annuletur

102 3414 177 3468 cium
198 3413 356 3469 exhibuisse
382 3414 491 3486 egenis,
515 3415 683 3485 patientiam
706 3417 838 3486 inimicis,
855 3419 914 3487 glo·
964 3413 1102 3483 larmum3
1130 3416 1206 3485 quod
1231 3415 1279 3468 sict
1299 3414 1321 3469 si
1347 3415 1401 3468 erit
1423 3432 1528 3485 purus,
1554 3417 1578 3471 si
1599 3421 1743 3477 constans.
1766 3418 1784 3473 si

100 3507 173 3561 riam
186 3507 343 3561 ostendisse
357 3508 512 3563 amicis'ln
527 3508 570 3563 his
586 3508 724 3564 lluminus
738 3514 766 3565 et
781 3511 916 3582 magister
964 3506 1107 3576 fervidus3
1125 3523 1237 3561 summa
1261 3512 1289 3563 at
1313 3509 1592 3565 incommutabiliter
1616 3513 1715 3565 omnia
1735 3513 1784 3566 bar

101 3600 265 3671 exemplum
279 3600 356 3655 dedit
369 3600 460 3670 nobis,
474 3604 506 3655 ut
519 3607 548 3656 et
560 3618 611 3655 nos
623 3602 748 3658 invicem
766 3603 913 3674 faciamus,
963 3601 1036 3655 Deus
1050 3605 1102 3654 est.
1122 3602 1211 3655 Purus
1227 3606 1269 3654 est
1287 3600 1367 3671 cujus
1381 3601 1543 3671 Sapientia,
1559 3604 1667 3674 ubique
1684 3608 1785 3674 uttirruit

101 3696 132 3747 ut
151 3694 286 3749 virtutum
305 3693 458 3748 nativitatis
473 3694 534 3764 ejas
549 3696 713 3769 emulantur
730 3697 898 3768 mysterium
904 3716 912 3767 3
962 3699 1073 3764 propter
1083 3708 1162 3748 sarran
1173 3694 1350 3753 munditiam,
1363 3700 1389 3747 et
1405 3696 1476 3747 nibil
1489 3698 1680 3765 inquinatum
1696 3702 1723 3752 iu
1736 3716 1787 3752 eitra

100 3786 151 3841 sed
167 3790 198 3841 ut
214 3787 276 3857 jam
291 3787 409 3858 sparsim
431 3788 561 3857 superius
584 3788 675 3859 posita
695 3790 862 3845 claudamus
884 3791 912 3845 in
963 3789 1080 3841 incaluit
1102 3787 1187 3856 (Sap,
1214 3786 1277 3855 vnl3
1300 3789 1444 3853 constans,
1469 3789 1555 3858 apud
1580 3807 1664 3860 quom
1687 3808 1736 3847 uon
1757 3799 1787 3846 at

100 3879 491 3951 arctum,dignetrestriu1u
507 3881 654 3935 tertcrnis
672 3882 821 3938 virtutibus
841 3885 911 3939 cele·
964 3882 1169 3942 transmutatio,
1190 3896 1237 3934 nea
1255 3880 1449 3935 vicissitudinis
1469 3883 1657 3938 obumbratio
1674 3887 1749 3951 [lac.‚
1763 3888 1787 3941 ι’.

15 3959 19 3969 ’
99 3972 423 4028 bramusetimitamur
443 3973 911 4042 nativitatos,silidem,obedien-
962 3971 1098 4039 fervidus,
1122 3973 1169 4043 qui
1197 3973 1315 4028 docente
1339 3975 1443 4045 lloyse,
1470 3977 1548 4044 ipnis
1572 3993 1734 4033 corrsvuneas
1756 3990 1787 4033 cst

100 4065 179 4134 tiam,
202 4064 369 4135 pudicitiam
390 4065 597 4136 possideamus,
621 4067 697 4137 quod
721 4069 751 4122 in
765 4069 867 4139 Maria,
890 4071 913 4124 si
964 4065 1187 4136 (Deut.‚1v).Sit
1209 4071 1237 4119 et
1261 4065 1309 4136 qui
1330 4066 1364 4121 ad
1380 4065 1544 4137 imaginem
1570 4070 1627 4125 Dei
1648 4071 1737 4126 lactus
1754 4076 1788 4126 est

100 4174 262 4211 sermonem
276 4157 483 4225 rationabilem,
504 4160 590 4214 vitam
612 4160 782 4231 religiosam,
799 4179 911 4217 sonsum
962 4159 1076 4212 animus
1091 4175 1188 4229 purus,
1206 4175 1242 4212 na
1256 4158 1323 4230 quid
1336 4160 1365 4212 in
1382 4176 1411 4213 sc
1428 4163 1604 4232 peregrinas
1617 4165 1787 4221 admistione

100 4249 238 4304 humilem
253 4249 420 4318 babeamus,
435 4252 512 4322 quod
526 4252 554 4305 in
567 4253 695 4321 loannc;
708 4254 730 4307 si
749 4254 911 4309 benefacio·
962 4251 1090 4322 accipiat,
1107 4251 1156 4306 scd
1174 4252 1285 4306 virtutis
1307 4251 1456 4317 industria,
1483 4255 1623 4311 natalem
1645 4258 1676 4313 in
1697 4277 1725 4314 se
1746 4276 1786 4312 arv·

98 4359 163 4399 mus
180 4344 287 4414 egenis,
311 4345 456 4415 patiamur
469 4344 611 4412 inimicos,
626 4346 820 4416 glorificemus
840 4349 911 4403 ami·
963 4350 1029 4416 gear
1044 4344 1193 4415 decorem,
1210 4346 1246 4400 sit
1259 4349 1399 4411 constans,
1417 4362 1452 4400 ue
1467 4349 1552 4402 omni
1570 4358 1664 4407 vento
1679 4353 1787 4407 circum·

99 4453 155 4505 cos,
173 4438 249 4508 quod
261 4437 289 4491 in
305 4437 423 4492 Domino
436 4442 623 4493 monstratum
639 4442 691 4493 ost.
924 4438 1072 4524 Dieratur
1094 4438 1225 4509 levitatis,
1242 4445 1270 4494 et
1292 4438 1327 4493 do
1349 4439 1424 4493 malo
1444 4440 1481 4495 ad
1505 4441 1642 4512 bonum,
1668 4445 1703 4502 de
1724 4447 1786 4501 bona

423 4540 536 4596 senato
557 4541 588 4594 v,
966 4531 1065 4586 redeat
1076 4531 1111 4586 ad
1124 4532 1243 4601 vudum,
1255 4532 1306 4587 sed
1318 4531 1388 4587 calle
1399 4532 1619 4606 indeclinabili,
1633 4539 1712 4595 bono
1722 4540 1786 4612 quod

337 4648 361 4687 ni
383 4647 467 4688 passo
487 4647 511 4687 s,
532 4649 678 4689 namen,
965 4624 1084 4696 adeptus
1100 4631 1142 4680 est
1160 4625 1259 4680 lirinus
1278 4625 1436 4694 adhaerens,
1453 4636 1637 4698 perseveret
1660 4650 1694 4688 ac
1712 4633 1786 4688 stabi·

98 4726 131 4780 ln
152 4726 451 4780 uerbab'calesiastici:
469 4727 614 4781 «Dilectus
635 4729 686 4781 ltro
708 4731 733 4782 et
752 4727 913 4791 nominibus,
965 4717 1012 4784 list
1029 4718 1063 4771 ⁵5²
1082 4717 1216 4780 fervidum
1240 4733 1276 4774 ¹¹⁰
1300 4719 1384 4773 ”⁰¹1⁰
1405 4720 1574 4791 tepefactus
1598 4725 1707 4780 inedia
1731 4742 1786 4781 cva-

260 4804 334 4873 cujus
346 4806 474 4859 maneria
488 4807 516 4858 in
533 4805 723 4862 benedictione.
739 4828 753 4855 a
964 4816 1060 4864 matur
1072 4810 1107 4864 ab
1125 4827 1173 4866 ore
1197 4811 1246 4865 [lei
1264 4809 1371 4882 (Apro,
1398 4812 1450 4880 m),
1477 4815 1531 4869 sed
1562 4820 1675 4875 calenti
1697 4821 1786 4892 spiritu

134 4907 249 4961 dilectus
277 4909 330 4961 Dea
358 4913 383 4961 et
414 4907 582 4970 bominibus,
616 4908 694 4976 cusas
726 4910 856 4963 anemoria
887 4911 915 4963 in
964 4904 1090 4960 ambulet
1105 4904 1139 4959 de
1157 4904 1259 4959 virtute
1278 4905 1307 4959 in
1330 4905 1474 4973 virtutem,
1498 4911 1529 4961 et
1552 4912 1581 4965 si
1603 4930 1665 4968 uon
1687 4928 1786 4985 semper

98 5000 279 5055 benedictione
294 5007 341 5067 est,
358 5002 471 5055 similem
493 5002 572 5055 illum
590 5002 656 5067 fecit
675 5003 704 5055 in
725 5003 813 5070 gloria
836 5017 913 5057 sarna·
965 4997 1049 5051 babet
1063 4995 1193 5053 ellectum
1209 4998 1387 5068 proficiendi,
1403 5002 1502 5054 tamen
1517 5019 1681 5076 nunquam
1699 5008 1785 5079 perdat

97 5097 186 5148 torum
210 5094 306 5164 (Ιέοεὶυ
335 5094 409 5163 xiv).
437 5093 568 5148 Naturale
599 5099 642 5147 est
670 5100 699 5148 ct
725 5094 822 5148 virtuti
851 5111 915 5149 con·
964 5089 1321 5162 allectumzsitpurusne
1339 5092 1633 5162 sordeat3constans
1650 5100 1783 5167 utduret5

97 5187 546 5258 aeutanaumproximumsuum
564 5187 706 5243 honorare
729 5187 913 5259 principium,
964 5183 1090 5239 fervidus
1117 5189 1148 5238 ut
1175 5184 1314 5255 proficiat.
1342 5186 1420 5240 Talae
1448 5189 1562 5243 morito
1588 5193 1785 5264 diliguntura

99 5280 164 5334 cta
186 5294 237 5334 sua
262 5280 375 5352 origiue
401 5281 537 5353 degeneri
564 5282 679 5336 tramite
704 5298 760 5335 non
788 5280 911 5336 deviare.
964 5281 1032 5348 Deo,
1054 5283 1083 5335 et
1100 5282 1173 5335 Deus
1185 5280 1221 5334 ad
1235 5296 1284 5336 eos
1298 5280 1384 5348 venit,
1398 5284 1426 5335 et
1439 5285 1637 5343 mansionem
1657 5290 1784 5362 apulea

99 5368 195 5426 Omnia
214 5375 328 5441 flumina
353 5376 460 5429 intrant
477 5377 612 5444 inimare,
627 5381 652 5429 et
674 5375 712 5429 acl
737 5374 822 5431 locum
842 5376 915 5430 unda
963 5373 1029 5429 lucit
1052 5375 1151 5444 (loon,
1180 5376 1246 5444 arv).
1267 5376 1338 5430 Sunt
1364 5374 1431 5429 item
1457 5377 1542 5432 modi
1574 5386 1683 5439 tresel
1703 5398 1782 5439 canu

97 5469 196 5520 curtim
217 5471 394 5521 recoluntur
426 5468 535 5537 (lisele,
569 5469 599 5539 r).
632 5467 760 5524 maure
791 5468 913 5523 multam
962 5467 1065 5539 quibas
1079 5466 1224 5537 diligimur
1239 5467 1460 5537 abhominibus,
1475 5470 1529 5542 qui
1546 5471 1579 5529 in
1592 5473 1671 5532 facia
1687 5477 1778 5539 vitat

97 5572 152 5629 por
166 5572 282 5614 omnem
296 5546 415 5615 modum
427 5560 598 5617 institutoris
611 5562 654 5617 sui
667 5562 788 5635 vestigia
800 5563 911 5633 sectari,
963 5564 992 5615 et
1015 5560 1191 5631 conspiciunt
1209 5561 1358 5631 exteriora,
1380 5561 1437 5617 rita
1455 5563 1582 5635 sedicet,
1601 5568 1743 5627 sobrietas
1756 5570 1777 5625 at

23 5720 28 5725 Ι
97 5666 150 5709 nec
171 5650 303 5724 pessimae
322 5653 554 5727 presumptionis
575 5655 742 5728 magistram
766 5655 912 5728 propriam
962 5653 1141 5711 beneficium.
1166 5654 1294 5711 Primum
1322 5655 1406 5711 docet
1427 5658 1463 5712 ut
1486 5663 1574 5715 actus
1601 5664 1698 5720 nostri
1719 5660 1775 5737 judi

84 5746 172 5827 sequi
195 5746 385 5805 volunlatem.
406 5744 435 5807 Si
459 5745 530 5826 quid
552 5748 585 5809 in
606 5748 689 5808 nobis
712 5748 824 5807 inidum
837 5766 912 5824 per·
960 5748 1029 5819 sint,
1048 5747 1143 5805 studia
1164 5747 1294 5821 honesta,
1313 5764 1394 5807 mem
1408 5750 1586 5827 composita,
1610 5760 1644 5821 et
1664 5758 1722 5817 tota
1736 5756 1770 5815 rte
