3750 6046
68 204 139 261 tlte
754 206 898 264 DthOGl.
915 235 949 248 ··
962 206 1027 264 LlB.
1047 206 1069 263 l.
1672 158 1741 266 latu
1851 244 1854 249 ·

66 350 120 391 nec
138 336 229 403 erant,
247 350 300 389 nec
318 338 385 390 sunt
403 334 553 403 contraria,
567 335 615 392 sed
635 335 767 392 omnihus
780 336 880 393 devote
890 334 992 421 Adios
1009 352 1130 408 magnus
1149 336 1353 409 persecutionis
1367 337 1397 392 in
1412 334 1556 394 Ecclesia?
1574 337 1742 409 latentique

65 434 94 486 et
110 428 232 484 lldeliter
245 430 423 485 servantibus
436 436 546 486 constat
559 447 619 486 esse
631 431 765 487 salubria.
930 433 1017 486 status
1032 429 1234 503 persecutionis
1247 448 1263 486 a
1276 431 1420 503 Stephano
1441 432 1564 504 glorioso
1584 434 1744 504 protomar-

100 523 190 595 coepit
207 525 294 580 etiam
306 524 366 595 jam
381 528 449 580 tunc
467 525 617 582 manifeste
636 525 786 598 predicari
804 526 880 583 inte·
929 529 991 596 tyre
1013 541 1100 595 quern
1124 525 1214 581 iudei
1237 524 1445 596 lapidaverunt,
1468 526 1582 582 initium
1601 525 1739 598 sumpsit3

63 634 118 691 gra
134 617 204 674 tides
218 621 324 673 sancta
341 618 496 687 Trinitatis,
511 636 576 675 cum
592 621 755 677 testimonio
772 621 880 677 Veteris
929 622 994 689 post
1011 619 1092 690 cujus
1112 617 1291 690 triumphum
1310 621 1386 674 lenta
1405 620 1564 692 persecutio
1582 618 1740 688 incanduit,

63 716 93 768 et
112 711 184 768 Novi
201 713 383 780 Testamenti,
399 730 462 785 quea
475 714 642 787 priusquasi
656 715 708 770 suh
726 715 830 771 umbra
850 723 880 771 et
928 713 1032 784 etjam
1049 728 1107 767 uon
1125 712 1154 767 in
1176 729 1233 768 uno
1248 713 1310 768 loco
1327 712 1484 768 Jerusalem
1505 712 1628 769 Ecclesia
1648 728 1741 769 rema-

61 807 145 878 quasi
175 805 318 878 gradatim
345 806 502 876 insinuata,
532 809 720 864 revelabatur.
751 810 880 882 Surgunt
927 822 996 861 uere
1017 808 1122 878 posset,
1143 806 1194 861 sed
1216 806 1337 878 dispersi
1360 806 1390 862 in
1409 823 1525 863 omnem
1547 810 1653 863 terrem
1675 822 1742 878 apo-

61 906 240 956 aacramente
260 916 344 966 nora,
366 900 436 955 ritus
458 902 534 971 nori,
549 903 682 958 mandata
697 919 779 971 nora,
799 903 878 959 insti·
928 900 991 956 stoli
1003 900 1090 956 lldem
1105 899 1208 956 Christi
1225 899 1462 972 evangelizarent,
1476 906 1506 956 et
1520 900 1741 973 evangelizando
1840 924 1845 931 ¹

61 994 188 1049 tationes
215 1010 303 1050 nora.
325 994 493 1051 Scribuntur
513 996 641 1067 epistolas
663 998 827 1069 apostolicae
849 1000 878 1055 et
926 992 1014 1050 vitam
1040 994 1179 1065 martyrio
1209 999 1449 1049 consummarent.
1479 993 1560 1051 Unde
1585 995 1685 1050 Petrus
1709 996 1740 1051 et
1797 1006 1802 1015 '

60 1089 217 1145 canonicae.
241 1091 295 1145 Lex
314 1088 472 1146 Christiana
491 1089 627 1146 doctrinis
649 1097 678 1147 et
697 1092 809 1164 scriptis
832 1092 876 1147 ln·
926 1087 1030 1143 Paulus
1057 1089 1188 1156 llornam,
1219 1087 1339 1145 lacobus
1367 1087 1584 1160 ierosolymam,
1615 1087 1740 1145 Andrean

58 1182 299 1252 charmantides
318 1198 382 1254 quoa
400 1186 517 1238 vocatur
533 1185 680 1252 catholica,
696 1185 726 1240 in
745 1186 876 1242 universo
926 1181 1069 1248 Achaiam,
1090 1181 1312 1237 Bartholomaeus
1332 1180 1454 1250 ludium,
1472 1182 1618 1237 Mattheus
1635 1180 1741 1237 Ethio-

57 1276 169 1332 mundo
181 1276 426 1345 annuntiatur3et
438 1280 534 1333 sancta
546 1278 668 1334 Ecclesia
680 1280 876 1352 pertransiens
925 1275 1014 1347 piam,
1039 1280 1068 1332 et
1089 1274 1138 1331 alii
1159 1275 1277 1347 apostoli
1301 1273 1407 1346 singuli
1429 1274 1558 1347 singulae
1581 1274 1741 1346 provinciae

57 1387 112 1443 per
126 1370 253 1426 diversas
269 1373 358 1426 status
373 1371 426 1426 sibi
445 1372 567 1427 invicem
579 1372 715 1444 paulatim
725 1374 875 1430 succcdcn·
925 1368 1127 1441 gloriosissimo
1156 1368 1294 1441 martyrio
1323 1369 1536 1425 decoraverunt.
1570 1370 1637 1425 Post
1667 1385 1740 1442 quos

55 1469 112 1536 tes,
124 1465 254 1537 usquein
265 1464 437 1521 hodiernum
447 1465 874 1539 diem,sicntjurenlusaquilae
924 1479 1012 1535 quam
1035 1462 1155 1534 plurimi
1175 1461 1274 1518 fideles
1293 1462 1341 1517 alii
1359 1461 1482 1518 ludibria
1502 1466 1532 1518 et
1552 1463 1670 1519 verbera
1688 1478 1740 1519 ex·

55 1565 213 1615 renovatur
239 1563 267 1614 et
291 1575 407 1630 semper
432 1559 629 1627 renovabitur,
657 1560 733 1615 salec
759 1576 875 1632 semper
923 1557 1008 1628 perti,
1026 1556 1146 1629 iusuper
1157 1558 1187 1611 et
1202 1556 1314 1612 vincula
1327 1560 1357 1612 et
1366 1572 1506 1624 carceres,
1526 1557 1692 1628 gravissima
1710 1559 1739 1613 et
1849 1584 1854 1601 ·

55 1658 163 1709 sanctae
189 1652 333 1708 Trinitatis
356 1651 425 1707 lidei
446 1652 646 1721 fundamento,
668 1654 873 1726 praeterquod
923 1648 1141 1722 exquisitissima
1158 1652 1371 1705 tormentorum
1392 1665 1499 1721 genera
1517 1650 1602 1722 passi,
1624 1649 1739 1706 titulum

55 1762 147 1802 nemo
170 1746 247 1802 aliud
269 1745 402 1818 deinceps
424 1762 533 1819 ponere
558 1752 664 1818 potest,
691 1747 821 1819 quamvis
844 1715 1093 1803 inssuhriaiana
1115 1742 1298 1814 prolessionis
1323 1743 1353 1798 in
1375 1743 1478 1799 caelum
1498 1742 1617 1798 feliciter
1638 1758 1738 1799 erexe-

55 1839 334 1911 superoedillcetione
359 1839 471 1895 diversa
499 1840 671 1914 plerumque
698 1841 875 1897 diversarum
925 1842 1001 1905 runt,
1017 1842 1046 1893 et
1058 1836 1140 1892 nohis
1157 1837 1328 1892 memoriam
1347 1836 1392 1891 sui
1408 1836 1438 1891 in
1457 1835 1657 1893 benedictione
1673 1836 1739 1893 reli·

54 1933 233 2005 religionum
255 1936 398 1989 stmctura
412 1938 520 1989 crescat
537 1933 567 1989 iu
584 1934 723 2006 templum
743 1938 874 1991 sanctum
925 1936 1059 2003 querunt.
1086 1930 1256 1987 Seribumm
1281 1929 1361 2001 leges
1387 1930 1523 1986 adversus
1548 1930 1741 1986 Christianum

54 2028 191 2083 Domino.
923 2041 1041 2090 nomen,
1054 2028 1087 2080 ut
1098 2024 1261 2097 quicunque
1275 2024 1360 2096 hujus
1371 2023 1518 2097 religionis
1532 2024 1625 2081 cultor
1637 2024 1738 2081 inven-

337 2098 528 2156 CAPITULUM
549 2098 602 2155 VH·
923 2122 970 2174 tus
983 2118 1092 2187 fuisset,
1104 2118 1268 2174 traheretur
1281 2117 1319 2173 ad
1334 2118 1483 2191 supplicia,
1498 2121 1528 2173 et
1543 2117 1605 2174 sine
1619 2117 1737 2174 audien·

54 2203 211 2272 Deceptam
228 2203 662 2274 itttllssit'attt'fittmil‘buiitlmm
677 2210 765 2261 ⁸2⁰&ss
782 2203 873 2260 Ettlss·
923 2213 963 2268 tia
979 2212 1172 2268 damnaretur.
1193 2211 1248 2267 Sed
1266 2211 1391 2267 Ecclesia
1409 2212 1459 2268 Dei
1477 2212 1508 2267 in
1526 2211 1737 2284 persecutione,
1835 2206 1839 2211 ’

93 2283 316 2354 siaatqncatn
328 2286 623 2376 Trimitiiss‘fflwme
636 2285 698 2376 ‘Q
711 2300 778 2356 iiim
793 2286 875 2341 mira·
924 2307 997 2362 sicut
1017 2305 1115 2378 palma
1136 2305 1165 2361 in
1188 2304 1314 2373 victoria,
1338 2305 1466 2373 florebat,
1489 2310 1518 2361 et
1540 2305 1613 2361 sicut
1635 2303 1738 2360 cedrus

93 2363 215 2417 calmum
228 2367 253 2417 et
264 2362 452 2434 prodigiorum
470 2368 589 2419 nuntiate
600 2366 743 2434 primitiae
755 2366 875 2421 Ecclesia
923 2400 1023 2458 Libani
1037 2400 1144 2471 quanto
1156 2398 1247 2471 maga
1261 2398 1434 2471 patiebatur,
1448 2404 1530 2455 tauto
1550 2398 1643 2471 magis
1660 2398 1734 2455 mul„

94 2443 235 2559 cgesqebm'
390 2544 396 2556 .
420 2544 426 2555 .
588 2546 593 2556 .
618 2545 624 2557 .
817 2547 823 2559 ,
923 2493 1115 2566 tiplicahatur.

94 2546 236 2601 hamarum
252 2548 360 2617 septem
374 2544 475 2617 argilla,
490 2561 553 2617 quoe
568 2545 640 2601 noa
655 2548 786 2616 loannes,
802 2553 874 2604 sicut

54 2638 120 2713 ipse
140 2639 169 2693 in
188 2655 241 2694 sua
261 2643 359 2694 narret
377 2638 541 2711 Apocalypsi
563 2638 611 2710 (vr,
626 2640 662 2711 2),
682 2644 789 2712 septem
808 2646 875 2697 sunt

55 2736 148 2789 status
163 2731 291 2788 Ecclesiae
310 2731 363 2786 sibi
374 2733 557 2788 succedentes
574 2733 610 2788 ab
629 2734 752 2790 adventu
770 2735 873 2793 Christi

56 2826 220 2898 usquedum
230 2825 259 2880 in
269 2825 421 2881 novissimo
436 2826 531 2882 omnia
544 2828 831 2899 consummabuntur,
845 2834 874 2885 et

56 2922 132 2977 Deus
151 2920 205 2977 erit
224 2919 320 2976 omnia
334 2919 363 2975 in
378 2919 509 2976 omnihus
524 2937 531 2976 :
546 2920 688 2992 siquidem
704 2939 711 2978 ε
727 2925 793 2981 Cum
807 2940 872 2994 ope·

55 3017 156 3071 ruisset
179 3016 273 3086 Agnus
295 3015 432 3071 arumde
455 3021 556 3087 septem
579 3017 688 3086 sigillis,
711 3033 766 3072 ecce
790 3033 874 3089 equus

56 3110 191 3172 etheaei
210 3108 382 3179 qaisedebat
402 3123 483 3179 super
502 3124 571 3172 eum,
596 3110 710 3165 habebut
730 3127 823 3167 arctam
849 3117 874 3168 et

57 3203 128 3258 data
141 3208 180 3258 est
192 3204 217 3257 ei
228 3217 326 3257 mrono
351 3208 375 3256 et
385 3203 470 3257 euicit
480 3205 588 3258 uincens
597 3210 628 3258 ut
640 3206 757 3260 uinceret
770 3204 871 3277 (ibid).

57 3298 157 3367 Equus
179 3294 260 3350 albus
281 3296 392 3367 primus
416 3301 458 3350 est
483 3299 570 3351 status
588 3296 727 3365 Ecclesia,
747 3298 872 3353 candore

58 3389 265 3496 fnisacumufn
282 3388 388 3494 nitidi„
401 3395 428 3444 ΘΙ
443 3389 665 3493 pulcherrimi
675 3407 760 3463 quem
776 3408 874 3498 mnne?
922 3429 1127 3502 persecutione,
1143 3431 1189 3486 lex
1203 3436 1303 3486 contra
1315 3430 1489 3486 Christianos
1503 3428 1569 3482 date
1581 3428 1736 3494 relaxatur,

60 3502 90 3540 rn
112 3484 160 3539 illa
180 3488 304 3539 novrtme
326 3483 504 3539 mirabantur
522 3488 550 3538 et
569 3483 872 3590 magnificabant.·0u1
922 3524 976 3579 alia
991 3523 1038 3578 lex
1054 3522 1091 3578 ad
1107 3538 1208 3594 pacem
1223 3523 1355 3578 Ecclesioe
1368 3523 1578 3594 promulgatur,
1598 3535 1679 3592 reges
1700 3520 1737 3575 ad

58 3580 157 3633 antem
170 3577 288 3633 sedehat
302 3594 389 3649 super
403 3594 474 3682 ¹curn
490 3578 601 3681 hahens
620 3579 873 3682 ercum,.Chrrstus
921 3616 1095 3687 baptismum
1105 3621 1233 3685 currunt,
1248 3616 1424 3672 divmarum
1436 3614 1650 3687 provinciarum
1660 3614 1737 3685 prin·

58 3675 104 3776 es}
123 3671 286 3744 gnbernam
305 3672 469 3778 Ecdefffam'
488 3689 518 3726 ¹¹¹
534 3687 602 3726 arcu
623 3672 783 3744 ³p⁰⁸t⁰¹¹⁰ae
805 3671 872 3728 ἀπ’
922 3712 1001 3783 cipes
1013 3710 1100 3766 tidem
1112 3709 1217 3766 Christi
1229 3708 1395 3780 suscipiunt,
1406 3707 1617 3764 totuamundus
1629 3722 1736 3763 nomeu

58 3770 142 3821 trina
162 3765 301 3837 superbos
318 3765 474 3820 humilians
494 3769 523 3821 et
540 3771 737 3837 prosternens.
751 3768 788 3822 Et
806 3767 873 3821 data
922 3804 1116 3861 Christianum
1141 3802 1219 3875 quod
1243 3804 1322 3875 prius
1347 3802 1561 3874 insequebatur,
1578 3802 1639 3874 jam
1659 3816 1736 3857 nune

922 3897 1071 3954 humiliter
1083 3900 1246 3965 veneratur,
1261 3902 1291 3953 et
1303 3913 1372 3952 crux
1386 3896 1489 3953 Christi
1502 3912 1566 3968 quae
1582 3895 1660 3967 prius
1675 3898 1736 3950 erat

923 3992 951 4046 in
966 3990 1099 4047 scandalo
1115 3994 1145 4046 et
1160 3991 1310 4060 derisione,
1324 4007 1401 4046 nunc
1414 3990 1537 4062 erigitur
1549 3991 1579 4045 iu
1597 3990 1736 4045 honorem

923 4091 953 4141 et
979 4085 1203 4142 venerationem.
1227 4084 1344 4155 Templa
1367 4084 1476 4156 ubique
1498 4083 1649 4156 magnilica
1671 4099 1738 4139 con·

958 2587 1063 2643 Videas
1081 2592 1179 2643 eutem
1204 2587 1290 2643 macc
1313 2587 1494 2659 serpensille
1514 2585 1663 2659 antiquus,
1686 2586 1737 2658 qui

923 2686 1033 2738 tantam
1053 2681 1192 2737 saevitiam
1208 2682 1343 2737 adversus
1361 2680 1512 2738 Ecclesiam
1530 2679 1580 2735 hei
1600 2679 1738 2736 excitare·

923 2780 978 2844 rat,
989 2775 1065 2848 quod
1079 2777 1231 2831 mulierem
1242 2776 1378 2831 amictam
1392 2775 1463 2843 sole,
1477 2773 1615 2830 etlunam
1627 2772 1735 2829 hahen-

921 2875 982 2926 tem
1004 2869 1056 2924 sub
1078 2869 1209 2941 pedihus,
1225 2872 1254 2926 et
1272 2869 1302 2924 in
1323 2868 1416 2940 capite
1435 2883 1569 2924 coronam
1591 2867 1737 2922 stellarum

923 2963 1083 3032 duodecim,
1109 2963 1227 3019 omnino
1251 2962 1402 3019 absorbere
1425 2978 1483 3017 non
1508 2965 1603 3033 posset
1627 2960 1737 3016 llumen

883 3056 1000 3160 Cq⁰⁰d
1019 3073 1054 3112 ex
1068 3072 1118 3113 cre
1132 3072 1184 3112 suo
1203 3056 1329 3123 miserat,
1350 3058 1455 3111 tractus
1470 3058 1514 3110 est
1527 3055 1556 3110 in
1572 3053 1734 3123 mulierem,

924 3150 1075 3206 etiterum
1097 3150 1196 3206 statuit
1213 3150 1306 3206 iacere
1327 3149 1458 3221 praelium
1478 3165 1544 3204 cum
1564 3147 1682 3221 reliquia
1699 3147 1736 3203 de

923 3244 1033 3299 semine
1045 3244 1070 3315 ej
1076 3261 1117 3310 us,
1132 3244 1181 3314 qui
1195 3243 1358 3299 custodiunt
1373 3242 1511 3298 mandata
1524 3242 1596 3314 ejus,
1613 3249 1643 3298 et
1654 3245 1736 3297 testi·

922 3338 1052 3393 monium
1078 3337 1185 3393 habent
1211 3340 1286 3393 lesu.
1317 3338 1448 3393 Cessante
1473 3336 1562 3407 igitur
1586 3335 1738 3391 manifesta

57 3864 100 3916 est
118 3863 144 3914 ei
157 3875 255 3916 οονοηα
273 3859 379 3931 (apoc,
402 3859 715 3931 v1‚2),qaontamatiit
734 3863 765 3916 in
784 3863 872 3930 repic-

57 3970 118 4009 nem
132 3953 307 4024 longinquam
320 3956 439 4024 accipere
450 3954 503 4008 sibi
515 3969 627 4024 regnam
644 3956 731 4026 (Ena,
746 3970 799 4022 xix,
819 3956 872 4027 la).

57 4049 95 4103 Et
107 4049 190 4102 reicit
204 4049 321 4110 uincens,
340 4053 371 4102 at
383 4050 500 4102 uinceret
519 4048 624 4119 (ripae,
639 4063 675 4114 vr,
690 4047 728 4118 t).
750 4048 830 4104 Sicut
844 4056 874 4104 ct

57 4142 120 4213 ipse
134 4140 245 4195 dicitad
259 4156 340 4245 suos:
354 4140 495 4245 Confidite,
508 4156 554 4209 ego
567 4143 619 4195 eici
628 4142 871 4248 mandamtloan„
924 4183 1082 4246 struuntur,
1103 4178 1237 4250 episcopi,
1256 4178 1426 4250 presbyteri,
1441 4177 1555 4234 diaconi
1574 4179 1603 4232 et
1623 4180 1737 4233 omem·

58 4234 268 4306 xv1,33).Ecce
284 4237 575 4307 inistoprrmostata
592 4243 733 4291 nascentia
746 4236 874 4292 Ecclesiae
924 4288 987 4326 rum
1006 4271 1140 4327 ordinum
1159 4271 1253 4327 clerici
1270 4271 1349 4342 prius
1367 4271 1481 4342 abjecti,
1495 4271 1530 4326 ab
1550 4270 1648 4325 milio
1668 4286 1735 4325 evo·

58 4329 151 4401 magis
166 4345 198 4382 ac
214 4327 306 4399 magis
325 4327 483 4401 augebatur
503 4328 681 4384 credentium
704 4329 733 4384 in
754 4330 874 4386 llonrino
923 4370 1033 4432 cunm,
1059 4369 1089 4420 et
1115 4364 1221 4436 ubique
1249 4364 1377 4421 doctores
1400 4364 1467 4419 fidei
1494 4364 1684 4436 postulantur,
1706 4364 1736 4417 ot

58 4422 215 4477 multitudo
236 4422 360 4476 virorum
378 4438 411 4476 ac
430 4422 598 4491 mulierum
622 4425 650 4477 ct
668 4421 796 4495 quotidie
815 4424 871 4480 ela·
882 4450 912 4524 D
923 4457 1129 4514 sacratissimus
1151 4458 1220 4514 ordo
1241 4457 1439 4529 episcoporum
1459 4460 1489 4512 et
1508 4456 1679 4512 clericorum
1698 4455 1735 4510 ,d

56 4514 187 4571 rescebat
197 4514 320 4569 Ecclesia
331 4515 378 4570 uei
387 4514 489 4570 virtute
501 4517 701 4572 miraculorum
713 4523 742 4573 et
751 4533 871 4574 numero

181 4608 186 4619 ,
922 4552 1136 4625 praedicandum
1166 4551 1354 4622 Evangelium
1382 4551 1434 4607 liei
1461 4549 1565 4622 ubique
1593 4554 1736 4605 terrarum

56 4608 238 4665 credentium
253 4608 337 4680 (Act,
353 4626 379 4677 v,
396 4610 448 4680 li).

921 4646 1025 4702 misem
1037 4644 1216 4702 diffunditur.

325 4720 518 4777 CAPlTlJLUll
538 4720 603 4777 Vlll.

56 4824 135 4893 Quod
156 4826 185 4879 ia
212 4825 327 4879 secando
348 4829 423 4880 statu
444 4825 569 4880 Ecclesia
587 4829 700 4881 cesama
719 4830 784 4895 raso
805 4842 873 4898 epac
1201 4787 1392 4844 CAPlTULUM
1411 4787 1454 4842 IX·

122 4906 284 4972 prrrunsima
296 4910 449 4960 sacratorum
458 4907 608 4975 persecutio
623 4905 805 4962 incanduerit.
922 4906 999 4973 Quod
1019 4907 1048 4961 in
1065 4908 1144 4962 tertia
1166 4910 1242 4961 stuta
1267 4904 1402 4968 Ecetram
1424 4908 1534 4959 creante
1557 4905 1635 4973 nigro
1658 4917 1735 4973 equo,

957 4988 1079 5041 marimo
1110 4986 1292 5041 hereticorum
1324 4984 1447 5054 pericula
1475 4983 1621 5039 Ecclesiam
1652 4998 1737 5055 supra

92 5014 127 5067 Et
146 5026 206 5065 carn
226 5013 374 5080 arpennisset
392 5010 512 5080 sigillam
526 5013 681 5076 secandam,
699 5015 783 5069 crivit
800 5014 873 5069 alias
957 5066 1065 5121 modum
1078 5066 1258 5120 turbaverim·

55 5119 141 5174 equas
156 5107 248 5172 rustes,
261 5111 287 5160 ct
304 5106 352 5174 qai
364 5105 474 5161 sedebat
491 5121 571 5176 saper
588 5121 658 5168 eum,
679 5105 773 5161 dutum
791 5112 830 5162 est
848 5109 875 5162 ei

55 5203 88 5253 at
106 5204 220 5253 sicmaet
238 5213 333 5268 pacem
347 5198 380 5253 de
401 5204 484 5266 terra,
499 5205 524 5253 et
544 5203 576 5253 ut
594 5200 707 5253 invicem
726 5214 753 5254 se
773 5202 873 5269 interp
957 5198 993 5252 Et
1016 5212 1076 5252 cum
1098 5197 1246 5266 apemisset
1272 5194 1394 5265 sigilium
1417 5195 1541 5259 tertiam,
1567 5208 1624 5249 cece
1653 5207 1737 5264 equus

55 5294 131 5347 ciant
145 5291 280 5359 homines,·
296 5296 321 5346 et
335 5292 416 5347 datus
428 5295 501 5347 esici
513 5292 622 5363 pardius
635 5308 751 5361 saepem
765 5292 871 5363 (Apoe,
921 5293 1009 5360 stigen
1030 5296 1056 5345 et
1081 5291 1130 5359 qui
1148 5289 1257 5345 sedehat
1279 5304 1360 5360 saper
1380 5303 1450 5351 cam,
1474 5287 1588 5345 habebat
1608 5291 1738 5343 stateram

54 5402 93 5454 vr,
120 5388 157 5456 3).
184 5386 255 5441 Ecce
280 5384 423 5441 socundus
448 5385 577 5441 Ecclesia
603 5387 694 5441 status
721 5386 871 5442 manifeste
921 5388 952 5440 in
969 5385 1376 5455 rnaaasaa(Apcc.,r1,b).
1400 5382 1471 5437 Ecce
1489 5380 1588 5436 tertius
1606 5380 1737 5437 Ecclesiae

54 5479 197 5535 revelatus
216 5478 257 5533 illi
277 5478 416 5550 discipulo
439 5495 524 5551 quem
540 5478 676 5551 diligebat
695 5481 786 5535 Jesus.
801 5480 871 5535 Nam
921 5479 1021 5547 sustris,
1042 5477 1072 5532 in
1091 5493 1147 5548 quo
1171 5476 1255 5549 niger
1274 5491 1367 5548 equus
1389 5474 1515 5533 emersit.
1538 5474 1625 5547 Niger
1648 5490 1739 5546 equus

56 5573 133 5645 quod
154 5571 240 5629 exivit
259 5573 341 5628 ruius
360 5589 459 5645 equus,
474 5572 541 5644 quid
562 5572 641 5628 aliud
655 5577 699 5629 est
717 5572 771 5628 uisi
788 5589 873 5630 eruor
921 5574 984 5627 atra
1016 5571 1215 5627 hereticorum
1245 5569 1373 5626 doctrina
1400 5574 1459 5639 est,
1486 5584 1559 5641 quos
1586 5567 1738 5640 pradictus

56 5672 229 5739 martyrum,
251 5667 301 5739 qni
314 5666 420 5721 effusus
441 5668 484 5721 est
502 5665 533 5721 in
547 5665 740 5721 testimonium
759 5667 870 5734 Christi,
922 5666 1008 5721 draco
1030 5680 1154 5737 magnus
1175 5664 1326 5721 suscitarit.
1344 5660 1671 5719 aonemusacesasm
1680 5656 1764 5711 hess

56 5760 174 5837 quaudo
189 5759 299 5819 sublata
316 5766 360 5818 est
369 5777 429 5836 par
447 5760 483 5819 de
503 5766 589 5836 tetra,
605 5763 636 5825 ci
654 5760 740 5825 caus
753 5766 797 5823 est
809 5763 872 5847 gla-
926 5766 962 5829 up
979 5779 1071 5849 qm
1087 5779 1152 5827 mu
1170 5762 1292 5841 gaiam
1305 5758 1397 5837 pesas
1410 5746 1658 5815 minoratus
1672 5738 1790 5797 maess-
