3750 6046
61 196 120 254 sar
495 199 651 258 ursroma
670 200 935 261 mcuusrasrroa.
950 228 985 243 -
998 201 1127 259 ranan.
1142 201 1253 259 -un
1272 201 1316 256 u.
1691 204 1743 261 aas
1801 172 1804 179 ’

61 326 118 390 est,
137 325 168 379 et
191 321 313 380 henrico
333 323 395 397 regi
416 324 534 397 amicus,
555 327 629 383 inter
648 342 797 399 compares
817 343 882 384 suos
892 327 1044 414 Alcimus,
1060 328 1110 383 liei
1122 328 1283 401 gratiores,
1294 327 1323 383 in
1334 340 1423 400 regno
1434 325 1507 384 milri
1520 327 1654 385 divinitus
1664 345 1741 387 com-

62 416 266 487 magnificatus
285 418 455 492 ostiisque
482 419 517 475 ad
546 426 721 477 senectutem
746 438 881 494 prospere
932 422 1018 477 misso
1041 423 1342 493 eleemosynamque
1367 422 1439 478 mihi
1459 422 1625 495 perenniter
1643 423 1741 495 prosit,

61 509 148 578 risit,
169 514 200 566 et
223 528 258 568 ex
283 512 407 584 conjuge
428 530 480 569 sua
505 530 531 569 xi
558 514 632 570 lilios
651 518 714 571 etv
735 515 808 571 filias
830 516 879 571 ha·
931 514 1058 572 coenobio
1073 517 1102 569 Β.
1118 515 1225 570 Ehruill
1241 516 1354 572 tradere
1367 516 1499 588 dispono,
1513 519 1658 589 eteaqum
1671 517 1741 574 flde-

61 602 140 672 buit,
164 604 271 677 quibus
299 606 360 661 hac
389 606 479 662 indito
504 613 570 663 sunt
591 609 727 664 vocabula
752 627 758 664 :
790 611 880 682 lingo,
931 609 972 663 les
987 609 1087 676 nostri,
1101 625 1154 681 pro
1169 609 1315 665 communi
1329 610 1460 665 omnium
1474 609 1577 678 salute,
1589 609 1625 665 da
1636 626 1744 683 posses-

61 696 227 754 coisfradus
251 703 281 755 et
305 700 465 756 iiiehardns
508 702 631 757 ioannes
659 708 688 759 et
710 704 879 775 Radbertus,
930 701 1065 773 sionibus,
1077 719 1148 775 quas
1163 703 1204 758 eis
1217 702 1291 771 dedi,
1307 703 1436 775 legitima
1449 705 1507 759 Deo
1522 704 1602 774 daut,
1618 704 1741 762 concedo

61 791 127 847 0do
149 796 179 848 et
200 793 348 863 ilenricus,
372 796 418 850 lro
442 798 471 849 et
496 795 643 866 liudulfus,
663 798 828 856 cuillelmus
852 805 881 856 ct
929 797 1118 868 praesentique
1133 796 1324 868 chirographo
1344 797 1593 853 confirmationem
1613 802 1739 854 nostram

61 885 221 951 ilenricus;
245 887 339 943 ltohes
358 903 390 942 ac
412 887 538 956 hdeiiza,
560 890 699 946 llathiidis
720 896 749 946 et
772 892 879 949 Aricia.
930 891 1116 961 presentibus
1135 895 1162 946 et
1177 891 1280 946 futuris
1299 891 1431 946 omnibus
1451 891 1501 946 liei
1515 890 1645 948 fidelibus
1664 893 1740 948 noti·

60 979 100 1034 Er
126 978 171 1034 his
193 980 249 1036 duo
268 980 304 1035 ab
327 979 444 1037 infautia
469 984 525 1037 lieo
548 983 630 1039 dicati
656 989 731 1039 sunt.
754 987 880 1041 loannes
930 984 992 1039 lico.
1007 985 1035 1039 in
1047 984 1148 1055 primis
1160 983 1374 1056 igiturliticensi
1389 985 1573 1056 monasterio,
1590 986 1664 1057 quod
1677 986 1743 1041 bea·

60 1073 144 1128 enim
159 1075 346 1131 monachatui
365 1075 502 1132 Uticensis
524 1076 654 1133 Ecclesiae
675 1076 804 1134 addictus
825 1083 878 1147 est,
929 1080 974 1132 tus
987 1077 1090 1133 Christi
1106 1077 1252 1134 confessor
1264 1077 1395 1134 Ebrulfus
1410 1079 1569 1134 construxit
1582 1079 1611 1133 in
1630 1094 1739 1147 eremo,

59 1170 89 1220 et
103 1167 231 1222 adelidis
253 1168 281 1222 in
302 1168 432 1224 coenobio
451 1169 479 1227 S.
494 1169 638 1225 Trinitatis
656 1171 775 1227 cadomi
796 1189 877 1228 sauc-
929 1169 964 1224 de
979 1169 1108 1226 dominio
1117 1186 1193 1238 meo,
1203 1186 1254 1242 pro
1263 1186 1360 1226 amore
1373 1171 1517 1238 itei‚dono
1528 1172 1557 1226 in
1567 1171 1740 1227 cioucestru.

59 1260 220 1317 timoniaiis
234 1261 334 1317 effecta
349 1266 402 1318 ost.
929 1263 1002 1318 scira
1014 1263 1119 1333 villam,
1136 1280 1200 1335 quae
1215 1264 1348 1332 liaweila,
1362 1263 1392 1318 id
1403 1266 1569 1337 estCapreas
1581 1265 1653 1320 Fons
1667 1264 1739 1320 dici·

84 1354 199 1411 Deinde
217 1371 295 1411 anno
319 1356 354 1411 ab
368 1357 567 1413 incarnatione
582 1359 696 1415 Domini
712 1363 790 1429 titt,
804 1378 878 1434 prae-
929 1359 995 1422 tur;
1018 1362 1047 1412 et
1069 1357 1098 1412 in
1120 1357 1245 1412 h'icholae
1266 1357 1338 1411 seim
1360 1357 1516 1429 quamdam
1539 1359 1697 1425 ecclesiam,
1711 1360 1740 1413 et

58 1450 141 1506 fatus
170 1449 327 1505 Richardus
351 1466 405 1507 xm
428 1452 568 1508 Kalendas
594 1451 722 1509 Octobris
747 1454 826 1524 obiit,
850 1460 879 1511 et
929 1450 1067 1523 quidquid
1081 1450 1117 1506 ad
1132 1466 1194 1505 eam
1210 1449 1335 1521 pertinet
1349 1451 1379 1505 in
1399 1450 1463 1505 viiia
1480 1467 1545 1524 quae¹
1566 1452 1738 1508 Netbleham

58 1544 195 1616 sequenti
213 1560 289 1599 anno
309 1544 384 1601 filins
403 1545 464 1617 ejus
484 1547 565 1619 tingo
591 1547 702 1604 Uticum
714 1549 800 1618 venit,
814 1566 877 1605 scu·
928 1549 1054 1600 vocatur.
1069 1546 1210 1599 crateres
1224 1544 1376 1616 optimates
1388 1545 1478 1599 nostri
1491 1544 1526 1600 de
1541 1545 1626 1601 rebus
1639 1545 1697 1601 suis
1708 1546 1737 1602 S.

57 1638 158 1693 tellam
168 1643 339 1709 argenteam
352 1639 411 1696 ileo
421 1642 603 1711 superaltare
614 1641 726 1712 obtulit,
741 1647 769 1698 et
781 1644 879 1700 omnia
928 1637 1043 1693 iibroifo
1054 1637 1116 1693 haec
1134 1637 1228 1708 largiti
1242 1640 1318 1703 suut,
1333 1639 1419 1709 atque
1437 1640 1470 1693 ut
1487 1637 1516 1692 in
1535 1637 1633 1693 charta
1650 1638 1740 1711 regiae

55 1746 123 1803 quse
144 1736 227 1803 pater
246 1732 318 1802 ejus,
332 1737 364 1788 ut
385 1749 470 1805 supra
493 1733 601 1791 dictum
622 1742 677 1806 est,
696 1736 825 1806 dederat,
843 1732 915 1804 li-B
928 1730 1738 1800 auctoritatiscontraomniuminfestationesinserantur,

54 1824 161 1881 Matar
172 1824 322 1896 concessit,
335 1825 501 1900 donumque
514 1845 601 1900 super
619 1845 700 1886 aram
723 1832 828 1903 posuit,
844 1848 875 1887 ss
925 1828 1124 1897 poposcerunt.
1142 1823 1290 1896 hogerius,
1311 1840 1408 1880 comes
1430 1823 1638 1881 Scrobesburioe
1659 1824 1740 1881 dedit

57 1918 148 1975 etiam
162 1934 197 1975 aa
212 1924 275 1975 toto
288 1918 408 1977 devovit.
925 1935 1009 1974 omne
1020 1918 1097 1991 qood
1110 1917 1233 1974 habebat
1246 1917 1276 1973 in
1289 1917 1470 1987 lieiieburne,
1491 1918 1520 1973 in
1535 1918 1739 1992 crantebmgas

58 2047 103 2103 ιν,
124 2050 183 2103 120,
199 2048 328 2104 paim·
343 2050 449 2107 abbatis
467 2054 497 2108 in
515 2053 656 2122 ,noh-am·
676 2054 780 2111 Charta
797 2057 874 2114 Gun-
925 2012 1012 2116 scira3
1027 2011 1281 2085 cthnamquoque
1296 2012 1739 2070 etflorestonaminllstaiordae

93 2127 309 2199 &ww-,pro
323 2131 441 2187 Uticensi
453 2134 579 2190 mmo·
593 2136 629 2190 D,
641 2134 726 2190 ,ribus
737 2136 875 2203 fram-bus
926 2121 1006 2173 sorra,
1022 2111 1051 2161 et
1064 2122 1154 2160 unam
1168 2105 1266 2162 hidam
1281 2112 1366 2160 terroe
1379 2105 1408 2161 iu
1423 2106 1567 2178 Graphan;
1582 2110 1611 2162 et
1630 2113 1738 2164 terram

96 2208 232 2265 Uriam
244 2211 358 2266 maia·
369 2212 515 2268 mappa,
925 2198 1050 2254 vulfuini
1068 2199 1203 2254 aurifabri
1224 2199 1254 2253 in
1274 2199 1408 2267 cicestra,
1425 2199 1627 2272 decimamque
1641 2216 1738 2257 caseo-

924 2308 990 2348 rum
1010 2297 1038 2348 et
1055 2292 1184 2348 lanarum
1203 2292 1238 2349 de
1251 2293 1380 2360 Pullone,
1398 2296 1428 2349 et
1445 2293 1587 2349 decimam
1601 2292 1636 2350 de
1648 2294 1736 2350 Sene-

925 2387 970 2456 gal
990 2386 1019 2440 in
1040 2385 1246 2457 crantebrugae
1266 2387 1350 2442 scira.
1372 2386 1482 2442 ilabilia
1504 2402 1587 2453 vero,
1609 2387 1738 2458 ejusdem

90 2331 258 2388 Serenitate
279 2335 406 2407 prosperi
432 2337 569 2408 temporis
591 2338 747 2408 arridente,
771 2341 874 2398 iiaine·

56 2425 118 2482 rius
132 2424 221 2482 abbas
237 2425 266 2482 in
286 2427 426 2499 dugiiam,
440 2446 485 2484 xiv
499 2446 575 2521 anno
588 2432 736 2503 regiminis
750 2435 792 2489 sui
808 2437 873 2506 (92),

56 2518 267 2589 transfretavit,
276 2523 306 2576 et
315 2522 471 2593 bogerium
482 2522 518 2578 de
529 2524 691 2594 Guarenna,
702 2529 874 2599 Drogonem·

58 2628 117 2685 que
132 2611 168 2669 dc
189 2613 397 2670 Novoldercato
420 2631 515 2671 secum
534 2616 662 2674 adduxit.
676 2620 791 2676 cnriam
806 2638 874 2677 vero
940 2667 945 2677 .

58 2705 206 2762 cuillelmi
221 2707 308 2779 regis,
327 2724 414 2781 aquo
436 2709 583 2766 multoties
606 2713 757 2769 accersitus
770 2714 873 2784 fuerat,

57 2798 140 2868 adiit,
152 2803 183 2855 et
202 2799 394 2856 Lanfrancum
416 2802 659 2875 archipresulem,
675 2805 800 2879 aliosque
820 2807 874 2863 sibi

56 2891 243 2949 charissimos
256 2893 420 2951 charitative
433 2895 566 2953 visitarit.
581 2901 602 2955 d
617 2916 685 2973 rege
707 2906 735 2956 et
753 2902 873 2973 optima·

56 2985 134 3042 tibus
156 2986 220 3058 ejus
240 2986 396 3044 honorilice
414 2996 559 3062 susceptus
574 2998 625 3061 cst,
643 2997 672 3048 ei
694 2994 796 3050 fratres
810 2995 873 3051 Uti·

56 3080 151 3136 censis
164 3079 290 3136 ecclesiae
305 3081 439 3152 prudenti
457 3082 544 3140 allatu
561 3086 724 3142 exhortatus
743 3093 794 3158 est,
813 3088 912 3171 iliosC

59 3172 165 3229 scilicet
187 3172 238 3245 qui
260 3172 296 3229 de
320 3174 498 3232 Normannia
512 3177 650 3248 eriemnt,
670 3186 698 3235 et
721 3180 750 3235 iu
774 3181 876 3255 huglia

59 3266 269 3323 exuberantius
283 3282 332 3337 spe
347 3268 494 3326 sublimati
513 3271 637 3328 fuerunt.
661 3275 785 3330 illustres
804 3291 873 3348 quo·

59 3376 116 3433 que
127 3360 267 3417 monachi
283 3378 300 3415 a
319 3361 462 3418 nobilibus
475 3365 557 3436 regni
573 3368 738 3436 proceribus
751 3370 877 3441 gauden-

57 3458 104 3510 ter
119 3456 249 3526 suscepti
267 3459 344 3523 sunt,
366 3461 394 3512 et
413 3456 449 3512 de
469 3457 570 3529 opibus
591 3459 621 3515 in
642 3459 736 3517 aliena
756 3463 874 3535 regione

57 3547 204 3605 violenter
215 3549 373 3620 acquisitis,
390 3554 421 3606 ut
434 3550 554 3607 forensis
565 3552 645 3608 favor
658 3555 778 3627 appetit,
789 3555 877 3614 hono·
956 3603 962 3615 .

57 3640 113 3697 rati
129 3646 208 3697 sunt.
227 3642 286 3697 ilex
307 3641 400 3714 itaque
414 3648 442 3699 et
464 3644 594 3717 magnati
614 3646 720 3702 fundos
741 3653 769 3704 et
789 3665 876 3721 pecu-

56 3735 121 3791 nias
133 3751 167 3790 ac
181 3739 300 3791 ornatus
312 3736 438 3792 acclesiae
453 3753 520 3793 cum
542 3740 646 3810 gaudio
666 3740 706 3795 eis
724 3740 875 3813 dederunt,

57 3830 86 3884 et
99 3827 280 3885 orationibus
293 3845 394 3885 eorum
412 3847 472 3886 sese
488 3833 611 3890 fideliter
632 3838 660 3890 et
679 3834 780 3891 devote
798 3852 875 3892 com·

57 3922 249 3978 mandarunt.
269 3923 463 3980 possessiones
483 3929 512 3981 ci
532 3927 667 3998 ecclesie,
689 3928 875 4002 decimaeque,

58 4032 130 4089 quas
148 4016 235 4071 amici
253 4020 283 4071 et
302 4016 401 4074 affines
415 4016 588 4076 Uticensium
603 4022 642 4077 eis
665 4022 875 4094 condonarunt,

58 4108 93 4166 ad
108 4108 244 4167 notitiam
257 4109 359 4167 futurae
372 4112 583 4183 posteritatisin
593 4115 692 4172 charta
704 4117 876 4190 consignatas

58 4207 135 4261 sunt.
150 4202 320 4275 Hagnilicus
334 4206 410 4260 enim
425 4206 592 4263 cuilieimus
613 4209 814 4281 hujuscemodi
832 4216 875 4267 te·

59 4301 236 4354 stameutum
249 4296 277 4353 S.
301 4297 416 4355 libruifo
432 4299 567 4369 condidit,
586 4302 614 4357 in
634 4319 691 4376 quo
704 4320 765 4376 sua,
779 4305 875 4361 homi-

59 4408 191 4465 numque
206 4407 323 4448 suorum
344 4391 418 4448 dona
437 4393 467 4448 in
483 4393 527 4450 his
539 4395 632 4452 verbis
646 4397 736 4470 rogali
751 4398 873 4455 auctori-

58 4488 118 4541 tate
133 4486 285 4559 gratanter
296 4485 472 4544 confirmarit
488 4506 494 4543 :

94 4600 110 4633 a
123 4582 312 4650 coisnanus,
332 4578 380 4635 lici
402 4582 504 4653 gratia,
524 4599 573 4639 rex
595 4582 752 4656 anglorum
770 4590 798 4641 et
817 4585 875 4643 dux

58 4674 294 4731 iiormannorum
303 4675 388 4745 atque
401 4674 535 4747 princeps
544 4676 802 4749 cenomannorum,
813 4696 874 4735 om·

58 4764 145 4824 nibus
163 4766 231 4822 fidei
253 4767 405 4824 catholice
419 4768 586 4838 fautoribus,
601 4787 759 4845 pacemque
781 4773 810 4828 in
823 4775 875 4829 Ec-

59 4860 143 4918 clesia
166 4860 356 4929 servantibus,
370 4878 517 4918 summum
537 4870 566 4920 et
588 4864 759 4937 inexplebile
780 4866 875 4939 gaudii

60 4971 179 5011 munus.
194 4976 209 5004 u

94 5070 110 5098 «
129 5046 271 5114 Quoniam
282 5044 376 5104 brevis
388 5052 432 5105 est
446 5050 574 5106 mortalis
587 5051 654 5121 vita,
669 5059 697 5108 et
709 5053 744 5109 de
761 5069 876 5126 genera-

59 5142 139 5200 tione
151 5143 183 5198 in
197 5140 386 5215 generatione
400 5147 550 5200 transeunt
565 5146 671 5214 omnia,
685 5147 816 5203 volumus
828 5147 875 5204 iit-

58 5241 189 5293 terarum
201 5232 367 5292 testimonio
389 5238 526 5309 temporis
540 5239 627 5294 nostri
641 5240 753 5295 decreta
772 5241 875 5297 contir-

60 5344 153 5398 marc,
169 5333 202 5385 ut
215 5343 282 5401 quae
298 5346 349 5385 nos
363 5335 441 5387 recte
455 5331 603 5388 lacimrrse
619 5338 714 5389 nostro
724 5334 790 5406 jure
802 5337 831 5389 et
842 5351 875 5390 ex

61 5420 128 5481 data
141 5420 228 5479 alteo
239 5426 388 5495 potestate,
405 5440 490 5480 nemo
504 5441 701 5483 autecessorum
714 5432 876 5484 nostrorum

60 5516 166 5573 audeat
178 5515 286 5571 violare
299 5533 309 5585 ;
322 5532 360 5571 ne
373 5516 482 5572 scilicet
500 5518 526 5573 ei
545 5518 730 5591 contradicat,
744 5520 792 5593 qui
812 5536 875 5576 om-

62 5606 111 5665 nia
122 5624 213 5683 regna
225 5624 278 5665 suo
296 5608 417 5666 arbitrio
437 5610 592 5685 dispensat.
605 5613 665 5684 Ego
686 5613 782 5686 itaque
796 5614 875 5670 cuii·

91 5748 144 5817 pa)
155 5750 243 5803 anuo
256 5748 326 5801 soor.

176 5840 306 5913 Parnon.
329 5838 536 5907 ccxxxviii.

924 2479 1037 2535 comitis
1050 2479 1120 2546 filia,
1132 2478 1168 2534 de
1183 2479 1339 2535 redditibus
1353 2480 1411 2535 suis
1424 2479 1454 2534 in
1471 2480 1570 2551 anglia
1586 2496 1620 2535 nx
1633 2480 1738 2536 solidos

924 2572 1121 2629 Stcriieusium
1137 2589 1189 2644 pro
1202 2571 1322 2628 decimis
1340 2572 1398 2627 suis
1412 2572 1491 2628 dedit
1510 2572 1538 2628 S.
1560 2573 1674 2629 Ebrulfo
1686 2589 1739 2646 per

925 2667 1054 2739 singulos
1066 2682 1167 2736 anuos,
1182 2665 1217 2721 ad
1226 2666 1380 2721 luminaria
1392 2667 1528 2722 ecclesiae.
1544 2667 1685 2723 Guarinus
1695 2667 1735 2722 vi-

924 2776 1054 2816 cecomes
1072 2759 1108 2816 de
1127 2759 1326 2816 scrobesburia
1349 2758 1429 2815 dedit
1445 2759 1474 2815 S.
1497 2759 1609 2815 Ebruiio
1629 2761 1736 2816 liento·

924 2870 991 2908 nam
1006 2858 1036 2909 et
1048 2852 1324 2909 ecciesiamdeilalis
1334 2852 1528 2921 cumdecima,
1538 2853 1737 2926 decimamque

924 2948 959 3003 de
978 2947 1122 3003 Gueslona
1142 2947 1172 3002 iu
1195 2945 1343 3002 listaiorde
1362 2945 1454 3016 scira3
1478 2951 1507 3002 et
1526 2946 1585 3003 heac
1605 2946 1739 3004 dominus

924 3041 985 3112 ejus
1012 3041 1150 3113 Rogerius
1180 3056 1276 3097 comes
1303 3040 1451 3096 concessit.
1480 3042 1568 3096 Porro
1595 3042 1676 3114 liugn
1703 3041 1739 3098 de

925 3135 1155 3205 crantemaisnil,
1177 3135 1228 3208 qui
1256 3151 1321 3190 cum
1345 3134 1487 3190 liudberto
1512 3134 1600 3190 fratre
1624 3151 1685 3204 suo,
1709 3138 1739 3191 et

925 3228 1073 3285 avunculis
1091 3229 1148 3284 suis
1167 3228 1319 3285 cuiiielmo
1342 3232 1372 3284 et
1393 3227 1528 3295 lieberto,
1546 3227 1612 3282 filiis
1633 3229 1737 3298 Geroii,

925 3322 1053 3380 Uticense
1073 3327 1247 3379 resmurarat
1263 3322 1437 3386 caenobium,
1458 3321 1519 3376 hac
1542 3320 1639 3377 eidem
1659 3320 1740 3378 dedit

926 3416 1103 3488 inAngliain
1112 3420 1280 3489 perpetuam
1289 3414 1502 3470 hereditatem:
1516 3417 1606 3470 totam
1618 3421 1737 3486 terram,

925 3525 1012 3582 wem
1032 3509 1130 3565 habuit
1142 3509 1172 3564 in
1185 3511 1273 3564 Parva
1290 3507 1491 3564 Pilardeutona
1509 3507 1539 3562 iu
1557 3507 1738 3565 cuarerichm

925 3618 1008 3671 scira,
1025 3602 1215 3673 omniumque
1236 3600 1306 3656 dues
1327 3605 1423 3672 partes
1445 3599 1624 3656 decimarum
1646 3601 1736 3657 totius

926 3699 1010 3751 terrm
1023 3712 1081 3751 suoe
1091 3694 1179 3762 dedit,
1193 3697 1224 3749 et
1234 3710 1280 3749 rvr
1295 3692 1415 3749 rusticos
1425 3693 1461 3748 ad
1471 3693 1680 3764 ipsasdecimas
1690 3711 1738 3750 cu-

925 3788 1096 3858 stodiendas,
1110 3793 1195 3859 atque
1210 3802 1314 3843 novem
1327 3786 1469 3842 ecclesias.
1487 3786 1569 3842 [tedit
1582 3786 1659 3842 euim
1679 3791 1737 3844 tres

925 3883 1044 3939 villanos
1068 3881 1214 3950 Sceltonae,
1240 3885 1300 3936 tres
1324 3879 1440 3949 Guaris,
1467 3880 1537 3935 duos
1564 3881 1737 3952 belegravae,

926 3993 1015 4033 uuum
1034 3976 1168 4045 stotonae,
1181 3991 1273 4032 unum
1291 3972 1483 4041 Charchebiae,
1499 3990 1589 4029 unum
1609 3974 1737 4031 liersito·

926 4070 1356 4140 nae,unum0atest1va‚unum
1377 4068 1584 4136 Cherleutonae,
1601 4072 1632 4123 et
1648 4068 1738 4125 alium

926 4165 956 4220 in
969 4164 1025 4220 alia
1038 4165 1239 4222 cherlentona.
1252 4161 1332 4219 Dedit
1346 4161 1435 4218 etiam
1448 4161 1598 4218 ecclesiam
1613 4160 1648 4218 de
1662 4164 1736 4219 Gua-

925 4259 973 4326 ris,
994 4265 1022 4313 et
1044 4260 1133 4313 totam
1153 4257 1294 4314 decimam
1318 4272 1382 4329 quae
1404 4255 1439 4311 ad
1460 4255 1541 4312 iilam
1561 4256 1737 4328 pertinebat,

926 4356 1088 4424 terramque
1100 4351 1221 4406 duarum
1234 4366 1433 4419 carrucarum3
1455 4349 1602 4405 ecclesiam
1618 4349 1654 4404 de
1669 4351 1740 4406 'iur-

884 4446 1100 4537 Dchiliestouo,
1114 4443 1311 4515 decimamque
1328 4443 1364 4497 ad
1384 4443 1464 4498 iiiam
1486 4442 1688 4513 pertinentem,
1708 4444 1738 4497 et

926 4538 997 4595 duas
1015 4538 1139 4610 virgatas
1160 4540 1263 4605 terrae3
1277 4533 1425 4590 ecclesiam
1446 4534 1481 4590 de
1500 4532 1657 4599 clenefeld,
1671 4548 1736 4588 cum

926 4636 1034 4691 decima
1053 4638 1114 4691 tota
1126 4639 1155 4690 et
1169 4632 1279 4689 duabus
1293 4632 1409 4704 virgatis
1421 4637 1525 4701 terrae3
1540 4629 1686 4686 ecclesiam
1701 4630 1736 4687 de

925 4733 1125 4802 charlentona,
1135 4748 1200 4787 cum
1213 4730 1324 4786 decima
1334 4733 1363 4785 et
1374 4729 1501 4801 quinque
1514 4727 1631 4799 virgatis
1641 4730 1736 4797 terrun

926 4831 1071 4887 ecclesiam
1083 4831 1118 4887 de
1131 4828 1260 4885 Noveslai
1273 4844 1339 4883 cum
1354 4827 1463 4884 decima
1476 4831 1504 4883 et
1526 4826 1634 4882 duabus
1646 4826 1738 4898 virga·

926 4930 961 4985 tis
976 4934 1077 4998 terrae3
1093 4928 1241 4984 ecclesiam
1254 4926 1289 4982 ds
1302 4926 1506 4996 ilerthegrara,
1519 4940 1582 4996 quaa
1592 4940 1669 4980 nunc
1682 4923 1737 4980 aiio

925 5028 1041 5085 nomine
1064 5027 1217 5098 Belessrara
1239 5023 1352 5094 dicitur,
1368 5039 1433 5078 cum
1455 5025 1515 5078 tota
1535 5022 1642 5077 decima
1658 5026 1686 5078 et
1709 5035 1737 5080 ιι

926 5124 1042 5198 virgatis
1063 5129 1156 5191 terrac,
1175 5127 1205 5179 et
1226 5121 1421 5188 cuillecotam,
1442 5124 1471 5175 et
1493 5118 1632 5191 quidquid
1655 5121 1737 5191 liugo

926 5223 1048 5280 clericus
1061 5222 1097 5278 de
1111 5223 1202 5294 sappo
1214 5221 1245 5277 in
1259 5218 1360 5292 anglia
1372 5218 1406 5274 de
1422 5217 1482 5290 ipso
1496 5214 1631 5285 tenebat3
1648 5217 1737 5274 ecclo-

926 5321 997 5377 siam
1011 5321 1045 5377 de
1058 5319 1210 5375 liersitona
1224 5335 1289 5375 cum
1304 5321 1364 5374 tota
1380 5315 1489 5372 decima
1502 5319 1531 5370 et
1545 5320 1623 5370 terra
1636 5314 1672 5370 ad
1692 5331 1737 5370 ec·

926 5419 1039 5476 clesiam
1052 5418 1230 5491 pertinente,
1243 5416 1390 5473 ecclesiam
1405 5431 1472 5470 raro
1486 5413 1660 5470 choteford
1673 5429 1738 5468 cum

927 5517 1049 5589 decima,
1064 5520 1093 5572 et
1106 5533 1161 5572 una
1173 5515 1244 5572 hida
1257 5521 1352 5583 terre,
1366 5512 1573 5584 ecclesiamque
1587 5510 1622 5565 dc
1638 5509 1740 5566 Pellin-

927 5616 981 5688 gis,
996 5632 1061 5672 cum
1077 5617 1135 5671 toto
1148 5613 1224 5688 qnod
1242 5612 1384 5669 Leoiricus
1400 5609 1507 5668 ibidem
1522 5609 1558 5665 de
1579 5608 1641 5682 ipso
1658 5611 1738 5663 tene·

1572 5841 1616 5901 ta
