3750 6046
63 196 116 253 DDD
477 194 633 253 HISTORIA
652 196 920 255 ecclesiastica.
936 226 969 236 -
985 199 1071 255 PARS
1089 199 1134 254 lll.
1150 228 1185 239 -
1199 200 1263 255 hta.
1284 198 1328 254 ιιι.
1690 204 1742 258 8ιο

59 318 170 391 gratias
190 318 298 375 retulit.
322 317 425 374 Filium
447 320 580 392 Diogenis
602 323 733 394 Augusti,
750 322 1006 408 aliosqueAidem
1022 324 1169 395 llarronae,
1185 324 1214 377 in
1230 322 1333 378 vicinio
1352 322 1538 393 Rothomagi,
1561 323 1668 379 occisus
1687 329 1740 380 est.

61 411 98 468 do
115 413 220 469 Graecis
238 429 290 469 seu
303 413 457 469 Thracibus
477 415 599 470 illustres
618 433 713 472 secum
734 417 876 485 habebat,
928 420 986 473 lloc
1001 417 1077 472 idem
1096 417 1271 488 capellanus,
1287 417 1405 473 nomine
1426 417 1593 486 Radbertus,
1607 419 1679 475 mihi
1694 436 1740 476 ra·

59 523 187 579 quornm
200 507 316 579 querela
328 508 363 564 de
375 508 471 563 Alexio
485 508 665 581 imperatore,
681 511 729 582 qui
743 527 796 582 per
810 527 874 583 pro·
928 511 1002 578 tulit,
1017 511 1095 584 qnod
1110 511 1139 566 iu
1152 511 1277 578 viviticis,
1292 515 1325 566 ut
1337 511 1444 567 dictum
1460 515 1512 580 est,
1528 514 1670 583 mysteriis
1687 514 1739 570 sibi

59 600 204 656 ditionem
216 600 271 656 illis
286 607 498 657 antecessorum
511 605 664 659 stemmata
681 620 799 659 suorum
812 605 875 660 abs·
929 609 958 660 et
970 605 1145 661 infortunato
1159 604 1243 661 militi
1258 605 1389 677 contigit.

59 695 174 762 tulerat,
196 694 288 766 magis
307 695 344 750 ad
361 696 435 751 iram
451 703 548 752 contra
569 714 634 752 eum
656 698 766 754 feroces
788 700 875 754 Tran-
963 700 1040 755 Tunc
1061 699 1155 765 Falco,
1179 698 1344 754 Diveusium
1369 698 1465 767 abbas,
1490 717 1518 755 ιιι
1541 700 1634 755 Nonas
1657 703 1739 774 ltpri-

58 804 108 845 cos
137 788 282 844 incitabat.
308 789 385 845 tlnlti
410 790 517 845 nobiles
545 791 581 845 ad
610 808 675 847 eum
701 791 876 860 veniebant,
928 792 962 847 lis
981 795 1071 863 [1¹05]
1092 793 1169 866 apud
1190 796 1329 849 Guentam
1350 794 1379 849 in
1400 794 1503 865 dnglia
1521 794 1739 866 defunctusest,
1840 834 1843 839 ·

61 882 149 954 eique
163 899 229 938 suos
251 882 371 939 infantes
392 883 557 952 offerebant,
574 901 645 956 quos
659 886 718 957 ipse
741 885 775 940 de
796 902 876 940 sacro
928 893 956 944 et
972 887 1140 958 Rodbertus,
1154 888 1272 960 qnidam
1292 888 1463 943 miserabilis
1484 888 1650 959 homuncio,
1666 890 1740 945 datis

60 976 141 1031 fonte
157 976 280 1032 libenter
297 977 473 1049 suscipiebat,
490 978 592 1050 quibus
611 980 695 1034 etiam
718 996 877 1052 cognomen
928 984 991 1037 duci
1013 999 1063 1037 cxx
1083 983 1184 1037 mareis
1206 984 1328 1054 argenti,
1343 984 1404 1054 ejus
1419 983 1448 1037 in
1464 983 1526 1038 loco
1550 983 1674 1039 intrusus
1687 987 1739 1040 est.

60 1086 147 1125 sunm
181 1070 357 1143 imponebat.
384 1072 492 1126 Marcus
521 1072 626 1144 qnippe
651 1074 680 1127 in
706 1073 877 1144 baptismate
930 1076 977 1131 llic
995 1081 1101 1145 autem,
1117 1076 1293 1147 professione
1313 1076 1469 1131 monachus
1490 1077 1585 1132 Sancti
1607 1079 1741 1150 martyris

59 1163 225 1219 nominatus
241 1170 299 1231 est;
318 1165 396 1221 seda
416 1170 496 1236 patre
510 1183 571 1233 sno,
590 1166 687 1221 audita
701 1168 731 1222 ιιι
749 1167 877 1222 convivio
928 1171 1061 1242 Dionysii,
1075 1187 1133 1225 non
1158 1173 1262 1241 pastor,
1285 1170 1333 1225 sed
1356 1169 1497 1242 dispersor
1510 1172 1599 1226 laetus
1620 1179 1661 1227 est
1676 1189 1740 1244 gre·

57 1258 332 1329 joculariTabulade
343 1260 645 1331 Buamundogigante,
657 1278 744 1332 puero
752 1261 877 1332 jucunde
928 1264 971 1335 gis
997 1263 1146 1331 Dominici,
1174 1267 1203 1318 et
1228 1263 1324 1318 mullis
1352 1265 1463 1330 noxius,
1492 1268 1592 1336 utpote
1619 1270 1741 1322 sectator

59 1350 230 1423 impositum
251 1358 303 1407 est.
327 1352 410 1416 erod
432 1353 568 1407 nimirum
589 1359 688 1424 postea
712 1370 764 1426 per
785 1361 877 1410 totum
928 1357 1050 1412 Simonis
1063 1359 1144 1427 Magi.
1159 1358 1312 1412 Coenobitae
1325 1358 1495 1429 siqnidema
1515 1359 1586 1413 faeie
1609 1360 1667 1430 lupi
1689 1361 1739 1414 de-

59 1447 205 1500 mnndum
221 1447 377 1519 personuit,
394 1452 421 1501 et
443 1447 602 1502 innumeris
621 1449 650 1501 in
673 1449 812 1520 tripartito
827 1448 875 1502 cli·
928 1451 1064 1506 voratoris
1077 1452 1223 1522 sugerunt,
1241 1456 1269 1506 et
1290 1453 1318 1506 in
1341 1452 1402 1505 aliis
1424 1451 1615 1520 monasteriis,
1629 1453 1741 1509 animas

58 1544 139 1595 mate
159 1539 235 1595 orbis
257 1540 388 1595 alacriter
410 1540 544 1595 innotuit.
566 1542 620 1596 lloc
644 1542 746 1598 exinde
770 1558 877 1597 nomen
928 1562 993 1600 snas
1013 1546 1119 1599 salvare
1134 1544 1290 1615 cupientes,
1306 1544 1422 1615 dispersi
1437 1552 1513 1600 sunt.
1528 1547 1588 1617 lpse
1602 1563 1669 1602 vero
1691 1564 1738 1602 sn-

58 1633 179 1688 celebre
194 1633 373 1705 divulgatum
385 1640 427 1690 est
440 1635 469 1688 ιιι
485 1634 590 1703 Galliis,
600 1634 678 1706 quod
690 1639 773 1690 antea
787 1636 877 1690 inusi·
930 1656 980 1711 pra
998 1639 1096 1693 Divam
1115 1639 1144 1692 in
1161 1639 1289 1694 coenobio
1309 1638 1456 1694 castellum
1476 1640 1641 1709 construxit,
1654 1641 1739 1696 fami-

55 1730 154 1782 tatum
167 1733 228 1782 erat
243 1744 315 1799 pene
330 1728 461 1783 omuibus
474 1728 611 1784 Occiduis.
889 1716 1053 1804 Bliamque
1067 1732 1191 1788 militum
1215 1733 1391 1804 aggregavit,
1418 1736 1448 1787 et
1470 1734 1508 1788 sie
1531 1734 1578 1789 Dei
1599 1736 1742 1806 templum

95 1821 355 1892 Saepeiatusheros
375 1839 440 1877 cnm
460 1823 591 1893 Philippo
615 1838 682 1893 rege
704 1822 878 1894 colloquium
928 1828 1093 1897 speluncam
1116 1827 1257 1881 latronum
1277 1826 1381 1881 ellecit.
1402 1826 1600 1881 Ecclesiasliea
1624 1844 1741 1900 quoqne
1834 1862 1837 1867 -

55 1915 173 1982 hahuit,
190 1918 218 1969 et
239 1917 442 1984 Constantiam,
458 1917 520 1987 ejus
536 1917 634 1985 liliam,
651 1917 702 1971 sibi
725 1917 877 1988 conjugem
928 1927 1115 1986 ornamenta,
1143 1937 1206 1991 quae
1229 1920 1328 1974 lideles
1357 1920 1472 1975 sollicite
1502 1927 1741 1992 procuraverant,

55 2008 217 2080 requisivit.
241 2009 369 2064 Tandem
395 2014 456 2081 post
476 2010 581 2064 Pascha
607 2009 722 2065 Carnoti
743 2026 805 2064 eam
827 2010 876 2064 de·
927 2014 1063 2081 vendidit,
1078 2019 1106 2067 et
1118 2012 1273 2068 simonialis
1290 2014 1387 2068 munio
1400 2014 1436 2068 ad
1459 2013 1616 2070 subsidium
1637 2015 1740 2071 satelli-

55 2102 229 2175 sponsavit;
248 2102 350 2174 quibus
362 2103 451 2158 Adela
462 2103 772 2158 eomitissaconvivium
786 2103 877 2158 abun·
928 2110 989 2162 tum
1006 2123 1121 2162 snorum
1136 2106 1271 2162 distraxit.

56 2196 133 2252 dans
147 2196 278 2252 omnibns
299 2197 479 2268 praeparavit.
496 2198 536 2252 lbi
555 2214 604 2252 rex
620 2198 793 2252 Francorum
812 2213 878 2252 cum
963 2202 1056 2255 ltlense
1071 2201 1151 2267 llaio,
1165 2200 1354 2272 phlegmatica
1369 2200 1458 2270 pestis
1479 2217 1532 2272 per
1554 2204 1646 2257 totum
1661 2202 1740 2258 Deci-

57 2307 172 2363 magna
187 2291 368 2346 mullitudine
387 2308 503 2345 snorum
519 2291 621 2358 adluit,
635 2297 663 2346 et
677 2292 764 2345 liliam
784 2307 876 2358 suam,
928 2295 1042 2349 dentem
1056 2293 1199 2360 discurrit,
1214 2295 1253 2360 et,
1267 2294 1397 2348 catarrho
1418 2295 1542 2363 graviter
1558 2296 1740 2369 molestante,

59 2402 150 2457 quam
167 2385 288 2457 lingoni,
304 2385 468 2439 Trecassino
489 2385 597 2450 comiti,
615 2385 708 2440 nescio
731 2401 816 2456 quarn
841 2385 877 2439 ob
929 2389 1023 2442 omnis
1037 2387 1135 2441 oculus
1149 2384 1279 2457 ploravit,
1301 2389 1330 2441 et
1344 2402 1394 2456 per
1411 2404 1528 2442 omnem
1549 2388 1679 2459 Gelliam,
1693 2390 1742 2445 uhi

58 2496 136 2546 rem,
160 2479 331 2546 abstulerat,
356 2479 524 2533 Buamundo
546 2479 681 2549 porrexit.
702 2481 777 2533 Tunc
801 2479 878 2533 idem
928 2483 995 2535 tunc
1030 2497 1120 2549 erarii,
1149 2480 1279 2535 omnium
1311 2480 1426 2534 maxilla
1458 2480 1590 2552 lacrymis
1620 2483 1739 2538 maduit.

57 2573 129 2640 dnx,
146 2573 221 2628 inter
235 2572 357 2627 illustres
371 2573 542 2643 spectabilis,
559 2573 593 2627 ad
608 2573 755 2628 ecclesiam
769 2588 876 2643 proces·
928 2575 1027 2641 AEstas,
1049 2576 1140 2628 calore
1162 2573 1329 2645 asperrima,
1351 2590 1458 2628 messes
1481 2575 1516 2629 ad
1540 2576 1740 2632 maturitatem

58 2668 107 2729 sit,
123 2667 218 2737 ibique
233 2672 299 2721 ante
313 2683 393 2720 eram
405 2666 526 2737 Virginis
536 2672 564 2721 et
576 2667 670 2722 Matris
683 2668 712 2720 ιιι
728 2667 877 2721 orcistram
927 2668 1070 2738 perduxit,
1080 2667 1125 2721 cni
1136 2666 1235 2721 similis
1245 2669 1398 2721 autumnus
1408 2667 1583 2738 pedetentim
1594 2671 1740 2727 successit.

58 2760 238 2828 conscendit,
260 2766 288 2815 et
313 2761 420 2831 ingenti
450 2766 577 2827 catervae,
605 2777 669 2831 quae
695 2764 876 2829 convenerat,
927 2762 1037 2817 Censen
1060 2766 1089 2814 et
1109 2761 1212 2827 febres,
1234 2760 1352 2832 aliaeque
1378 2760 1560 2816 infirmitates
1582 2763 1741 2835 terrigenas

58 2870 143 2910 casus
157 2871 223 2909 suos
245 2860 273 2909 et
292 2870 337 2909 res
359 2857 450 2926 gestas
468 2855 619 2924 enarravit,
637 2870 737 2909 omnes
752 2860 877 2909 armatos
927 2855 1006 2909 valde
1031 2854 1204 2920 altlixernnl,
1219 2859 1248 2908 et
1271 2855 1373 2908 multos
1392 2855 1559 2925 languentes
1582 2856 1612 2909 in
1635 2856 1742 2913 lectum

58 2965 160 3004 secum
182 2949 213 3002 in
234 2948 439 3019 imperatorem
459 2949 610 3003 ascendere
634 2949 820 3017 commonuit,
846 2964 877 3002 ac
927 2952 1149 3021 prostraverunt.

58 3042 227 3115 approbatis
254 3042 415 3113 optionibus
439 3042 523 3097 urbes
550 3047 579 3096 et
605 3042 711 3113 oppida
739 3041 877 3095 ditissima
887 3087 912 3157 (¹
963 3043 1065 3096 Eodem
1092 3058 1200 3111 mense,
1218 3041 1378 3097 Goisfredns
1398 3042 1549 3109 Martellus,
1573 3044 1741 3116 Andagavo·

58 3136 202 3208 promisit.
219 3135 298 3191 Unde
314 3136 396 3192 multi
416 3137 600 3191 vehementer
615 3136 725 3190 accensi
745 3138 820 3203 sunt,
838 3140 875 3201 et,
901 3133 914 3160 ²
928 3152 992 3190 rum
1005 3152 1109 3201 comes,
1124 3134 1285 3190 Condatum
1296 3134 1433 3206 oppidum
1447 3151 1532 3206 super
1545 3137 1740 3194 Normannum

57 3234 177 3301 accepta
197 3246 279 3285 cruce
307 3230 429 3298 Domini,
450 3231 546 3284 omnia
569 3245 618 3283 sua
643 3230 827 3299 reliquerunt,
850 3234 877 3283 et
927 3230 961 3284 de
980 3229 1072 3284 Monte
1098 3228 1203 3283 Revelli
1223 3228 1341 3297 obsedit,
1358 3232 1386 3283 et
1409 3228 1527 3285 viriliter
1553 3232 1738 3303 expugnavit.
1806 3300 1809 3305 .

60 3324 145 3395 quasi
160 3323 197 3378 ad
214 3325 311 3394 epulas
325 3324 498 3390 testinantes,
515 3325 568 3378 iter
582 3323 611 3377 in
631 3324 788 3378 Jerusalem
804 3322 875 3376 arri·
926 3325 991 3379 Erat
1011 3323 1089 3377 enim
1109 3321 1185 3377 idem
1203 3325 1336 3376 strennus
1359 3325 1388 3376 et
1411 3323 1493 3377 fortis
1510 3321 1695 3393 justitiarius,
1712 3329 1741 3380 et

56 3424 195 3489 puerunt.
211 3417 346 3472 lladnlfns
360 3418 438 3471 enim
455 3418 490 3472 de
510 3418 597 3472 Ponte
619 3416 813 3482 ErchenTredi,
827 3415 875 3487 qni
928 3433 993 3471 cnm
1019 3416 1099 3486 virga
1124 3415 1281 3485 disciplinae
1305 3417 1409 3470 acriter
1441 3416 1612 3471 imminebat
1645 3418 1741 3473 lurum

58 3511 280 3583 cognominatus
289 3518 331 3567 est
343 3512 442 3581 ltusus,
458 3517 485 3566 et
496 3510 688 3577 Guascelinus,
704 3511 790 3565 frater
804 3510 875 3581 ejus,
929 3516 1016 3581 atque
1030 3508 1196 3580 praedonum
1210 3508 1375 3575 cervicibus,
1390 3509 1492 3580 quibus
1506 3513 1586 3580 pater
1599 3511 1660 3581 ejus
1675 3528 1740 3582 par-

58 3606 160 3662 Simon
184 3606 219 3661 de
243 3610 333 3660 aneto
361 3611 389 3661 et
415 3604 575 3660 Radbertus
601 3605 635 3658 de
662 3604 784 3671 Manlia,
811 3619 876 3657 cum
928 3602 1173 3673 cerejamdndum
1188 3606 1249 3656 eret
1264 3600 1373 3672 solitus,
1387 3602 1454 3673 quia
1468 3602 1497 3656 in
1517 3603 1620 3673 praedis
1641 3620 1741 3660 eornm

57 3700 182 3771 lingone
203 3699 397 3766 Sine-hahere,
412 3699 581 3754 consobrino
602 3714 662 3765 sno,
679 3703 707 3752 et
727 3698 812 3752 multi
830 3696 876 3751 alii
928 3702 956 3752 et
975 3695 1131 3751 latrociniis
1153 3712 1218 3750 cum
1232 3695 1342 3749 eisdem
1366 3695 1515 3750 laetabatnr
1538 3697 1676 3766 crebrius,
1692 3715 1740 3753 ac·

56 3793 181 3866 protecti
202 3797 277 3861 sunt,
308 3809 431 3864 qnorum
456 3793 576 3848 nomina
597 3807 708 3863 nequeo
730 3792 876 3863 sigillatim
927 3792 1017 3863 ceptis
1030 3790 1095 3845 inde
1108 3789 1161 3844 sihi
1174 3788 1362 3861 portionibus.
1379 3789 1493 3856 Deinde,
1508 3794 1658 3862 postquam
1673 3791 1741 3847 ado·

58 3887 164 3943 litteris
179 3888 335 3959 assignare.
927 3885 1033 3940 lescens
1055 3883 1153 3950 verevis,
1172 3888 1200 3938 et
1222 3883 1368 3953 ingentem
1393 3883 1549 3954 nequitiam
1576 3900 1627 3956 per
1652 3886 1741 3956 patris

96 3980 204 4037 Eodem
226 3997 300 4036 anuo
324 3979 414 4053 [libbi
440 3981 535 4036 resin
559 3980 729 4035 Νοιιιιιιιιιιι
756 3980 877 4052 contigit
927 3979 969 4033 sui
985 3977 1183 4033 detestabilem
1203 3976 1341 4032 incuriam
1364 3977 1393 4031 ιιι
1411 3977 1607 4049 audegavensi
1624 3979 1738 4050 provin·

56 4075 234 4146 hujusmodi.
260 4075 418 4129 Rodbertns
443 4075 478 4130 de
502 4075 653 4143 stotevilla,
678 4075 720 4128 ιιι
741 4074 821 4129 tortis
848 4079 876 4128 et
926 4073 968 4128 ria
991 4072 1110 4127 ebullire
1132 4071 1289 4143 prospexit,
1315 4072 1374 4125 zelo
1398 4072 1447 4126 Dei
1473 4073 1737 4144 compunctus,mi·

56 4175 171 4243 potens,
189 4169 254 4224 duci
268 4169 424 4223 admodum
437 4169 558 4238 larebat,
574 4175 601 4224 et
623 4168 745 4223 familias
768 4169 828 4239 ejus
844 4185 877 4223 ae
926 4183 996 4221 serae
1019 4164 1140 4235 regioni,
1165 4180 1228 4235 qoae
1253 4163 1386 4219 omnihus
1413 4164 1494 4219 honis
1520 4166 1688 4234 abundaret,
1714 4167 1738 4221 si

57 4262 234 4319 munitiones
248 4264 277 4318 ιιι
292 4263 431 4319 caletensi
446 4263 564 4334 regione
584 4262 762 4334 providebat.
779 4263 811 4316 ln
830 4262 875 4317 die
925 4276 994 4332 paee
1010 4258 1158 4331 potiretur,
1172 4257 1328 4313 condoluit.
1342 4258 1467 4314 Tandem
1486 4258 1558 4331 ipse,
1576 4260 1658 4330 jussu
1677 4260 1742 4315 Goi-

57 4356 203 4429 siqnidem
218 4358 341 4425 Paschae,
357 4358 425 4413 dum
445 4356 607 4428 capellanus
629 4355 721 4427 ipsum
740 4359 768 4411 et
789 4356 875 4410 lami·
926 4353 1023 4420 alredi,
1043 4351 1137 4425 patrui
1162 4351 1216 4418 sui,
1239 4351 1288 4421 qni
1312 4351 1457 4422 legitimus
1478 4353 1571 4407 hares
1594 4357 1656 4408 erat
1678 4353 1739 4423 (sed

56 4450 129 4506 liam
154 4451 216 4522 ejus
235 4452 468 4517 communicaret,
483 4450 642 4522 etquidem
663 4450 745 4505 miles
766 4451 873 4505 Eneha·
884 4459 915 4533 D
926 4447 1058 4519 perjurus
1071 4446 1098 4501 ei
1111 4445 1194 4500 Falco
1207 4444 1376 4516 dignitatem
1391 4445 1551 4500 consulatus
1572 4445 1737 4516 abstulerat,

56 4544 170 4600 ristiam
183 4550 370 4616 percepturus
383 4545 418 4599 ad
434 4562 515 4599 aram
528 4545 581 4600 rite
592 4543 747 4613 accederet,
764 4545 877 4616 presby·
925 4543 1075 4613 ipsumque
1088 4540 1163 4611 apud
1178 4538 1334 4593 Chinonem
1359 4543 1483 4594 castrum
1503 4540 1563 4594 lere
1584 4556 1636 4594 xxx
1658 4540 1740 4595 annis

56 4646 105 4698 ter
122 4655 230 4711 panem
248 4639 390 4695 coelestem
411 4639 528 4711 accepit,
545 4640 574 4693 ιιι
600 4655 630 4693 os
648 4637 773 4693 hominis
794 4655 874 4709 aper·
926 4635 956 4690 in
970 4650 1081 4690 earcere
1094 4633 1235 4688 reclusum
1249 4635 1390 4701 tenuerat,
1405 4631 1493 4700 unde,
1509 4633 1663 4688 venerabili
1684 4634 1737 4689 Ur-

58 4740 123 4791 tum
143 4734 255 4789 mittere
272 4734 367 4801 voluit,
384 4734 431 4787 sed
446 4734 607 4788 nullalenus
623 4749 739 4788 manum
754 4733 877 4804 desuper
925 4730 998 4785 hano
1024 4745 1097 4800 papa
1120 4732 1258 4799 praesente
1282 4729 1311 4781 et
1333 4726 1502 4798 imperante,
1525 4726 1571 4782 rix
1593 4726 1740 4783 absolutus

56 4845 109 4884 ara
127 4844 242 4883 movere
260 4827 361 4898 potuit.
379 4830 411 4882 ln
424 4826 586 4898 hujusmodi
609 4826 775 4881 dillieultato
790 4827 874 4881 vehe·
926 4823 1052 4891 exierat),
1072 4825 1215 4877 annuente
1238 4820 1424 4875 nihilominus
1440 4824 1531 4891 patre,
1549 4821 1737 4891 andegaven-

57 4926 173 4979 meuter
205 4926 323 4993 uterque
354 4921 521 4992 perterritus
552 4925 605 4976 est.
630 4921 755 4976 Tandem
780 4938 873 4977 sacer-
927 4915 1484 4987 semcomitatumaceepit,snmmoqne
1501 4920 1603 4968 conatu
1623 4914 1737 4970 rectitu-

57 5018 112 5072 dos
126 5016 195 5070 dixit
208 5017 233 5070 ei
251 5033 257 5070 :
279 5018 310 5073 Si
330 5021 414 5085 potes,
428 5018 529 5086 accipe.
546 5018 601 5085 Ego
625 5018 696 5071 euim
718 5017 875 5070 nullatenus
927 5012 1026 5067 dinem
1047 5009 1221 5081 simplicibus
1234 5012 1263 5064 et
1282 5007 1381 5080 egenis
1398 5007 1532 5078 exercuit,
1549 5007 1738 5083 Ecclesiaqne

57 5113 137 5167 evilea
161 5127 270 5166 maurim
297 5126 416 5174 morere,
445 5126 491 5165 nec
515 5113 681 5165 Doroioicum
706 5125 802 5178 corpas
826 5110 876 5163 liti
927 5105 974 5160 Dei
985 5104 1123 5159 sinceram
1135 5119 1234 5174 pacem
1244 5101 1425 5157 laudabiliter
1435 5101 1738 5157 serravitduxiliante

55 5207 205 5277 pompare.
225 5207 261 5258 at
281 5205 328 5259 ille
348 5221 528 5274 superarem
549 5205 655 5259 collum
671 5202 806 5269 extendit,
824 5202 874 5257 ob·
927 5200 994 5266 Deo,
1017 5201 1105 5252 totam
1127 5197 1157 5251 in
1178 5197 1257 5251 brevi
1277 5195 1451 5268 provinciam
1475 5197 1594 5267 pacavit,
1615 5199 1645 5252 et
1664 5214 1739 5269 pene

57 5299 126 5355 nixe
142 5298 179 5353 ad
194 5299 312 5353 calicem
328 5298 575 5370 appropinquavit,
590 5301 619 5352 et
635 5296 723 5351 hianti
738 5312 786 5351 ore
799 5295 877 5350 obla·
927 5309 1027 5349 omnes
1041 5298 1233 5347 antecessores
1248 5306 1312 5344 suos
1326 5288 1430 5345 virtute
1449 5294 1478 5345 et
1489 5290 1598 5361 Justitia
1613 5290 1738 5362 gloriose

57 5399 119 5449 tam
144 5392 179 5448 de
203 5408 288 5447 manu
314 5391 472 5463 presbyteri
497 5391 658 5462 assumpsit.
683 5392 736 5446 Pro
760 5390 875 5445 insolito
926 5386 1087 5459 praecessit3
1122 5386 1169 5440 sed
1200 5388 1412 5439 consummatus
1444 5383 1472 5439 in
1500 5383 1578 5440 brevi
1609 5388 1739 5458 tempora

58 5489 163 5544 eventu
186 5502 271 5558 eques
294 5487 430 5541 erubuit:
453 5488 618 5541 futurorum
641 5486 761 5553 nescius,
785 5484 874 5539 infor·
928 5482 1019 5536 multa
1034 5478 1165 5550 explevit.
1182 5479 1245 5533 Post
1258 5476 1411 5534 trienninm
1427 5478 1601 5551 principatus
1615 5479 1657 5534 sui
1670 5480 1742 5536 Con·

57 5580 142 5637 tuoia
164 5581 329 5652 pertimuit3
355 5580 430 5635 unde
454 5582 535 5651 plura
556 5580 592 5634 de
610 5580 746 5646 restibus,
760 5579 877 5650 aliisque
928 5575 1038 5641 datum,
1054 5577 1084 5628 ut
1103 5588 1188 5643 supra
1205 5570 1274 5639 dixi,
1294 5571 1414 5641 obsedit,
1429 5576 1457 5627 et
1479 5572 1597 5628 rebelles
1619 5573 1742 5629 inclusos

58 5674 147 5731 rebus
158 5675 226 5745 suis,
240 5675 349 5730 clericis
362 5678 391 5729 et
410 5675 582 5746 pauperibus
603 5673 756 5729 distribuit.
771 5672 877 5728 Deinde
927 5666 1044 5723 militari
1059 5666 1199 5738 probitate
1218 5664 1369 5738 insiguiter
1383 5664 1662 5737 coercuit-Cumque
1682 5666 1744 5739 pri·

57 5769 91 5827 ιιι
104 5768 200 5845 prims
216 5769 429 5841 congressione,
444 5786 509 5841 quae
535 5772 600 5841 post
613 5769 719 5824 Pascha
736 5768 807 5823 lacta
823 5772 876 5835 est,
928 5778 1024 5819 mores
1041 5760 1148 5817 castelli
1162 5761 1197 5816 ad
1222 5776 1290 5816 enm
1303 5759 1413 5832 egressi
1430 5758 1611 5826 tuissent,et
1621 5758 1661 5808 de
1679 5771 1757 5821 paee

224 5868 362 5937 Parnes.
387 5867 593 5934 clxxxviii.
1574 5855 1622 5911 Ἧι
