<?xml version="1.0" encoding="UTF-8"?>
<!DOCTYPE html PUBLIC "-//W3C//DTD XHTML 1.0 Transitional//EN"
    "http://www.w3.org/TR/xhtml1/DTD/xhtml1-transitional.dtd">
<html xmlns="http://www.w3.org/1999/xhtml" xml:lang="en" lang="en">
 <head>
  <title>
</title>
<meta http-equiv="Content-Type" content="text/html;charset=utf-8" />
  <meta name='ocr-system' content='tesseract 3.04.00' />
  <meta name='ocr-capabilities' content='ocr_page ocr_carea ocr_par ocr_line ocrx_word'/>
</head>
<body>
  <div class='ocr_page' id='page_1' title='image "./patrologiaecurs67unkngoog_0015.png"; bbox 0 0 3750 6046; ppageno 0'>
   <div class='ocr_carea' id='block_1_1' title="bbox 41 143 1780 225">
    <p class='ocr_par' dir='ltr' id='par_1_1' title="bbox 41 143 1780 225">
     <span class='ocr_line' id='line_1_1' title="bbox 41 143 1780 225; baseline -0.007 0"><span class='ocrx_word' id='word_1_1' title='bbox 41 143 54 169; x_wconf 89' lang='grc'><em>“</em></span> <span class='ocrx_word' id='word_1_2' title='bbox 102 164 138 225; x_wconf 83' lang='lat' dir='ltr'><strong>aa</strong></span> <span class='ocrx_word' id='word_1_3' title='bbox 198 198 201 203; x_wconf 75' lang='lat'><strong>,</strong></span> <span class='ocrx_word' id='word_1_4' title='bbox 796 161 955 220; x_wconf 86' lang='lat' dir='ltr'><strong>anoumcv</strong></span> <span class='ocrx_word' id='word_1_5' title='bbox 975 160 1104 219; x_wconf 79' lang='lat' dir='ltr'><strong>virius</strong></span> <span class='ocrx_word' id='word_1_6' title='bbox 1746 157 1780 212; x_wconf 81' lang='lat' dir='ltr'><strong>n</strong></span> 
     </span>
    </p>
   </div>
   <div class='ocr_carea' id='block_1_2' title="bbox 104 281 1781 370">
    <p class='ocr_par' dir='ltr' id='par_1_2' title="bbox 104 281 1781 370">
     <span class='ocr_line' id='line_1_2' title="bbox 104 281 1781 370; baseline -0.005 -26"><span class='ocrx_word' id='word_1_7' title='bbox 104 289 195 346; x_wconf 87' lang='lat' dir='ltr'><strong>veteri</strong></span> <span class='ocrx_word' id='word_1_8' title='bbox 211 291 274 361; x_wconf 88' lang='lat' dir='ltr'><strong>lege</strong></span> <span class='ocrx_word' id='word_1_9' title='bbox 291 287 458 359; x_wconf 86' lang='lat' dir='ltr'><strong>designavit,</strong></span> <span class='ocrx_word' id='word_1_10' title='bbox 479 290 507 342; x_wconf 87' lang='lat' dir='ltr'><strong>ct</strong></span> <span class='ocrx_word' id='word_1_11' title='bbox 530 302 581 358; x_wconf 90' lang='lat' dir='ltr'><strong>per</strong></span> <span class='ocrx_word' id='word_1_12' title='bbox 601 285 720 357; x_wconf 78' lang='lat' dir='ltr'>Spiritus</span> <span class='ocrx_word' id='word_1_13' title='bbox 743 285 831 340; x_wconf 88' lang='lat' dir='ltr'><strong>sancti</strong></span> <span class='ocrx_word' id='word_1_14' title='bbox 851 301 916 356; x_wconf 89' lang='lat' dir='ltr'><strong>gra·</strong></span> <span class='ocrx_word' id='word_1_15' title='bbox 929 298 1019 370; x_wconf 63' lang='lat' dir='ltr'><strong>sqsua</strong></span> <span class='ocrx_word' id='word_1_16' title='bbox 1032 287 1123 355; x_wconf 77' lang='lat' dir='ltr'><strong>pretriu</strong></span> <span class='ocrx_word' id='word_1_17' title='bbox 1144 285 1268 339; x_wconf 79' lang='lat' dir='ltr'><strong><em>honorem</em></strong></span> <span class='ocrx_word' id='word_1_18' title='bbox 1282 298 1335 339; x_wconf 89' lang='lat' dir='ltr'><strong>non</strong></span> <span class='ocrx_word' id='word_1_19' title='bbox 1355 281 1432 337; x_wconf 76' lang='lat' dir='ltr'><strong>herbet</strong></span> <span class='ocrx_word' id='word_1_20' title='bbox 1448 284 1545 349; x_wconf 81' lang='lat' dir='ltr'><strong>(loun,</strong></span> <span class='ocrx_word' id='word_1_21' title='bbox 1560 298 1596 349; x_wconf 87' lang='lat' dir='ltr'><strong>vr,</strong></span> <span class='ocrx_word' id='word_1_22' title='bbox 1610 281 1664 349; x_wconf 77' lang='lat' dir='ltr'><strong>tlt.</strong></span> <span class='ocrx_word' id='word_1_23' title='bbox 1681 281 1781 336; x_wconf 84' lang='lat' dir='ltr'><strong>Exem-</strong></span> 
     </span>
    </p>
   </div>
   <div class='ocr_carea' id='block_1_3' title="bbox 26 378 919 1476">
    <p class='ocr_par' dir='ltr' id='par_1_3' title="bbox 26 378 919 1476">
     <span class='ocr_line' id='line_1_3' title="bbox 105 378 919 440; baseline -0.005 -3"><span class='ocrx_word' id='word_1_24' title='bbox 105 382 174 440; x_wconf 88' lang='lat' dir='ltr'><strong>tiam</strong></span> <span class='ocrx_word' id='word_1_25' title='bbox 192 384 221 438; x_wconf 92' lang='lat' dir='ltr'><strong>iu</strong></span> <span class='ocrx_word' id='word_1_26' title='bbox 240 382 393 438; x_wconf 88' lang='lat' dir='ltr'><strong>novitatem</strong></span> <span class='ocrx_word' id='word_1_27' title='bbox 416 381 481 435; x_wconf 75' lang='lat' dir='ltr'><strong>vitae</strong></span> <span class='ocrx_word' id='word_1_28' title='bbox 508 378 662 435; x_wconf 77' lang='lat' dir='ltr'><strong>transtulit.</strong></span> <span class='ocrx_word' id='word_1_29' title='bbox 687 380 717 432; x_wconf 93' lang='lat' dir='ltr'><strong>ln</strong></span> <span class='ocrx_word' id='word_1_30' title='bbox 736 378 880 434; x_wconf 85' lang='lat' dir='ltr'><strong>desertum</strong></span> <span class='ocrx_word' id='word_1_31' title='bbox 901 396 919 433; x_wconf 89' lang='lat' dir='ltr'><strong>a</strong></span> 
     </span>
     <span class='ocr_line' id='line_1_4' title="bbox 102 471 916 549; baseline -0.006 -17"><span class='ocrx_word' id='word_1_32' title='bbox 102 476 206 549; x_wconf 84' lang='lat' dir='ltr'><strong>Spiritu</strong></span> <span class='ocrx_word' id='word_1_33' title='bbox 222 480 318 532; x_wconf 91' lang='lat' dir='ltr'><strong>saucto</strong></span> <span class='ocrx_word' id='word_1_34' title='bbox 331 475 366 530; x_wconf 91' lang='lat' dir='ltr'><strong>ad</strong></span> <span class='ocrx_word' id='word_1_35' title='bbox 383 490 505 546; x_wconf 80' lang='lat' dir='ltr'><strong>agonem</strong></span> <span class='ocrx_word' id='word_1_36' title='bbox 525 471 625 527; x_wconf 90' lang='lat' dir='ltr'><strong>ductus</strong></span> <span class='ocrx_word' id='word_1_37' title='bbox 647 475 699 538; x_wconf 90' lang='lat' dir='ltr'><strong>est,</strong></span> <span class='ocrx_word' id='word_1_38' title='bbox 716 474 744 526; x_wconf 92' lang='lat' dir='ltr'><strong>et</strong></span> <span class='ocrx_word' id='word_1_39' title='bbox 765 488 782 526; x_wconf 91' lang='lat' dir='ltr'><strong>a</strong></span> <span class='ocrx_word' id='word_1_40' title='bbox 801 472 916 538; x_wconf 88' lang='lat' dir='ltr'><strong>Sataua,</strong></span> 
     </span>
     <span class='ocr_line' id='line_1_5' title="bbox 104 564 915 640; baseline -0.007 -15"><span class='ocrx_word' id='word_1_41' title='bbox 104 570 153 640; x_wconf 90' lang='lat' dir='ltr'><strong>qui</strong></span> <span class='ocrx_word' id='word_1_42' title='bbox 168 570 313 625; x_wconf 89' lang='lat' dir='ltr'><strong>homiuem</strong></span> <span class='ocrx_word' id='word_1_43' title='bbox 327 566 553 640; x_wconf 87' lang='lat' dir='ltr'><strong>incomparabilis</strong></span> <span class='ocrx_word' id='word_1_44' title='bbox 564 565 681 636; x_wconf 79' lang='lat' dir='ltr'><strong>justitia</strong></span> <span class='ocrx_word' id='word_1_45' title='bbox 697 564 805 632; x_wconf 88' lang='lat' dir='ltr'><strong>videus,</strong></span> <span class='ocrx_word' id='word_1_46' title='bbox 823 564 915 619; x_wconf 89' lang='lat' dir='ltr'><strong>admi·</strong></span> 
     </span>
     <span class='ocr_line' id='line_1_6' title="bbox 105 657 916 730; baseline -0.007 -13"><span class='ocrx_word' id='word_1_47' title='bbox 105 663 229 730; x_wconf 85' lang='lat' dir='ltr'><strong>rebatur,</strong></span> <span class='ocrx_word' id='word_1_48' title='bbox 246 667 370 718; x_wconf 90' lang='lat' dir='ltr'><strong>tentatus</strong></span> <span class='ocrx_word' id='word_1_49' title='bbox 391 665 443 715; x_wconf 88' lang='lat' dir='ltr'><strong>est.</strong></span> <span class='ocrx_word' id='word_1_50' title='bbox 460 657 659 729; x_wconf 80' lang='lat' dir='ltr'><strong>Quadrageuis</strong></span> <span class='ocrx_word' id='word_1_51' title='bbox 675 657 775 712; x_wconf 92' lang='lat' dir='ltr'><strong>diebus</strong></span> <span class='ocrx_word' id='word_1_52' title='bbox 797 674 829 711; x_wconf 90' lang='lat' dir='ltr'><strong>ae</strong></span> <span class='ocrx_word' id='word_1_53' title='bbox 850 674 916 712; x_wconf 85' lang='lat' dir='ltr'><strong>troc-</strong></span> 
     </span>
     <span class='ocr_line' id='line_1_7' title="bbox 106 750 918 827; baseline -0.01 -15"><span class='ocrx_word' id='word_1_54' title='bbox 106 755 181 813; x_wconf 87' lang='lat' dir='ltr'><strong>tibus</strong></span> <span class='ocrx_word' id='word_1_55' title='bbox 197 756 348 827; x_wconf 86' lang='lat' dir='ltr'><strong>jejunavit,</strong></span> <span class='ocrx_word' id='word_1_56' title='bbox 362 757 390 809; x_wconf 92' lang='lat' dir='ltr'><strong>ct</strong></span> <span class='ocrx_word' id='word_1_57' title='bbox 406 754 455 822; x_wconf 90' lang='lat' dir='ltr'><strong>sic,</strong></span> <span class='ocrx_word' id='word_1_58' title='bbox 476 768 528 823; x_wconf 91' lang='lat' dir='ltr'><strong>per</strong></span> <span class='ocrx_word' id='word_1_59' title='bbox 546 750 690 821; x_wconf 84' lang='lat' dir='ltr'><strong>jejunium</strong></span> <span class='ocrx_word' id='word_1_60' title='bbox 709 753 738 805; x_wconf 93' lang='lat' dir='ltr'><strong>ct</strong></span> <span class='ocrx_word' id='word_1_61' title='bbox 758 750 918 805; x_wconf 91' lang='lat' dir='ltr'><strong>orationem</strong></span> 
     </span>
     <span class='ocr_line' id='line_1_8' title="bbox 107 842 916 920; baseline -0.011 -15"><span class='ocrx_word' id='word_1_62' title='bbox 107 866 191 904; x_wconf 89' lang='lat' dir='ltr'><strong>omne</strong></span> <span class='ocrx_word' id='word_1_63' title='bbox 220 865 310 920; x_wconf 89' lang='lat' dir='ltr'><strong>genus</strong></span> <span class='ocrx_word' id='word_1_64' title='bbox 336 845 545 902; x_wconf 76' lang='lat' dir='ltr'><strong>doemoniorum</strong></span> <span class='ocrx_word' id='word_1_65' title='bbox 577 861 594 898; x_wconf 91' lang='lat' dir='ltr'><strong>a</strong></span> <span class='ocrx_word' id='word_1_66' title='bbox 622 842 702 898; x_wconf 81' lang='lat' dir='ltr'><strong>bortis</strong></span> <span class='ocrx_word' id='word_1_67' title='bbox 737 842 916 908; x_wconf 90' lang='lat' dir='ltr'><strong>viucendum,</strong></span> 
     </span>
     <span class='ocr_line' id='line_1_9' title="bbox 105 938 916 1013; baseline -0.011 -15"><span class='ocrx_word' id='word_1_68' title='bbox 105 943 233 1013; x_wconf 79' lang='lat' dir='ltr'><strong>exemplo</strong></span> <span class='ocrx_word' id='word_1_69' title='bbox 248 941 345 996; x_wconf 91' lang='lat' dir='ltr'><strong>docuit</strong></span> <span class='ocrx_word' id='word_1_70' title='bbox 367 940 488 1008; x_wconf 69' lang='lat' dir='ltr'><strong>(utitem,</strong></span> <span class='ocrx_word' id='word_1_71' title='bbox 510 954 547 1004; x_wconf 82' lang='lat' dir='ltr'><strong>iv,</strong></span> <span class='ocrx_word' id='word_1_72' title='bbox 563 941 618 991; x_wconf 89' lang='lat' dir='ltr'><strong>l-ll</strong></span> <span class='ocrx_word' id='word_1_73' title='bbox 634 953 641 1002; x_wconf 82' lang='lat'>3</span> <span class='ocrx_word' id='word_1_74' title='bbox 660 939 757 998; x_wconf 74' lang='lat' dir='ltr'><strong>littra,</strong></span> <span class='ocrx_word' id='word_1_75' title='bbox 776 952 795 995; x_wconf 88' lang='lat' dir='ltr'><strong>v,</strong></span> <span class='ocrx_word' id='word_1_76' title='bbox 819 938 916 1002; x_wconf 75' lang='lat' dir='ltr'><strong>tu-l³;</strong></span> 
     </span>
     <span class='ocr_line' id='line_1_10' title="bbox 105 1029 918 1103; baseline -0.012 -11"><span class='ocrx_word' id='word_1_77' title='bbox 105 1034 343 1103; x_wconf 80' lang='lat' dir='ltr'><strong>Luc.,1v,l-l3).</strong></span> <span class='ocrx_word' id='word_1_78' title='bbox 368 1032 508 1102; x_wconf 71' lang='lat' dir='ltr'><strong>antiquus</strong></span> <span class='ocrx_word' id='word_1_79' title='bbox 533 1046 658 1101; x_wconf 90' lang='lat' dir='ltr'><strong>serpeus,</strong></span> <span class='ocrx_word' id='word_1_80' title='bbox 684 1029 762 1100; x_wconf 88' lang='lat' dir='ltr'><strong>gula,</strong></span> <span class='ocrx_word' id='word_1_81' title='bbox 791 1036 818 1082; x_wconf 87' lang='lat' dir='ltr'><strong>et</strong></span> <span class='ocrx_word' id='word_1_82' title='bbox 848 1044 918 1083; x_wconf 90' lang='lat' dir='ltr'><strong>vana</strong></span> 
     </span>
     <span class='ocr_line' id='line_1_11' title="bbox 106 1122 918 1201; baseline -0.01 -18"><span class='ocrx_word' id='word_1_83' title='bbox 106 1128 205 1201; x_wconf 86' lang='lat' dir='ltr'><strong>gloria,</strong></span> <span class='ocrx_word' id='word_1_84' title='bbox 220 1132 248 1182; x_wconf 91' lang='lat' dir='ltr'><strong>et</strong></span> <span class='ocrx_word' id='word_1_85' title='bbox 262 1124 425 1197; x_wconf 89' lang='lat' dir='ltr'><strong>cupiditate,</strong></span> <span class='ocrx_word' id='word_1_86' title='bbox 442 1123 545 1195; x_wconf 91' lang='lat' dir='ltr'><strong>quibus</strong></span> <span class='ocrx_word' id='word_1_87' title='bbox 560 1122 685 1193; x_wconf 90' lang='lat' dir='ltr'><strong>primum</strong></span> <span class='ocrx_word' id='word_1_88' title='bbox 699 1123 789 1176; x_wconf 79' lang='lat' dir='ltr'><strong>Adam</strong></span> <span class='ocrx_word' id='word_1_89' title='bbox 804 1138 918 1193; x_wconf 65' lang='lat' dir='ltr'><strong>sursera·</strong></span> 
     </span>
     <span class='ocr_line' id='line_1_12' title="bbox 26 1214 915 1290; baseline -0.009 -15"><span class='ocrx_word' id='word_1_90' title='bbox 26 1236 32 1248; x_wconf 94' lang='lat'><em>·</em></span> <span class='ocrx_word' id='word_1_91' title='bbox 106 1221 145 1277; x_wconf 91' lang='lat' dir='ltr'><strong>rit</strong></span> <span class='ocrx_word' id='word_1_92' title='bbox 161 1223 247 1289; x_wconf 79' lang='lat' dir='ltr'><strong>(Gen,</strong></span> <span class='ocrx_word' id='word_1_93' title='bbox 261 1219 300 1290; x_wconf 84' lang='lat' dir='ltr'><strong>u),</strong></span> <span class='ocrx_word' id='word_1_94' title='bbox 315 1218 470 1272; x_wconf 88' lang='lat' dir='ltr'><strong>secuudum</strong></span> <span class='ocrx_word' id='word_1_95' title='bbox 482 1214 670 1271; x_wconf 90' lang='lat' dir='ltr'><strong>nihilomiuus</strong></span> <span class='ocrx_word' id='word_1_96' title='bbox 682 1214 773 1269; x_wconf 79' lang='lat' dir='ltr'><strong>Adam</strong></span> <span class='ocrx_word' id='word_1_97' title='bbox 783 1215 915 1282; x_wconf 81' lang='lat' dir='ltr'><strong>tentavit3</strong></span> 
     </span>
     <span class='ocr_line' id='line_1_13' title="bbox 106 1308 914 1382; baseline -0.009 -13"><span class='ocrx_word' id='word_1_98' title='bbox 106 1314 154 1369; x_wconf 90' lang='lat' dir='ltr'><strong>scd</strong></span> <span class='ocrx_word' id='word_1_99' title='bbox 175 1312 209 1368; x_wconf 90' lang='lat' dir='ltr'><strong>ab</strong></span> <span class='ocrx_word' id='word_1_100' title='bbox 231 1312 279 1367; x_wconf 93' lang='lat' dir='ltr'><strong>illo</strong></span> <span class='ocrx_word' id='word_1_101' title='bbox 294 1311 444 1382; x_wconf 81' lang='lat' dir='ltr'><strong>tripliciter</strong></span> <span class='ocrx_word' id='word_1_102' title='bbox 461 1310 550 1364; x_wconf 89' lang='lat' dir='ltr'><strong>victus</strong></span> <span class='ocrx_word' id='word_1_103' title='bbox 573 1308 687 1380; x_wconf 79' lang='lat' dir='ltr'><strong>refugit.</strong></span> <span class='ocrx_word' id='word_1_104' title='bbox 708 1311 742 1364; x_wconf 83' lang='lat' dir='ltr'><strong>Et</strong></span> <span class='ocrx_word' id='word_1_105' title='bbox 761 1324 817 1363; x_wconf 90' lang='lat' dir='ltr'><strong>ecce</strong></span> <span class='ocrx_word' id='word_1_106' title='bbox 829 1324 914 1363; x_wconf 86' lang='lat' dir='ltr'><strong>acces·</strong></span> 
     </span>
     <span class='ocr_line' id='line_1_14' title="bbox 105 1401 915 1476; baseline -0.01 -13"><span class='ocrx_word' id='word_1_107' title='bbox 105 1411 200 1463; x_wconf 81' lang='lat' dir='ltr'><strong>serum</strong></span> <span class='ocrx_word' id='word_1_108' title='bbox 219 1407 320 1476; x_wconf 81' lang='lat' dir='ltr'><strong>avvqeli,</strong></span> <span class='ocrx_word' id='word_1_109' title='bbox 344 1411 369 1459; x_wconf 88' lang='lat' dir='ltr'><strong>et</strong></span> <span class='ocrx_word' id='word_1_110' title='bbox 384 1404 616 1459; x_wconf 88' lang='lat' dir='ltr'><strong>ministraverunt</strong></span> <span class='ocrx_word' id='word_1_111' title='bbox 642 1401 710 1456; x_wconf 84' lang='lat' dir='ltr'><strong>Filio</strong></span> <span class='ocrx_word' id='word_1_112' title='bbox 734 1402 782 1457; x_wconf 86' lang='lat' dir='ltr'><strong>Dei</strong></span> <span class='ocrx_word' id='word_1_113' title='bbox 796 1402 915 1471; x_wconf 72' lang='lat' dir='ltr'><strong>(Matilo,</strong></span> 
     </span>
    </p>
   </div>
   <div class='ocr_carea' id='block_1_4' title="bbox 966 373 1781 1472">
    <p class='ocr_par' dir='ltr' id='par_1_4' title="bbox 966 373 1781 1472">
     <span class='ocr_line' id='line_1_15' title="bbox 968 373 1781 450; baseline -0.005 -17"><span class='ocrx_word' id='word_1_114' title='bbox 968 381 1046 450; x_wconf 90' lang='lat' dir='ltr'><strong>plum</strong></span> <span class='ocrx_word' id='word_1_115' title='bbox 1067 394 1125 432; x_wconf 87' lang='lat' dir='ltr'><strong>esse</strong></span> <span class='ocrx_word' id='word_1_116' title='bbox 1146 394 1230 432; x_wconf 77' lang='lat' dir='ltr'><strong>reram</strong></span> <span class='ocrx_word' id='word_1_117' title='bbox 1247 377 1282 431; x_wconf 89' lang='lat' dir='ltr'><strong>de</strong></span> <span class='ocrx_word' id='word_1_118' title='bbox 1297 376 1489 430; x_wconf 79' lang='lat' dir='ltr'><strong>anterioribus</strong></span> <span class='ocrx_word' id='word_1_119' title='bbox 1508 374 1636 446; x_wconf 92' lang='lat' dir='ltr'><strong>protulit,</strong></span> <span class='ocrx_word' id='word_1_120' title='bbox 1653 373 1731 446; x_wconf 88' lang='lat' dir='ltr'><strong>quad</strong></span> <span class='ocrx_word' id='word_1_121' title='bbox 1745 374 1781 429; x_wconf 89' lang='lat' dir='ltr'><strong>ad</strong></span> 
     </span>
     <span class='ocr_line' id='line_1_16' title="bbox 968 467 1781 538; baseline -0.007 -11"><span class='ocrx_word' id='word_1_122' title='bbox 968 473 1070 538; x_wconf 84' lang='lat' dir='ltr'><strong>solam,</strong></span> <span class='ocrx_word' id='word_1_123' title='bbox 1086 470 1152 525; x_wconf 88' lang='lat' dir='ltr'><strong>lieet</strong></span> <span class='ocrx_word' id='word_1_124' title='bbox 1165 472 1261 525; x_wconf 77' lang='lat' dir='ltr'><strong>multae</strong></span> <span class='ocrx_word' id='word_1_125' title='bbox 1281 471 1309 524; x_wconf 92' lang='lat' dir='ltr'><strong>iu</strong></span> <span class='ocrx_word' id='word_1_126' title='bbox 1329 467 1413 526; x_wconf 87' lang='lat' dir='ltr'><strong>lsrael</strong></span> <span class='ocrx_word' id='word_1_127' title='bbox 1426 468 1518 523; x_wconf 78' lang='lat' dir='ltr'><strong>vidua</strong></span> <span class='ocrx_word' id='word_1_128' title='bbox 1531 470 1636 534; x_wconf 88' lang='lat' dir='ltr'><strong>esseut,</strong></span> <span class='ocrx_word' id='word_1_129' title='bbox 1654 470 1781 538; x_wconf 88' lang='lat' dir='ltr'><strong>Sarepta·</strong></span> 
     </span>
     <span class='ocr_line' id='line_1_17' title="bbox 968 560 1779 634; baseline -0.006 -16"><span class='ocrx_word' id='word_1_130' title='bbox 968 563 1193 630; x_wconf 85' lang='lat' dir='ltr'><strong>uam,mulierem</strong></span> <span class='ocrx_word' id='word_1_131' title='bbox 1210 567 1340 634; x_wconf 84' lang='lat' dir='ltr'><strong>ternpore</strong></span> <span class='ocrx_word' id='word_1_132' title='bbox 1359 561 1443 617; x_wconf 83' lang='lat' dir='ltr'><strong>lamis</strong></span> <span class='ocrx_word' id='word_1_133' title='bbox 1462 561 1533 617; x_wconf 85' lang='lat' dir='ltr'><strong>Elias</strong></span> <span class='ocrx_word' id='word_1_134' title='bbox 1552 560 1655 614; x_wconf 89' lang='lat' dir='ltr'><strong>missus</strong></span> <span class='ocrx_word' id='word_1_135' title='bbox 1670 560 1779 615; x_wconf 82' lang='lat' dir='ltr'><strong>fuerit:</strong></span> 
     </span>
     <span class='ocr_line' id='line_1_18' title="bbox 968 653 1779 729; baseline -0.007 -17"><span class='ocrx_word' id='word_1_136' title='bbox 968 658 1120 729; x_wconf 84' lang='lat' dir='ltr'><strong>multisque</strong></span> <span class='ocrx_word' id='word_1_137' title='bbox 1139 657 1257 727; x_wconf 82' lang='lat' dir='ltr'><strong>leprosis</strong></span> <span class='ocrx_word' id='word_1_138' title='bbox 1271 656 1299 710; x_wconf 94' lang='lat' dir='ltr'><strong>iu</strong></span> <span class='ocrx_word' id='word_1_139' title='bbox 1321 659 1447 727; x_wconf 88' lang='lat' dir='ltr'><strong>egestate</strong></span> <span class='ocrx_word' id='word_1_140' title='bbox 1470 657 1498 709; x_wconf 89' lang='lat' dir='ltr'><strong>et</strong></span> <span class='ocrx_word' id='word_1_141' title='bbox 1515 670 1642 708; x_wconf 75' lang='lat' dir='ltr'><strong>aerumna</strong></span> <span class='ocrx_word' id='word_1_142' title='bbox 1665 653 1779 721; x_wconf 89' lang='lat' dir='ltr'><strong>relictis,</strong></span> 
     </span>
     <span class='ocr_line' id='line_1_19' title="bbox 968 747 1780 818; baseline -0.006 -13"><span class='ocrx_word' id='word_1_143' title='bbox 968 751 1054 817; x_wconf 91' lang='lat' dir='ltr'><strong>solus,</strong></span> <span class='ocrx_word' id='word_1_144' title='bbox 1070 750 1160 805; x_wconf 82' lang='lat' dir='ltr'><strong>Elison</strong></span> <span class='ocrx_word' id='word_1_145' title='bbox 1174 749 1355 815; x_wconf 89' lang='lat' dir='ltr'><strong>vaticinante,</strong></span> <span class='ocrx_word' id='word_1_146' title='bbox 1370 749 1494 802; x_wconf 81' lang='lat' dir='ltr'><strong>Naaman</strong></span> <span class='ocrx_word' id='word_1_147' title='bbox 1508 748 1593 818; x_wconf 82' lang='lat' dir='ltr'><strong>Syrus</strong></span> <span class='ocrx_word' id='word_1_148' title='bbox 1611 748 1639 802; x_wconf 91' lang='lat' dir='ltr'><strong>in</strong></span> <span class='ocrx_word' id='word_1_149' title='bbox 1658 747 1780 801; x_wconf 82' lang='lat' dir='ltr'><strong>iordane</strong></span> 
     </span>
     <span class='ocr_line' id='line_1_20' title="bbox 968 841 1781 911; baseline -0.002 -13"><span class='ocrx_word' id='word_1_150' title='bbox 968 844 1121 899; x_wconf 87' lang='lat' dir='ltr'><strong>mundatus</strong></span> <span class='ocrx_word' id='word_1_151' title='bbox 1145 843 1240 898; x_wconf 83' lang='lat' dir='ltr'><strong>luerit.</strong></span> <span class='ocrx_word' id='word_1_152' title='bbox 1264 843 1358 900; x_wconf 80' lang='lat' dir='ltr'><strong>Omnes</strong></span> <span class='ocrx_word' id='word_1_153' title='bbox 1383 845 1411 896; x_wconf 89' lang='lat' dir='ltr'><strong>in</strong></span> <span class='ocrx_word' id='word_1_154' title='bbox 1434 858 1571 911; x_wconf 77' lang='lat' dir='ltr'><strong>synagoge</strong></span> <span class='ocrx_word' id='word_1_155' title='bbox 1596 841 1714 896; x_wconf 89' lang='lat' dir='ltr'><strong>verbum</strong></span> <span class='ocrx_word' id='word_1_156' title='bbox 1730 841 1781 896; x_wconf 87' lang='lat' dir='ltr'><strong>Do-</strong></span> 
     </span>
     <span class='ocr_line' id='line_1_21' title="bbox 968 932 1780 1005; baseline -0.006 -14"><span class='ocrx_word' id='word_1_157' title='bbox 968 936 1040 991; x_wconf 91' lang='lat' dir='ltr'><strong>mini</strong></span> <span class='ocrx_word' id='word_1_158' title='bbox 1053 937 1192 991; x_wconf 80' lang='lat' dir='ltr'><strong>audientes</strong></span> <span class='ocrx_word' id='word_1_159' title='bbox 1204 938 1247 989; x_wconf 87' lang='lat' dir='ltr'><strong>irn</strong></span> <span class='ocrx_word' id='word_1_160' title='bbox 1265 937 1361 1005; x_wconf 82' lang='lat' dir='ltr'><strong>repleti</strong></span> <span class='ocrx_word' id='word_1_161' title='bbox 1382 938 1446 989; x_wconf 86' lang='lat' dir='ltr'><strong>sunt</strong></span> <span class='ocrx_word' id='word_1_162' title='bbox 1465 935 1549 1004; x_wconf 78' lang='lat' dir='ltr'><strong>(Luc,</strong></span> <span class='ocrx_word' id='word_1_163' title='bbox 1570 950 1606 1002; x_wconf 82' lang='lat' dir='ltr'><strong>ru,</strong></span> <span class='ocrx_word' id='word_1_164' title='bbox 1622 935 1677 1004; x_wconf 82' lang='lat'><strong>28).</strong></span> <span class='ocrx_word' id='word_1_165' title='bbox 1699 932 1780 998; x_wconf 83' lang='lat' dir='ltr'><strong>Quod</strong></span> 
     </span>
     <span class='ocr_line' id='line_1_22' title="bbox 968 1028 1781 1101; baseline -0.005 -17"><span class='ocrx_word' id='word_1_166' title='bbox 968 1028 1074 1085; x_wconf 90' lang='lat' dir='ltr'><strong>dictum</strong></span> <span class='ocrx_word' id='word_1_167' title='bbox 1090 1029 1193 1096; x_wconf 87' lang='lat' dir='ltr'><strong>iuerat,</strong></span> <span class='ocrx_word' id='word_1_168' title='bbox 1208 1044 1296 1101; x_wconf 89' lang='lat' dir='ltr'><strong>opere</strong></span> <span class='ocrx_word' id='word_1_169' title='bbox 1310 1028 1447 1098; x_wconf 85' lang='lat' dir='ltr'><strong>sacrilego</strong></span> <span class='ocrx_word' id='word_1_170' title='bbox 1460 1042 1560 1081; x_wconf 89' lang='lat' dir='ltr'><strong>verum</strong></span> <span class='ocrx_word' id='word_1_171' title='bbox 1579 1043 1637 1081; x_wconf 86' lang='lat' dir='ltr'><strong>esse</strong></span> <span class='ocrx_word' id='word_1_172' title='bbox 1650 1043 1781 1098; x_wconf 91' lang='lat' dir='ltr'><strong>cumpro-</strong></span> 
     </span>
     <span class='ocr_line' id='line_1_23' title="bbox 966 1120 1780 1188; baseline -0.005 -11"><span class='ocrx_word' id='word_1_173' title='bbox 966 1122 1077 1188; x_wconf 85' lang='lat' dir='ltr'><strong>bantes,</strong></span> <span class='ocrx_word' id='word_1_174' title='bbox 1095 1127 1284 1177; x_wconf 81' lang='lat' dir='ltr'><strong>srrrreecrnnt.</strong></span> <span class='ocrx_word' id='word_1_175' title='bbox 1299 1125 1429 1176; x_wconf 82' lang='lat' dir='ltr'><strong>limentes</strong></span> <span class='ocrx_word' id='word_1_176' title='bbox 1449 1121 1593 1175; x_wconf 81' lang='lat' dir='ltr'><strong>efficacem</strong></span> <span class='ocrx_word' id='word_1_177' title='bbox 1605 1120 1780 1175; x_wconf 80' lang='lat' dir='ltr'><strong>archiatrum</strong></span> 
     </span>
     <span class='ocr_line' id='line_1_24' title="bbox 967 1214 1780 1284; baseline -0.007 -13"><span class='ocrx_word' id='word_1_178' title='bbox 967 1223 1044 1271; x_wconf 81' lang='lat' dir='ltr'><strong>cetra</strong></span> <span class='ocrx_word' id='word_1_179' title='bbox 1064 1217 1200 1270; x_wconf 87' lang='lat' dir='ltr'><strong>ciuitatem</strong></span> <span class='ocrx_word' id='word_1_180' title='bbox 1224 1216 1367 1284; x_wconf 82' lang='lat' dir='ltr'><strong>ejecerunt,</strong></span> <span class='ocrx_word' id='word_1_181' title='bbox 1390 1219 1418 1268; x_wconf 91' lang='lat' dir='ltr'><strong>et</strong></span> <span class='ocrx_word' id='word_1_182' title='bbox 1440 1229 1523 1283; x_wconf 80' lang='lat' dir='ltr'><strong>usqne</strong></span> <span class='ocrx_word' id='word_1_183' title='bbox 1549 1214 1586 1267; x_wconf 92' lang='lat' dir='ltr'><strong>ad</strong></span> <span class='ocrx_word' id='word_1_184' title='bbox 1608 1215 1780 1284; x_wconf 80' lang='lat' dir='ltr'><strong>supercilium</strong></span> 
     </span>
     <span class='ocr_line' id='line_1_25' title="bbox 967 1307 1781 1380; baseline -0.004 -17"><span class='ocrx_word' id='word_1_185' title='bbox 967 1312 1066 1363; x_wconf 83' lang='lat' dir='ltr'><strong>mentis</strong></span> <span class='ocrx_word' id='word_1_186' title='bbox 1079 1325 1158 1379; x_wconf 87' lang='lat' dir='ltr'><strong>super</strong></span> <span class='ocrx_word' id='word_1_187' title='bbox 1177 1324 1234 1380; x_wconf 93' lang='lat' dir='ltr'><strong>quo</strong></span> <span class='ocrx_word' id='word_1_188' title='bbox 1258 1312 1417 1364; x_wconf 85' lang='lat' dir='ltr'><strong>constructa</strong></span> <span class='ocrx_word' id='word_1_189' title='bbox 1433 1313 1474 1361; x_wconf 90' lang='lat' dir='ltr'><strong>est</strong></span> <span class='ocrx_word' id='word_1_190' title='bbox 1488 1307 1563 1372; x_wconf 90' lang='lat' dir='ltr'><strong>urbs,</strong></span> <span class='ocrx_word' id='word_1_191' title='bbox 1580 1313 1610 1361; x_wconf 87' lang='lat' dir='ltr'><strong>ut</strong></span> <span class='ocrx_word' id='word_1_192' title='bbox 1628 1309 1781 1376; x_wconf 83' lang='lat' dir='ltr'><strong>praecipita·</strong></span> 
     </span>
     <span class='ocr_line' id='line_1_26' title="bbox 966 1402 1779 1472; baseline -0.004 -15"><span class='ocrx_word' id='word_1_193' title='bbox 966 1409 1027 1458; x_wconf 87' lang='lat' dir='ltr'><strong>rent</strong></span> <span class='ocrx_word' id='word_1_194' title='bbox 1043 1419 1114 1466; x_wconf 90' lang='lat' dir='ltr'><strong>enm,</strong></span> <span class='ocrx_word' id='word_1_195' title='bbox 1130 1403 1278 1457; x_wconf 80' lang='lat' dir='ltr'><strong>ducerunt.</strong></span> <span class='ocrx_word' id='word_1_196' title='bbox 1288 1405 1347 1472; x_wconf 88' lang='lat' dir='ltr'><strong>lpse</strong></span> <span class='ocrx_word' id='word_1_197' title='bbox 1359 1407 1450 1456; x_wconf 89' lang='lat' dir='ltr'><strong>autem</strong></span> <span class='ocrx_word' id='word_1_198' title='bbox 1460 1403 1595 1455; x_wconf 83' lang='lat' dir='ltr'><strong>transiens</strong></span> <span class='ocrx_word' id='word_1_199' title='bbox 1605 1416 1655 1470; x_wconf 88' lang='lat' dir='ltr'><strong>per</strong></span> <span class='ocrx_word' id='word_1_200' title='bbox 1664 1402 1779 1455; x_wconf 87' lang='lat' dir='ltr'><strong>medium</strong></span> 
     </span>
    </p>
   </div>
   <div class='ocr_carea' id='block_1_5' title="bbox 103 1494 1780 2407">
    <p class='ocr_par' dir='ltr' id='par_1_5' title="bbox 106 1494 1779 1665">
     <span class='ocr_line' id='line_1_27' title="bbox 106 1494 1779 1571; baseline -0.004 -16"><span class='ocrx_word' id='word_1_201' title='bbox 106 1517 124 1571; x_wconf 89' lang='lat' dir='ltr'><strong>v,</strong></span> <span class='ocrx_word' id='word_1_202' title='bbox 142 1500 196 1570; x_wconf 85' lang='lat' dir='ltr'><strong>tt),</strong></span> <span class='ocrx_word' id='word_1_203' title='bbox 218 1499 267 1571; x_wconf 93' lang='lat' dir='ltr'><strong>qui</strong></span> <span class='ocrx_word' id='word_1_204' title='bbox 291 1498 409 1554; x_wconf 89' lang='lat' dir='ltr'><strong>victores</strong></span> <span class='ocrx_word' id='word_1_205' title='bbox 432 1499 542 1553; x_wconf 71' lang='lat' dir='ltr'><strong>Satavm</strong></span> <span class='ocrx_word' id='word_1_206' title='bbox 571 1496 599 1551; x_wconf 94' lang='lat' dir='ltr'><strong>in</strong></span> <span class='ocrx_word' id='word_1_207' title='bbox 623 1496 697 1551; x_wconf 74' lang='lat' dir='ltr'><strong>caelis</strong></span> <span class='ocrx_word' id='word_1_208' title='bbox 720 1494 918 1550; x_wconf 85' lang='lat' dir='ltr'><strong>remunerabit</strong></span> <span class='ocrx_word' id='word_1_209' title='bbox 966 1497 1085 1559; x_wconf 86' lang='lat' dir='ltr'><strong>iliorum,</strong></span> <span class='ocrx_word' id='word_1_210' title='bbox 1111 1497 1173 1550; x_wconf 89' lang='lat' dir='ltr'><strong>inde</strong></span> <span class='ocrx_word' id='word_1_211' title='bbox 1195 1496 1329 1551; x_wconf 86' lang='lat' dir='ltr'><strong>descendit</strong></span> <span class='ocrx_word' id='word_1_212' title='bbox 1352 1494 1546 1565; x_wconf 77' lang='lat' dir='ltr'><strong>Ccrpharnumn</strong></span> <span class='ocrx_word' id='word_1_213' title='bbox 1567 1494 1655 1563; x_wconf 81' lang='lat' dir='ltr'><strong>(ibid,</strong></span> <span class='ocrx_word' id='word_1_214' title='bbox 1677 1496 1779 1557; x_wconf 77' lang='lat'><strong>29-313</strong></span> 
     </span>
     <span class='ocr_line' id='line_1_28' title="bbox 106 1589 1466 1665; baseline -0.006 -16"><span class='ocrx_word' id='word_1_215' title='bbox 106 1593 211 1665; x_wconf 87' lang='lat' dir='ltr'><strong>gaudio</strong></span> <span class='ocrx_word' id='word_1_216' title='bbox 223 1591 354 1664; x_wconf 89' lang='lat' dir='ltr'><strong>pereuni.</strong></span> <span class='ocrx_word' id='word_1_217' title='bbox 967 1591 1078 1651; x_wconf 77' lang='lat' dir='ltr'><strong>Matth,</strong></span> <span class='ocrx_word' id='word_1_218' title='bbox 1093 1605 1129 1655; x_wconf 89' lang='lat' dir='ltr'><strong>vv,</strong></span> <span class='ocrx_word' id='word_1_219' title='bbox 1147 1591 1231 1644; x_wconf 82' lang='lat' dir='ltr'><strong>ra-te</strong></span> <span class='ocrx_word' id='word_1_220' title='bbox 1242 1606 1249 1653; x_wconf 88' lang='lat'><strong>;</strong></span> <span class='ocrx_word' id='word_1_221' title='bbox 1261 1592 1358 1650; x_wconf 75' lang='lat' dir='ltr'><strong>illinc,</strong></span> <span class='ocrx_word' id='word_1_222' title='bbox 1376 1604 1394 1655; x_wconf 91' lang='grc' dir='ltr'><strong>ι,</strong></span> <span class='ocrx_word' id='word_1_223' title='bbox 1412 1589 1466 1651; x_wconf 73' lang='lat' dir='ltr'><strong>hl).</strong></span> 
     </span>
    </p>

    <p class='ocr_par' dir='ltr' id='par_1_6' title="bbox 103 1660 1780 2313">
     <span class='ocr_line' id='line_1_29' title="bbox 140 1660 1779 1753; baseline -0.005 -11"><span class='ocrx_word' id='word_1_224' title='bbox 140 1685 270 1742; x_wconf 85' lang='lat' dir='ltr'><strong>Salvator</strong></span> <span class='ocrx_word' id='word_1_225' title='bbox 296 1701 361 1739; x_wconf 89' lang='lat' dir='ltr'><strong>cum</strong></span> <span class='ocrx_word' id='word_1_226' title='bbox 387 1688 477 1739; x_wconf 87' lang='lat' dir='ltr'><strong>matre</strong></span> <span class='ocrx_word' id='word_1_227' title='bbox 506 1686 534 1738; x_wconf 91' lang='lat' dir='ltr'><strong>et</strong></span> <span class='ocrx_word' id='word_1_228' title='bbox 558 1683 691 1737; x_wconf 85' lang='lat' dir='ltr'><strong>iratribus</strong></span> <span class='ocrx_word' id='word_1_229' title='bbox 716 1660 955 1753; x_wconf 80' lang='lat' dir='ltr'><strong>Capharuaumss</strong></span> <span class='ocrx_word' id='word_1_230' title='bbox 1008 1685 1087 1737; x_wconf 83' lang='lat' dir='ltr'><strong>Venit</strong></span> <span class='ocrx_word' id='word_1_231' title='bbox 1113 1685 1210 1737; x_wconf 79' lang='lat' dir='ltr'><strong>iterum</strong></span> <span class='ocrx_word' id='word_1_232' title='bbox 1236 1684 1266 1735; x_wconf 89' lang='lat' dir='ltr'><strong>in</strong></span> <span class='ocrx_word' id='word_1_233' title='bbox 1295 1684 1370 1740; x_wconf 81' lang='lat' dir='ltr'><strong>curm</strong></span> <span class='ocrx_word' id='word_1_234' title='bbox 1400 1682 1527 1737; x_wconf 67' lang='lat' dir='ltr'><strong>Galilaea.</strong></span> <span class='ocrx_word' id='word_1_235' title='bbox 1552 1680 1677 1748; x_wconf 78' lang='lat' dir='ltr'><strong>Regulus,</strong></span> <span class='ocrx_word' id='word_1_236' title='bbox 1701 1680 1779 1747; x_wconf 85' lang='lat' dir='ltr'><strong>cujus</strong></span> 
     </span>
     <span class='ocr_line' id='line_1_30' title="bbox 106 1773 1779 1850; baseline -0.005 -15"><span class='ocrx_word' id='word_1_237' title='bbox 106 1778 260 1844; x_wconf 89' lang='lat' dir='ltr'><strong>descendit,</strong></span> <span class='ocrx_word' id='word_1_238' title='bbox 278 1778 373 1850; x_wconf 85' lang='lat' dir='ltr'><strong>ibique</strong></span> <span class='ocrx_word' id='word_1_239' title='bbox 387 1793 446 1832; x_wconf 90' lang='lat' dir='ltr'><strong>non</strong></span> <span class='ocrx_word' id='word_1_240' title='bbox 470 1777 567 1831; x_wconf 90' lang='lat' dir='ltr'><strong>multis</strong></span> <span class='ocrx_word' id='word_1_241' title='bbox 586 1775 686 1831; x_wconf 91' lang='lat' dir='ltr'><strong>diebus</strong></span> <span class='ocrx_word' id='word_1_242' title='bbox 705 1774 818 1830; x_wconf 87' lang='lat' dir='ltr'><strong>mansit.</strong></span> <span class='ocrx_word' id='word_1_243' title='bbox 841 1774 918 1842; x_wconf 88' lang='lat' dir='ltr'><strong>lude,</strong></span> <span class='ocrx_word' id='word_1_244' title='bbox 968 1777 1041 1846; x_wconf 69' lang='lat' dir='ltr'><strong>fitius</strong></span> <span class='ocrx_word' id='word_1_245' title='bbox 1067 1776 1256 1845; x_wconf 70' lang='lat' dir='ltr'><strong>infinnubutur</strong></span> <span class='ocrx_word' id='word_1_246' title='bbox 1277 1776 1480 1844; x_wconf 81' lang='lat' dir='ltr'><strong>Capharuaum,</strong></span> <span class='ocrx_word' id='word_1_247' title='bbox 1501 1776 1596 1828; x_wconf 85' lang='lat' dir='ltr'><strong>lesum</strong></span> <span class='ocrx_word' id='word_1_248' title='bbox 1617 1773 1779 1828; x_wconf 88' lang='lat' dir='ltr'><strong>venientem</strong></span> 
     </span>
     <span class='ocr_line' id='line_1_31' title="bbox 106 1867 1779 1944; baseline -0.005 -17"><span class='ocrx_word' id='word_1_249' title='bbox 106 1872 353 1944; x_wconf 89' lang='lat' dir='ltr'><strong>appropinquante</strong></span> <span class='ocrx_word' id='word_1_250' title='bbox 374 1871 490 1936; x_wconf 84' lang='lat' dir='ltr'><strong>Pascha,</strong></span> <span class='ocrx_word' id='word_1_251' title='bbox 510 1868 716 1940; x_wconf 85' lang='lat' dir='ltr'><strong>lerosolymam</strong></span> <span class='ocrx_word' id='word_1_252' title='bbox 738 1868 873 1935; x_wconf 88' lang='lat' dir='ltr'><strong>ascendit,</strong></span> <span class='ocrx_word' id='word_1_253' title='bbox 891 1871 920 1922; x_wconf 91' lang='lat' dir='ltr'><strong>et</strong></span> <span class='ocrx_word' id='word_1_254' title='bbox 969 1885 986 1923; x_wconf 90' lang='lat' dir='ltr'><strong>a</strong></span> <span class='ocrx_word' id='word_1_255' title='bbox 1011 1870 1106 1924; x_wconf 82' lang='lat' dir='ltr'><strong>Judaeu</strong></span> <span class='ocrx_word' id='word_1_256' title='bbox 1128 1872 1159 1923; x_wconf 90' lang='lat' dir='ltr'><strong>in</strong></span> <span class='ocrx_word' id='word_1_257' title='bbox 1180 1869 1321 1926; x_wconf 75' lang='lat' dir='ltr'><strong>deliteam</strong></span> <span class='ocrx_word' id='word_1_258' title='bbox 1346 1868 1459 1937; x_wconf 78' lang='lat' dir='ltr'><strong>reprvhat</strong></span> <span class='ocrx_word' id='word_1_259' title='bbox 1487 1873 1517 1922; x_wconf 89' lang='lat' dir='ltr'><strong>ut</strong></span> <span class='ocrx_word' id='word_1_260' title='bbox 1543 1867 1725 1930; x_wconf 65' lang='lat' dir='ltr'><strong>descenderet,</strong></span> <span class='ocrx_word' id='word_1_261' title='bbox 1755 1874 1779 1919; x_wconf 88' lang='lat' dir='ltr'><strong>et</strong></span> 
     </span>
     <span class='ocr_line' id='line_1_32' title="bbox 104 1960 1780 2036; baseline -0.002 -17"><span class='ocrx_word' id='word_1_262' title='bbox 104 1965 134 2020; x_wconf 91' lang='lat' dir='ltr'><strong>in</strong></span> <span class='ocrx_word' id='word_1_263' title='bbox 149 1966 286 2036; x_wconf 87' lang='lat' dir='ltr'><strong>templum</strong></span> <span class='ocrx_word' id='word_1_264' title='bbox 304 1964 428 2019; x_wconf 88' lang='lat' dir='ltr'><strong>intravit.</strong></span> <span class='ocrx_word' id='word_1_265' title='bbox 451 1963 609 2019; x_wconf 77' lang='lat' dir='ltr'><strong>vendentes</strong></span> <span class='ocrx_word' id='word_1_266' title='bbox 631 1978 707 2029; x_wconf 89' lang='lat' dir='ltr'><strong>oves,</strong></span> <span class='ocrx_word' id='word_1_267' title='bbox 729 1965 758 2015; x_wconf 90' lang='lat' dir='ltr'><strong>et</strong></span> <span class='ocrx_word' id='word_1_268' title='bbox 777 1960 872 2031; x_wconf 82' lang='lat' dir='ltr'><strong>boves,</strong></span> <span class='ocrx_word' id='word_1_269' title='bbox 891 1965 919 2016; x_wconf 87' lang='lat' dir='ltr'><strong>et</strong></span> <span class='ocrx_word' id='word_1_270' title='bbox 967 1964 1053 2031; x_wconf 75' lang='lat' dir='ltr'><strong>filium</strong></span> <span class='ocrx_word' id='word_1_271' title='bbox 1067 1964 1125 2031; x_wconf 83' lang='lat' dir='ltr'><strong>ejrrs·</strong></span> <span class='ocrx_word' id='word_1_272' title='bbox 1144 1966 1264 2018; x_wconf 75' lang='lat' dir='ltr'><strong>seruaret.</strong></span> <span class='ocrx_word' id='word_1_273' title='bbox 1281 1964 1391 2018; x_wconf 75' lang='lat' dir='ltr'><strong>liiariteo&#39;</strong></span> <span class='ocrx_word' id='word_1_274' title='bbox 1408 1964 1504 2017; x_wconf 75' lang='lat' dir='ltr'><strong>teus:</strong></span> <span class='ocrx_word' id='word_1_275' title='bbox 1523 1961 1602 2024; x_wconf 71' lang='lat' dir='ltr'><strong>eride,</strong></span> <span class='ocrx_word' id='word_1_276' title='bbox 1621 1962 1695 2030; x_wconf 70' lang='lat' dir='ltr'><strong>filices</strong></span> <span class='ocrx_word' id='word_1_277' title='bbox 1718 1965 1780 2016; x_wconf 86' lang='lat' dir='ltr'><strong>tuus</strong></span> 
     </span>
     <span class='ocr_line' id='line_1_33' title="bbox 103 2054 1778 2127; baseline -0.004 -13"><span class='ocrx_word' id='word_1_278' title='bbox 103 2056 519 2127; x_wconf 80' lang='lat' dir='ltr'><strong>columbas,etunmmularios</strong></span> <span class='ocrx_word' id='word_1_279' title='bbox 531 2054 662 2111; x_wconf 86' lang='lat' dir='ltr'><strong>sedentes</strong></span> <span class='ocrx_word' id='word_1_280' title='bbox 675 2055 704 2108; x_wconf 93' lang='lat' dir='ltr'><strong>iu</strong></span> <span class='ocrx_word' id='word_1_281' title='bbox 716 2056 823 2126; x_wconf 89' lang='lat' dir='ltr'><strong>templo</strong></span> <span class='ocrx_word' id='word_1_282' title='bbox 838 2055 916 2109; x_wconf 90' lang='lat' dir='ltr'><strong>inre·</strong></span> <span class='ocrx_word' id='word_1_283' title='bbox 967 2058 1035 2109; x_wconf 85' lang='lat' dir='ltr'><strong>uiuit</strong></span> <span class='ocrx_word' id='word_1_284' title='bbox 1060 2059 1160 2125; x_wconf 68' lang='lat' dir='ltr'><strong>(ioan,</strong></span> <span class='ocrx_word' id='word_1_285' title='bbox 1185 2073 1221 2121; x_wconf 88' lang='grc' dir='ltr'><strong>ιι,</strong></span> <span class='ocrx_word' id='word_1_286' title='bbox 1247 2055 1349 2123; x_wconf 72' lang='lat' dir='ltr'><strong>ibbo).</strong></span> <span class='ocrx_word' id='word_1_287' title='bbox 1374 2055 1506 2110; x_wconf 85' lang='lat' dir='ltr'><strong>Protinus</strong></span> <span class='ocrx_word' id='word_1_288' title='bbox 1530 2071 1608 2125; x_wconf 80' lang='lat' dir='ltr'><strong>ager</strong></span> <span class='ocrx_word' id='word_1_289' title='bbox 1628 2054 1778 2119; x_wconf 74' lang='lat' dir='ltr'><strong>muraluit,</strong></span> 
     </span>
     <span class='ocr_line' id='line_1_34' title="bbox 105 2147 916 2223; baseline -0.006 -16"><span class='ocrx_word' id='word_1_290' title='bbox 105 2154 148 2207; x_wconf 91' lang='lat' dir='ltr'><strong>uit</strong></span> <span class='ocrx_word' id='word_1_291' title='bbox 165 2157 191 2207; x_wconf 90' lang='lat' dir='ltr'><strong>et</strong></span> <span class='ocrx_word' id='word_1_292' title='bbox 208 2152 321 2223; x_wconf 84' lang='lat' dir='ltr'><strong>fulgore</strong></span> <span class='ocrx_word' id='word_1_293' title='bbox 342 2150 456 2205; x_wconf 85' lang='lat' dir='ltr'><strong>deitatis</strong></span> <span class='ocrx_word' id='word_1_294' title='bbox 476 2150 547 2203; x_wconf 87' lang='lat' dir='ltr'><strong>mire</strong></span> <span class='ocrx_word' id='word_1_295' title='bbox 569 2148 686 2203; x_wconf 85' lang='lat' dir='ltr'><strong>rutilans</strong></span> <span class='ocrx_word' id='word_1_296' title='bbox 705 2163 804 2202; x_wconf 84' lang='lat' dir='ltr'><strong>ontvrcs</strong></span> <span class='ocrx_word' id='word_1_297' title='bbox 823 2147 916 2219; x_wconf 88' lang='lat' dir='ltr'><strong>ejecit.</strong></span> 
     </span>
     <span class='ocr_line' id='line_1_35' title="bbox 104 2244 367 2313; baseline -0.023 -11"><span class='ocrx_word' id='word_1_298' title='bbox 104 2248 204 2313; x_wconf 70' lang='lat' dir='ltr'><strong>idean„</strong></span> <span class='ocrx_word' id='word_1_299' title='bbox 220 2261 247 2311; x_wconf 93' lang='lat' dir='ltr'><strong>u,</strong></span> <span class='ocrx_word' id='word_1_300' title='bbox 264 2244 367 2305; x_wconf 65' lang='lat' dir='ltr'><strong>ibit.)</strong></span> 
     </span>
    </p>

    <p class='ocr_par' dir='ltr' id='par_1_7' title="bbox 141 2334 916 2407">
     <span class='ocr_line' id='line_1_36' title="bbox 141 2334 916 2407; baseline -0.005 -16"><span class='ocrx_word' id='word_1_301' title='bbox 141 2340 172 2392; x_wconf 94' lang='lat' dir='ltr'><strong>ln</strong></span> <span class='ocrx_word' id='word_1_302' title='bbox 193 2337 239 2392; x_wconf 91' lang='lat' dir='ltr'><strong>die</strong></span> <span class='ocrx_word' id='word_1_303' title='bbox 262 2338 335 2391; x_wconf 82' lang='lat' dir='ltr'><strong>testo</strong></span> <span class='ocrx_word' id='word_1_304' title='bbox 358 2336 470 2391; x_wconf 78' lang='lat' dir='ltr'><strong>Paschae</strong></span> <span class='ocrx_word' id='word_1_305' title='bbox 489 2334 569 2390; x_wconf 90' lang='lat' dir='ltr'><strong>multi</strong></span> <span class='ocrx_word' id='word_1_306' title='bbox 587 2335 677 2407; x_wconf 87' lang='lat' dir='ltr'><strong>sigua,</strong></span> <span class='ocrx_word' id='word_1_307' title='bbox 696 2351 760 2405; x_wconf 79' lang='lat' dir='ltr'><strong>qum</strong></span> <span class='ocrx_word' id='word_1_308' title='bbox 783 2336 862 2389; x_wconf 86' lang='lat' dir='ltr'><strong>iesus</strong></span> <span class='ocrx_word' id='word_1_309' title='bbox 879 2334 892 2387; x_wconf 87' lang='lat' dir='ltr'><strong>i</strong></span> <span class='ocrx_word' id='word_1_310' title='bbox 908 2364 916 2373; x_wconf 92' lang='lat'><em>·</em></span> 
     </span>
    </p>
   </div>
   <div class='ocr_carea' id='block_1_6' title="bbox 28 2148 1827 5777">
    <p class='ocr_par' dir='ltr' id='par_1_8' title="bbox 28 2148 1827 5777">
     <span class='ocr_line' id='line_1_37' title="bbox 968 2148 1779 2220; baseline -0.001 -18"><span class='ocrx_word' id='word_1_311' title='bbox 968 2152 1048 2220; x_wconf 87' lang='lat' dir='ltr'><strong>pater</strong></span> <span class='ocrx_word' id='word_1_312' title='bbox 1062 2148 1194 2216; x_wconf 84' lang='lat' dir='ltr'><strong>credidit,</strong></span> <span class='ocrx_word' id='word_1_313' title='bbox 1212 2148 1388 2219; x_wconf 87' lang='lat' dir='ltr'><strong>domumque</strong></span> <span class='ocrx_word' id='word_1_314' title='bbox 1410 2149 1440 2203; x_wconf 91' lang='lat' dir='ltr'><strong>in</strong></span> <span class='ocrx_word' id='word_1_315' title='bbox 1459 2148 1613 2202; x_wconf 89' lang='lat' dir='ltr'><strong>crastinum</strong></span> <span class='ocrx_word' id='word_1_316' title='bbox 1633 2148 1779 2215; x_wconf 87' lang='lat' dir='ltr'><strong>remeavit,</strong></span> 
     </span>
     <span class='ocr_line' id='line_1_38' title="bbox 967 2240 1780 2313; baseline 0.002 -18"><span class='ocrx_word' id='word_1_317' title='bbox 967 2247 996 2296; x_wconf 92' lang='lat' dir='ltr'><strong>et</strong></span> <span class='ocrx_word' id='word_1_318' title='bbox 1013 2242 1117 2311; x_wconf 86' lang='lat' dir='ltr'><strong>sospite</strong></span> <span class='ocrx_word' id='word_1_319' title='bbox 1131 2241 1188 2296; x_wconf 80' lang='lat' dir='ltr'><strong>filio</strong></span> <span class='ocrx_word' id='word_1_320' title='bbox 1198 2241 1371 2311; x_wconf 77' lang='lat' dir='ltr'><strong>gaudentem</strong></span> <span class='ocrx_word' id='word_1_321' title='bbox 1386 2241 1522 2296; x_wconf 82' lang='lat' dir='ltr'><strong>familiam</strong></span> <span class='ocrx_word' id='word_1_322' title='bbox 1540 2240 1656 2312; x_wconf 90' lang='lat' dir='ltr'><strong>reperit,</strong></span> <span class='ocrx_word' id='word_1_323' title='bbox 1669 2247 1697 2295; x_wconf 87' lang='lat' dir='ltr'><strong>et</strong></span> <span class='ocrx_word' id='word_1_324' title='bbox 1715 2257 1780 2313; x_wconf 89' lang='lat' dir='ltr'><strong>ceg-</strong></span> 
     </span>
     <span class='ocr_line' id='line_1_39' title="bbox 967 2334 1778 2406; baseline -0.001 -18"><span class='ocrx_word' id='word_1_325' title='bbox 967 2351 1086 2389; x_wconf 88' lang='lat' dir='ltr'><strong>nosccns</strong></span> <span class='ocrx_word' id='word_1_326' title='bbox 1106 2335 1181 2406; x_wconf 90' lang='lat' dir='ltr'><strong>quad</strong></span> <span class='ocrx_word' id='word_1_327' title='bbox 1205 2335 1362 2405; x_wconf 90' lang='lat' dir='ltr'><strong>contigerat</strong></span> <span class='ocrx_word' id='word_1_328' title='bbox 1382 2351 1446 2389; x_wconf 82' lang='lat' dir='ltr'><strong>ctum</strong></span> <span class='ocrx_word' id='word_1_329' title='bbox 1468 2338 1526 2390; x_wconf 86' lang='lat' dir='ltr'><strong>teta</strong></span> <span class='ocrx_word' id='word_1_330' title='bbox 1548 2334 1634 2389; x_wconf 91' lang='lat' dir='ltr'><strong>domo</strong></span> <span class='ocrx_word' id='word_1_331' title='bbox 1647 2334 1778 2389; x_wconf 88' lang='lat' dir='ltr'><strong>credidit.</strong></span> 
     </span>
     <span class='ocr_line' id='line_1_40' title="bbox 104 2427 1778 2499; baseline -0.001 -16"><span class='ocrx_word' id='word_1_332' title='bbox 104 2430 205 2495; x_wconf 88' lang='lat' dir='ltr'><strong>ciebat,</strong></span> <span class='ocrx_word' id='word_1_333' title='bbox 233 2430 365 2484; x_wconf 88' lang='lat' dir='ltr'><strong>viderunt</strong></span> <span class='ocrx_word' id='word_1_334' title='bbox 391 2433 419 2483; x_wconf 88' lang='lat' dir='ltr'><strong>et</strong></span> <span class='ocrx_word' id='word_1_335' title='bbox 446 2429 475 2484; x_wconf 93' lang='lat' dir='ltr'><strong>in</strong></span> <span class='ocrx_word' id='word_1_336' title='bbox 499 2429 614 2484; x_wconf 77' lang='lat' dir='ltr'><strong>nuntiae</strong></span> <span class='ocrx_word' id='word_1_337' title='bbox 637 2428 699 2499; x_wconf 86' lang='lat' dir='ltr'><strong>ejus</strong></span> <span class='ocrx_word' id='word_1_338' title='bbox 722 2427 914 2482; x_wconf 77' lang='lat' dir='ltr'><strong>crediderunt.</strong></span> <span class='ocrx_word' id='word_1_339' title='bbox 965 2430 1031 2491; x_wconf 86' lang='lat' dir='ltr'><strong>Hac,</strong></span> <span class='ocrx_word' id='word_1_340' title='bbox 1059 2433 1089 2482; x_wconf 94' lang='lat' dir='ltr'><strong>ut</strong></span> <span class='ocrx_word' id='word_1_341' title='bbox 1115 2430 1234 2483; x_wconf 80' lang='lat' dir='ltr'><strong>ioannes</strong></span> <span class='ocrx_word' id='word_1_342' title='bbox 1255 2428 1395 2499; x_wconf 88' lang='lat' dir='ltr'><strong>perhibet,</strong></span> <span class='ocrx_word' id='word_1_343' title='bbox 1421 2428 1568 2482; x_wconf 88' lang='lat' dir='ltr'><strong>secundum</strong></span> <span class='ocrx_word' id='word_1_344' title='bbox 1593 2427 1647 2483; x_wconf 86' lang='lat' dir='ltr'><strong>fuit</strong></span> <span class='ocrx_word' id='word_1_345' title='bbox 1671 2431 1778 2496; x_wconf 79' lang='lat' dir='ltr'><strong>signum</strong></span> 
     </span>
     <span class='ocr_line' id='line_1_41' title="bbox 28 2520 1779 2594; baseline -0.002 -16"><span class='ocrx_word' id='word_1_346' title='bbox 28 2588 31 2594; x_wconf 33' lang='grc' dir='ltr'>Ι</span> <span class='ocrx_word' id='word_1_347' title='bbox 103 2525 181 2579; x_wconf 82' lang='lat' dir='ltr'><strong>Tune</strong></span> <span class='ocrx_word' id='word_1_348' title='bbox 204 2523 373 2579; x_wconf 87' lang='lat' dir='ltr'><strong>Nicodamus</strong></span> <span class='ocrx_word' id='word_1_349' title='bbox 396 2522 565 2588; x_wconf 82' lang='lat' dir='ltr'><strong>Pharisaeus,</strong></span> <span class='ocrx_word' id='word_1_350' title='bbox 589 2521 720 2593; x_wconf 88' lang='lat' dir='ltr'><strong>princeps</strong></span> <span class='ocrx_word' id='word_1_351' title='bbox 740 2520 914 2594; x_wconf 74' lang='lat' dir='ltr'><strong>ludaeorum,</strong></span> <span class='ocrx_word' id='word_1_352' title='bbox 966 2521 1042 2592; x_wconf 88' lang='lat' dir='ltr'><strong>quad</strong></span> <span class='ocrx_word' id='word_1_353' title='bbox 1064 2523 1223 2588; x_wconf 74' lang='lat' dir='ltr'><strong>fecitlesus,</strong></span> <span class='ocrx_word' id='word_1_354' title='bbox 1239 2538 1299 2576; x_wconf 89' lang='lat' dir='ltr'><strong>aum</strong></span> <span class='ocrx_word' id='word_1_355' title='bbox 1315 2524 1429 2577; x_wconf 77' lang='lat' dir='ltr'><strong>uenismt</strong></span> <span class='ocrx_word' id='word_1_356' title='bbox 1442 2539 1460 2575; x_wconf 91' lang='lat' dir='ltr'><strong>a</strong></span> <span class='ocrx_word' id='word_1_357' title='bbox 1480 2522 1576 2576; x_wconf 78' lang='lat' dir='ltr'><strong>iudaea</strong></span> <span class='ocrx_word' id='word_1_358' title='bbox 1594 2524 1624 2576; x_wconf 86' lang='lat' dir='ltr'><strong>in</strong></span> <span class='ocrx_word' id='word_1_359' title='bbox 1638 2521 1779 2577; x_wconf 79' lang='lat' dir='ltr'><strong>Gaiilaeum</strong></span> 
     </span>
     <span class='ocr_line' id='line_1_42' title="bbox 104 2613 1124 2686; baseline 0 -17"><span class='ocrx_word' id='word_1_360' title='bbox 104 2616 181 2671; x_wconf 88' lang='lat' dir='ltr'><strong>veuit</strong></span> <span class='ocrx_word' id='word_1_361' title='bbox 197 2616 342 2671; x_wconf 77' lang='lat' dir='ltr'><strong>adhesum</strong></span> <span class='ocrx_word' id='word_1_362' title='bbox 365 2619 457 2684; x_wconf 84' lang='lat' dir='ltr'><strong>nocte,</strong></span> <span class='ocrx_word' id='word_1_363' title='bbox 475 2615 592 2686; x_wconf 88' lang='lat' dir='ltr'><strong>cupiens</strong></span> <span class='ocrx_word' id='word_1_364' title='bbox 606 2615 667 2685; x_wconf 86' lang='lat' dir='ltr'><strong>ejus</strong></span> <span class='ocrx_word' id='word_1_365' title='bbox 685 2617 794 2669; x_wconf 87' lang='lat' dir='ltr'><strong>secreta</strong></span> <span class='ocrx_word' id='word_1_366' title='bbox 809 2613 914 2684; x_wconf 80' lang='lat' dir='ltr'><strong>pertrui</strong></span> <span class='ocrx_word' id='word_1_367' title='bbox 965 2614 1054 2682; x_wconf 77' lang='lat' dir='ltr'><strong>(ibid,</strong></span> <span class='ocrx_word' id='word_1_368' title='bbox 1070 2614 1124 2683; x_wconf 77' lang='lat' dir='ltr'><strong>st).</strong></span> 
     </span>
     <span class='ocr_line' id='line_1_43' title="bbox 103 2706 1779 2779; baseline -0.004 -12"><span class='ocrx_word' id='word_1_369' title='bbox 103 2708 284 2769; x_wconf 70' lang='lat' dir='ltr'><strong>allocutione.</strong></span> <span class='ocrx_word' id='word_1_370' title='bbox 297 2709 397 2763; x_wconf 80' lang='lat' dir='ltr'><strong>iteravit</strong></span> <span class='ocrx_word' id='word_1_371' title='bbox 409 2723 478 2779; x_wconf 89' lang='lat' dir='ltr'><strong>ergo</strong></span> <span class='ocrx_word' id='word_1_372' title='bbox 492 2707 592 2762; x_wconf 89' lang='lat' dir='ltr'><strong>instrui</strong></span> <span class='ocrx_word' id='word_1_373' title='bbox 606 2707 641 2762; x_wconf 89' lang='lat' dir='ltr'><strong>de</strong></span> <span class='ocrx_word' id='word_1_374' title='bbox 654 2708 758 2761; x_wconf 76' lang='lat' dir='ltr'><strong>virtius</strong></span> <span class='ocrx_word' id='word_1_375' title='bbox 768 2706 913 2779; x_wconf 88' lang='lat' dir='ltr'><strong>baptismi,</strong></span> <span class='ocrx_word' id='word_1_376' title='bbox 1000 2710 1069 2764; x_wconf 78' lang='lat' dir='ltr'><strong>Cium</strong></span> <span class='ocrx_word' id='word_1_377' title='bbox 1088 2707 1209 2762; x_wconf 85' lang='lat' dir='ltr'><strong>audisset</strong></span> <span class='ocrx_word' id='word_1_378' title='bbox 1227 2709 1305 2762; x_wconf 89' lang='lat' dir='ltr'><strong>lesus</strong></span> <span class='ocrx_word' id='word_1_379' title='bbox 1320 2709 1396 2779; x_wconf 91' lang='lat' dir='ltr'><strong>quod</strong></span> <span class='ocrx_word' id='word_1_380' title='bbox 1411 2711 1532 2764; x_wconf 80' lang='lat' dir='ltr'><strong>ioannes</strong></span> <span class='ocrx_word' id='word_1_381' title='bbox 1554 2709 1674 2763; x_wconf 88' lang='lat' dir='ltr'><strong>traditus</strong></span> <span class='ocrx_word' id='word_1_382' title='bbox 1695 2716 1779 2775; x_wconf 84' lang='lat' dir='ltr'><strong>esset,</strong></span> 
     </span>
     <span class='ocr_line' id='line_1_44' title="bbox 103 2800 1778 2875; baseline -0.001 -18"><span class='ocrx_word' id='word_1_383' title='bbox 103 2802 139 2856; x_wconf 89' lang='lat' dir='ltr'><strong>de</strong></span> <span class='ocrx_word' id='word_1_384' title='bbox 155 2801 371 2875; x_wconf 87' lang='lat' dir='ltr'><strong>regeneratione</strong></span> <span class='ocrx_word' id='word_1_385' title='bbox 384 2817 419 2855; x_wconf 85' lang='lat' dir='ltr'><strong>ex</strong></span> <span class='ocrx_word' id='word_1_386' title='bbox 436 2817 509 2872; x_wconf 89' lang='lat' dir='ltr'><strong>aqua</strong></span> <span class='ocrx_word' id='word_1_387' title='bbox 521 2803 550 2855; x_wconf 87' lang='lat' dir='ltr'><strong>et</strong></span> <span class='ocrx_word' id='word_1_388' title='bbox 563 2800 678 2871; x_wconf 90' lang='lat' dir='ltr'><strong>Spiritu,</strong></span> <span class='ocrx_word' id='word_1_389' title='bbox 694 2800 730 2855; x_wconf 91' lang='lat' dir='ltr'><strong>de</strong></span> <span class='ocrx_word' id='word_1_390' title='bbox 744 2800 787 2854; x_wconf 93' lang='lat' dir='ltr'><strong>sui</strong></span> <span class='ocrx_word' id='word_1_391' title='bbox 801 2801 915 2856; x_wconf 89' lang='lat' dir='ltr'><strong>descen·</strong></span> <span class='ocrx_word' id='word_1_392' title='bbox 965 2800 1060 2855; x_wconf 80' lang='lat' dir='ltr'><strong>relicta</strong></span> <span class='ocrx_word' id='word_1_393' title='bbox 1081 2801 1227 2866; x_wconf 79' lang='lat' dir='ltr'><strong>Nazareth,</strong></span> <span class='ocrx_word' id='word_1_394' title='bbox 1250 2817 1315 2873; x_wconf 72' lang='lat' dir='ltr'><strong>quae</strong></span> <span class='ocrx_word' id='word_1_395' title='bbox 1332 2802 1436 2857; x_wconf 90' lang='lat' dir='ltr'><strong>dicitur</strong></span> <span class='ocrx_word' id='word_1_396' title='bbox 1452 2805 1511 2870; x_wconf 73' lang='lat' dir='ltr'><strong>dos,</strong></span> <span class='ocrx_word' id='word_1_397' title='bbox 1527 2801 1664 2857; x_wconf 90' lang='lat' dir='ltr'><strong>habitavit</strong></span> <span class='ocrx_word' id='word_1_398' title='bbox 1679 2802 1707 2856; x_wconf 92' lang='lat' dir='ltr'><strong>iu</strong></span> <span class='ocrx_word' id='word_1_399' title='bbox 1726 2804 1778 2859; x_wconf 83' lang='lat' dir='ltr'><strong>Ca-</strong></span> 
     </span>
     <span class='ocr_line' id='line_1_45' title="bbox 103 2892 1780 2967; baseline -0.001 -18"><span class='ocrx_word' id='word_1_400' title='bbox 103 2896 184 2951; x_wconf 88' lang='lat' dir='ltr'><strong>siuue</strong></span> <span class='ocrx_word' id='word_1_401' title='bbox 196 2898 226 2949; x_wconf 91' lang='lat' dir='ltr'><strong>et</strong></span> <span class='ocrx_word' id='word_1_402' title='bbox 237 2894 413 2959; x_wconf 88' lang='lat' dir='ltr'><strong>ascensione,</strong></span> <span class='ocrx_word' id='word_1_403' title='bbox 428 2892 462 2948; x_wconf 90' lang='lat' dir='ltr'><strong>de</strong></span> <span class='ocrx_word' id='word_1_404' title='bbox 476 2893 615 2965; x_wconf 87' lang='lat' dir='ltr'><strong>serpentis</strong></span> <span class='ocrx_word' id='word_1_405' title='bbox 628 2893 699 2949; x_wconf 87' lang='lat' dir='ltr'><strong>venei</strong></span> <span class='ocrx_word' id='word_1_406' title='bbox 708 2895 802 2966; x_wconf 79' lang='lat' dir='ltr'><strong>typica</strong></span> <span class='ocrx_word' id='word_1_407' title='bbox 812 2895 915 2949; x_wconf 79' lang='lat' dir='ltr'><strong>exalta·</strong></span> <span class='ocrx_word' id='word_1_408' title='bbox 965 2895 1137 2964; x_wconf 87' lang='lat' dir='ltr'><strong>pharuaum,</strong></span> <span class='ocrx_word' id='word_1_409' title='bbox 1151 2911 1215 2965; x_wconf 78' lang='lat' dir='ltr'><strong>quae</strong></span> <span class='ocrx_word' id='word_1_410' title='bbox 1226 2895 1293 2949; x_wconf 83' lang='lat' dir='ltr'><strong>uilia</strong></span> <span class='ocrx_word' id='word_1_411' title='bbox 1302 2895 1484 2965; x_wconf 81' lang='lat' dir='ltr'><strong>pulcherrime</strong></span> <span class='ocrx_word' id='word_1_412' title='bbox 1497 2895 1712 2966; x_wconf 87' lang='lat' dir='ltr'><strong>iuterpretatur,</strong></span> <span class='ocrx_word' id='word_1_413' title='bbox 1724 2911 1780 2967; x_wconf 88' lang='lat' dir='ltr'><strong>qna</strong></span> 
     </span>
     <span class='ocr_line' id='line_1_46' title="bbox 102 2985 1778 3059; baseline 0.001 -18"><span class='ocrx_word' id='word_1_414' title='bbox 102 2989 178 3043; x_wconf 90' lang='lat' dir='ltr'><strong>tione</strong></span> <span class='ocrx_word' id='word_1_415' title='bbox 196 2991 226 3042; x_wconf 92' lang='lat' dir='ltr'><strong>ct</strong></span> <span class='ocrx_word' id='word_1_416' title='bbox 244 2986 306 3041; x_wconf 86' lang='lat' dir='ltr'><strong>Filii</strong></span> <span class='ocrx_word' id='word_1_417' title='bbox 322 2986 443 3041; x_wconf 89' lang='lat' dir='ltr'><strong>hominis</strong></span> <span class='ocrx_word' id='word_1_418' title='bbox 460 2985 587 3042; x_wconf 90' lang='lat' dir='ltr'><strong>indebita</strong></span> <span class='ocrx_word' id='word_1_419' title='bbox 605 2987 735 3058; x_wconf 89' lang='lat' dir='ltr'><strong>passione</strong></span> <span class='ocrx_word' id='word_1_420' title='bbox 757 2989 858 3057; x_wconf 63' lang='lat' dir='ltr'><strong>(deun,</strong></span> <span class='ocrx_word' id='word_1_421' title='bbox 873 3003 912 3056; x_wconf 87' lang='lat' dir='ltr'><strong>ru,</strong></span> <span class='ocrx_word' id='word_1_422' title='bbox 965 2987 1086 3042; x_wconf 85' lang='lat' dir='ltr'><strong>Ecclesia</strong></span> <span class='ocrx_word' id='word_1_423' title='bbox 1098 2987 1273 3058; x_wconf 90' lang='lat' dir='ltr'><strong>designatur.</strong></span> <span class='ocrx_word' id='word_1_424' title='bbox 1291 2988 1429 3042; x_wconf 83' lang='lat' dir='ltr'><strong>Nazareth</strong></span> <span class='ocrx_word' id='word_1_425' title='bbox 1443 2988 1547 3059; x_wconf 91' lang='lat' dir='ltr'><strong>quippe</strong></span> <span class='ocrx_word' id='word_1_426' title='bbox 1562 2989 1637 3042; x_wconf 89' lang='lat' dir='ltr'><strong>unde</strong></span> <span class='ocrx_word' id='word_1_427' title='bbox 1651 2988 1778 3044; x_wconf 77' lang='lat' dir='ltr'><strong>Christus</strong></span> 
     </span>
     <span class='ocr_line' id='line_1_47' title="bbox 105 3080 1778 3152; baseline 0.001 -17"><span class='ocrx_word' id='word_1_428' title='bbox 105 3081 189 3150; x_wconf 71' lang='lat' dir='ltr'><strong>tet).</strong></span> <span class='ocrx_word' id='word_1_429' title='bbox 965 3082 1110 3135; x_wconf 79' lang='lat' dir='ltr'><strong>Nazaraeus</strong></span> <span class='ocrx_word' id='word_1_430' title='bbox 1124 3080 1214 3136; x_wconf 89' lang='lat' dir='ltr'><strong>dietus</strong></span> <span class='ocrx_word' id='word_1_431' title='bbox 1226 3085 1279 3147; x_wconf 88' lang='lat' dir='ltr'><strong>est,</strong></span> <span class='ocrx_word' id='word_1_432' title='bbox 1297 3080 1325 3135; x_wconf 93' lang='lat' dir='ltr'><strong>iu</strong></span> <span class='ocrx_word' id='word_1_433' title='bbox 1341 3081 1455 3137; x_wconf 83' lang='lat' dir='ltr'><strong>Galilaea</strong></span> <span class='ocrx_word' id='word_1_434' title='bbox 1464 3082 1545 3152; x_wconf 81' lang='lat' dir='ltr'><strong>juxta</strong></span> <span class='ocrx_word' id='word_1_435' title='bbox 1561 3086 1690 3137; x_wconf 90' lang='lat' dir='ltr'><strong>montem</strong></span> <span class='ocrx_word' id='word_1_436' title='bbox 1704 3083 1778 3137; x_wconf 88' lang='lat' dir='ltr'><strong>Tha-</strong></span> 
     </span>
     <span class='ocr_line' id='line_1_48' title="bbox 136 3174 1780 3247; baseline 0.001 -17"><span class='ocrx_word' id='word_1_437' title='bbox 136 3177 199 3230; x_wconf 88' lang='lat' dir='ltr'><strong>Post</strong></span> <span class='ocrx_word' id='word_1_438' title='bbox 220 3174 284 3236; x_wconf 77' lang='lat' dir='ltr'><strong>dac,</strong></span> <span class='ocrx_word' id='word_1_439' title='bbox 309 3174 446 3229; x_wconf 85' lang='lat' dir='ltr'><strong>Doruinus</strong></span> <span class='ocrx_word' id='word_1_440' title='bbox 469 3176 543 3229; x_wconf 83' lang='lat' dir='ltr'><strong>uenit</strong></span> <span class='ocrx_word' id='word_1_441' title='bbox 567 3177 596 3229; x_wconf 91' lang='lat' dir='ltr'><strong>in</strong></span> <span class='ocrx_word' id='word_1_442' title='bbox 619 3175 754 3230; x_wconf 77' lang='lat' dir='ltr'><strong>ludeam.</strong></span> <span class='ocrx_word' id='word_1_443' title='bbox 774 3175 833 3230; x_wconf 86' lang='lat' dir='ltr'><strong>lilia</strong></span> <span class='ocrx_word' id='word_1_444' title='bbox 854 3191 915 3230; x_wconf 89' lang='lat' dir='ltr'><strong>cum</strong></span> <span class='ocrx_word' id='word_1_445' title='bbox 965 3174 1018 3228; x_wconf 91' lang='lat' dir='ltr'><strong>bor</strong></span> <span class='ocrx_word' id='word_1_446' title='bbox 1043 3174 1151 3228; x_wconf 86' lang='lat' dir='ltr'><strong>viculus</strong></span> <span class='ocrx_word' id='word_1_447' title='bbox 1177 3180 1229 3241; x_wconf 89' lang='lat' dir='ltr'><strong>est,</strong></span> <span class='ocrx_word' id='word_1_448' title='bbox 1256 3175 1455 3246; x_wconf 89' lang='lat' dir='ltr'><strong>Capharuaum</strong></span> <span class='ocrx_word' id='word_1_449' title='bbox 1481 3191 1546 3230; x_wconf 90' lang='lat' dir='ltr'><strong>vero</strong></span> <span class='ocrx_word' id='word_1_450' title='bbox 1573 3175 1712 3247; x_wconf 92' lang='lat' dir='ltr'><strong>oppidum</strong></span> <span class='ocrx_word' id='word_1_451' title='bbox 1738 3183 1780 3232; x_wconf 89' lang='lat' dir='ltr'><strong>est</strong></span> 
     </span>
     <span class='ocr_line' id='line_1_49' title="bbox 100 3259 1778 3339; baseline 0.001 -17"><span class='ocrx_word' id='word_1_452' title='bbox 100 3266 244 3338; x_wconf 89' lang='lat' dir='ltr'><strong>discipulis</strong></span> <span class='ocrx_word' id='word_1_453' title='bbox 257 3266 315 3321; x_wconf 89' lang='lat' dir='ltr'><strong>suis</strong></span> <span class='ocrx_word' id='word_1_454' title='bbox 327 3267 529 3326; x_wconf 77' lang='lat' dir='ltr'><strong>demerebatur.</strong></span> <span class='ocrx_word' id='word_1_455' title='bbox 543 3272 572 3322; x_wconf 88' lang='lat' dir='ltr'><strong>ct</strong></span> <span class='ocrx_word' id='word_1_456' title='bbox 583 3267 665 3339; x_wconf 87' lang='lat' dir='ltr'><strong>plura</strong></span> <span class='ocrx_word' id='word_1_457' title='bbox 681 3267 778 3323; x_wconf 89' lang='lat' dir='ltr'><strong>salutis</strong></span> <span class='ocrx_word' id='word_1_458' title='bbox 792 3259 915 3339; x_wconf 86' lang='lat' dir='ltr'><strong>iusignia</strong></span> <span class='ocrx_word' id='word_1_459' title='bbox 965 3266 994 3322; x_wconf 89' lang='lat' dir='ltr'><strong>iu</strong></span> <span class='ocrx_word' id='word_1_460' title='bbox 1007 3266 1120 3322; x_wconf 81' lang='lat' dir='ltr'><strong>Galilaea</strong></span> <span class='ocrx_word' id='word_1_461' title='bbox 1146 3268 1275 3339; x_wconf 88' lang='lat' dir='ltr'><strong>gentium</strong></span> <span class='ocrx_word' id='word_1_462' title='bbox 1291 3268 1372 3338; x_wconf 83' lang='lat' dir='ltr'><strong>J&#39;uxta</strong></span> <span class='ocrx_word' id='word_1_463' title='bbox 1388 3274 1519 3339; x_wconf 78' lang='lat' dir='ltr'><strong>stagnum</strong></span> <span class='ocrx_word' id='word_1_464' title='bbox 1538 3269 1662 3324; x_wconf 87' lang='lat' dir='ltr'><strong>Genesar</strong></span> <span class='ocrx_word' id='word_1_465' title='bbox 1680 3268 1778 3338; x_wconf 92' lang='lat' dir='ltr'><strong>situm,</strong></span> 
     </span>
     <span class='ocr_line' id='line_1_50' title="bbox 100 3360 1777 3432; baseline 0.002 -17"><span class='ocrx_word' id='word_1_466' title='bbox 100 3360 283 3431; x_wconf 88' lang='lat' dir='ltr'><strong>operabatur.</strong></span> <span class='ocrx_word' id='word_1_467' title='bbox 297 3362 413 3416; x_wconf 78' lang='lat' dir='ltr'><strong>Joeannes</strong></span> <span class='ocrx_word' id='word_1_468' title='bbox 432 3365 521 3416; x_wconf 88' lang='lat' dir='ltr'><strong>autem</strong></span> <span class='ocrx_word' id='word_1_469' title='bbox 531 3366 591 3416; x_wconf 87' lang='lat' dir='ltr'><strong>erat</strong></span> <span class='ocrx_word' id='word_1_470' title='bbox 609 3362 750 3431; x_wconf 84' lang='lat' dir='ltr'><strong>baptizans</strong></span> <span class='ocrx_word' id='word_1_471' title='bbox 769 3363 801 3415; x_wconf 88' lang='lat' dir='ltr'><strong>in</strong></span> <span class='ocrx_word' id='word_1_472' title='bbox 819 3364 914 3416; x_wconf 81' lang='lat' dir='ltr'><strong>Ennea</strong></span> <span class='ocrx_word' id='word_1_473' title='bbox 964 3362 994 3414; x_wconf 86' lang='lat' dir='ltr'><strong>in</strong></span> <span class='ocrx_word' id='word_1_474' title='bbox 1015 3361 1113 3430; x_wconf 74' lang='lat' dir='ltr'><strong>linibus</strong></span> <span class='ocrx_word' id='word_1_475' title='bbox 1138 3362 1256 3416; x_wconf 86' lang='lat' dir='ltr'><strong>Zabulon</strong></span> <span class='ocrx_word' id='word_1_476' title='bbox 1282 3366 1308 3416; x_wconf 92' lang='lat' dir='ltr'><strong>et</strong></span> <span class='ocrx_word' id='word_1_477' title='bbox 1331 3363 1487 3432; x_wconf 83' lang='lat' dir='ltr'><strong>Nephtuts&#39;m</strong></span> <span class='ocrx_word' id='word_1_478' title='bbox 1510 3363 1630 3431; x_wconf 60' lang='lat' dir='ltr'><strong>(idatii,</strong></span> <span class='ocrx_word' id='word_1_479' title='bbox 1658 3379 1694 3430; x_wconf 83' lang='lat' dir='ltr'><strong>vr,</strong></span> <span class='ocrx_word' id='word_1_480' title='bbox 1722 3364 1777 3431; x_wconf 75' lang='grc'><strong>13),</strong></span> 
     </span>
     <span class='ocr_line' id='line_1_51' title="bbox 93 3452 1780 3525; baseline 0.001 -16"><span class='ocrx_word' id='word_1_481' title='bbox 93 3454 174 3521; x_wconf 68' lang='lat' dir='ltr'><strong>insta</strong></span> <span class='ocrx_word' id='word_1_482' title='bbox 195 3453 292 3516; x_wconf 81' lang='lat' dir='ltr'><strong>Srvlim,</strong></span> <span class='ocrx_word' id='word_1_483' title='bbox 307 3454 355 3508; x_wconf 87' lang='lat' dir='ltr'><strong>uhi</strong></span> <span class='ocrx_word' id='word_1_484' title='bbox 371 3454 464 3508; x_wconf 77' lang='lat' dir='ltr'><strong>inulta</strong></span> <span class='ocrx_word' id='word_1_485' title='bbox 479 3470 557 3524; x_wconf 80' lang='lat' dir='ltr'><strong>aquae</strong></span> <span class='ocrx_word' id='word_1_486' title='bbox 570 3460 664 3520; x_wconf 61' lang='lat' dir='ltr'><strong>erasm</strong></span> <span class='ocrx_word' id='word_1_487' title='bbox 679 3457 709 3508; x_wconf 88' lang='lat' dir='ltr'><strong>ct</strong></span> <span class='ocrx_word' id='word_1_488' title='bbox 725 3470 913 3525; x_wconf 89' lang='lat' dir='ltr'><strong>conquaeren-</strong></span> <span class='ocrx_word' id='word_1_489' title='bbox 963 3452 1014 3508; x_wconf 93' lang='lat' dir='ltr'><strong>ubi</strong></span> <span class='ocrx_word' id='word_1_490' title='bbox 1039 3455 1132 3524; x_wconf 89' lang='lat' dir='ltr'><strong>prima</strong></span> <span class='ocrx_word' id='word_1_491' title='bbox 1159 3455 1305 3525; x_wconf 89' lang='lat' dir='ltr'><strong>eaptivitas</strong></span> <span class='ocrx_word' id='word_1_492' title='bbox 1322 3456 1505 3511; x_wconf 74' lang='lat' dir='ltr'><strong>Hebraeorum</strong></span> <span class='ocrx_word' id='word_1_493' title='bbox 1521 3456 1594 3510; x_wconf 87' lang='lat' dir='ltr'><strong>lacta</strong></span> <span class='ocrx_word' id='word_1_494' title='bbox 1614 3455 1668 3511; x_wconf 83' lang='lat' dir='ltr'><strong>luit</strong></span> <span class='ocrx_word' id='word_1_495' title='bbox 1684 3456 1720 3511; x_wconf 89' lang='lat' dir='ltr'><strong>ab</strong></span> <span class='ocrx_word' id='word_1_496' title='bbox 1732 3459 1780 3511; x_wconf 80' lang='lat' dir='ltr'><strong>hs·</strong></span> 
     </span>
     <span class='ocr_line' id='line_1_52' title="bbox 100 3545 1827 3620; baseline 0.004 -22"><span class='ocrx_word' id='word_1_497' title='bbox 100 3546 174 3600; x_wconf 90' lang='lat' dir='ltr'><strong>tibus</strong></span> <span class='ocrx_word' id='word_1_498' title='bbox 202 3545 346 3618; x_wconf 89' lang='lat' dir='ltr'><strong>discipulis</strong></span> <span class='ocrx_word' id='word_1_499' title='bbox 371 3546 434 3616; x_wconf 77' lang='lat' dir='ltr'><strong>eJus</strong></span> <span class='ocrx_word' id='word_1_500' title='bbox 459 3549 488 3600; x_wconf 85' lang='lat' dir='ltr'><strong>et</strong></span> <span class='ocrx_word' id='word_1_501' title='bbox 507 3546 622 3614; x_wconf 74' lang='lat' dir='ltr'><strong>ludaeis,</strong></span> <span class='ocrx_word' id='word_1_502' title='bbox 643 3547 679 3602; x_wconf 89' lang='lat' dir='ltr'><strong>de</strong></span> <span class='ocrx_word' id='word_1_503' title='bbox 697 3547 808 3604; x_wconf 88' lang='lat' dir='ltr'><strong>Christo</strong></span> <span class='ocrx_word' id='word_1_504' title='bbox 829 3563 914 3601; x_wconf 83' lang='lat' dir='ltr'><strong>verax</strong></span> <span class='ocrx_word' id='word_1_505' title='bbox 964 3546 1055 3617; x_wconf 90' lang='lat' dir='ltr'><strong>syriis.</strong></span> <span class='ocrx_word' id='word_1_506' title='bbox 1087 3548 1201 3610; x_wconf 74' lang='lat' dir='ltr'><strong>Eaivede</strong></span> <span class='ocrx_word' id='word_1_507' title='bbox 1225 3547 1314 3602; x_wconf 90' lang='lat' dir='ltr'><strong>idest</strong></span> <span class='ocrx_word' id='word_1_508' title='bbox 1336 3548 1437 3603; x_wconf 89' lang='lat' dir='ltr'><strong>tradito</strong></span> <span class='ocrx_word' id='word_1_509' title='bbox 1457 3551 1577 3617; x_wconf 81' lang='lat' dir='ltr'><strong>luanus,</strong></span> <span class='ocrx_word' id='word_1_510' title='bbox 1602 3551 1681 3620; x_wconf 81' lang='lat' dir='ltr'><strong>capit</strong></span> <span class='ocrx_word' id='word_1_511' title='bbox 1704 3552 1779 3605; x_wconf 80' lang='lat' dir='ltr'><strong>lesus</strong></span> <span class='ocrx_word' id='word_1_512' title='bbox 1823 3606 1827 3613; x_wconf 75' lang='grc'>,</span> 
     </span>
     <span class='ocr_line' id='line_1_53' title="bbox 100 3639 1780 3716; baseline 0.002 -22"><span class='ocrx_word' id='word_1_513' title='bbox 100 3639 244 3710; x_wconf 92' lang='lat' dir='ltr'><strong>perhibuit</strong></span> <span class='ocrx_word' id='word_1_514' title='bbox 270 3639 466 3695; x_wconf 88' lang='lat' dir='ltr'><strong>testimonium</strong></span> <span class='ocrx_word' id='word_1_515' title='bbox 499 3641 589 3709; x_wconf 75' lang='lat' dir='ltr'><strong>(ibid,</strong></span> <span class='ocrx_word' id='word_1_516' title='bbox 611 3657 655 3704; x_wconf 89' lang='grc' dir='ltr'>ιιι,</span> <span class='ocrx_word' id='word_1_517' title='bbox 683 3641 782 3708; x_wconf 66' lang='grc' dir='ltr'>ἳὲ-ἳὸ).</span> <span class='ocrx_word' id='word_1_518' title='bbox 810 3640 914 3695; x_wconf 85' lang='lat' dir='ltr'><strong>llciude</strong></span> <span class='ocrx_word' id='word_1_519' title='bbox 960 3641 1112 3711; x_wconf 75' lang='lat' dir='ltr'><strong>predicere</strong></span> <span class='ocrx_word' id='word_1_520' title='bbox 1134 3641 1296 3710; x_wconf 76' lang='lat' dir='ltr'><strong>tioid.,17t,</strong></span> <span class='ocrx_word' id='word_1_521' title='bbox 1316 3641 1382 3713; x_wconf 86' lang='lat' dir='ltr'><strong>quia</strong></span> <span class='ocrx_word' id='word_1_522' title='bbox 1403 3645 1537 3698; x_wconf 88' lang='lat' dir='ltr'><strong>evacuata</strong></span> <span class='ocrx_word' id='word_1_523' title='bbox 1562 3659 1629 3697; x_wconf 85' lang='lat' dir='ltr'><strong>vore</strong></span> <span class='ocrx_word' id='word_1_524' title='bbox 1650 3644 1780 3716; x_wconf 90' lang='lat' dir='ltr'><strong>sequitur</strong></span> 
     </span>
     <span class='ocr_line' id='line_1_54' title="bbox 98 3733 1781 3809; baseline 0.002 -23"><span class='ocrx_word' id='word_1_525' title='bbox 98 3734 179 3786; x_wconf 85' lang='lat' dir='ltr'><strong>lesus</strong></span> <span class='ocrx_word' id='word_1_526' title='bbox 191 3734 302 3803; x_wconf 85' lang='lat' dir='ltr'><strong>reliquit</strong></span> <span class='ocrx_word' id='word_1_527' title='bbox 321 3733 444 3789; x_wconf 83' lang='lat' dir='ltr'><strong>Judaenm</strong></span> <span class='ocrx_word' id='word_1_528' title='bbox 463 3738 490 3788; x_wconf 87' lang='lat' dir='ltr'><strong>et</strong></span> <span class='ocrx_word' id='word_1_529' title='bbox 504 3734 573 3788; x_wconf 87' lang='lat' dir='ltr'><strong>abiit</strong></span> <span class='ocrx_word' id='word_1_530' title='bbox 593 3735 690 3788; x_wconf 88' lang='lat' dir='ltr'><strong>iterum</strong></span> <span class='ocrx_word' id='word_1_531' title='bbox 709 3735 739 3787; x_wconf 89' lang='lat' dir='ltr'><strong>in</strong></span> <span class='ocrx_word' id='word_1_532' title='bbox 763 3734 913 3803; x_wconf 71' lang='lat' dir='ltr'><strong>(inclitarum,</strong></span> <span class='ocrx_word' id='word_1_533' title='bbox 964 3733 1095 3800; x_wconf 89' lang='lat' dir='ltr'><strong>verbum,</strong></span> <span class='ocrx_word' id='word_1_534' title='bbox 1109 3739 1137 3788; x_wconf 91' lang='lat' dir='ltr'><strong>et</strong></span> <span class='ocrx_word' id='word_1_535' title='bbox 1150 3733 1298 3789; x_wconf 88' lang='lat' dir='ltr'><strong>desinente</strong></span> <span class='ocrx_word' id='word_1_536' title='bbox 1314 3735 1375 3807; x_wconf 89' lang='lat' dir='ltr'><strong>lege</strong></span> <span class='ocrx_word' id='word_1_537' title='bbox 1397 3736 1525 3807; x_wconf 89' lang='lat' dir='ltr'><strong>sequitur</strong></span> <span class='ocrx_word' id='word_1_538' title='bbox 1538 3736 1734 3809; x_wconf 84' lang='lat' dir='ltr'><strong>Evangelium,</strong></span> <span class='ocrx_word' id='word_1_539' title='bbox 1749 3741 1781 3791; x_wconf 92' lang='lat' dir='ltr'><strong>ut</strong></span> 
     </span>
     <span class='ocr_line' id='line_1_55' title="bbox 100 3825 1777 3901; baseline 0.004 -22"><span class='ocrx_word' id='word_1_540' title='bbox 100 3825 289 3897; x_wconf 88' lang='lat' dir='ltr'><strong>transivitque</strong></span> <span class='ocrx_word' id='word_1_541' title='bbox 317 3842 368 3896; x_wconf 87' lang='lat' dir='ltr'><strong>per</strong></span> <span class='ocrx_word' id='word_1_542' title='bbox 394 3828 559 3883; x_wconf 83' lang='lat' dir='ltr'><strong>Samariam.</strong></span> <span class='ocrx_word' id='word_1_543' title='bbox 589 3829 621 3882; x_wconf 88' lang='lat' dir='ltr'><strong>lu</strong></span> <span class='ocrx_word' id='word_1_544' title='bbox 650 3825 761 3882; x_wconf 88' lang='lat' dir='ltr'><strong>civitate</strong></span> <span class='ocrx_word' id='word_1_545' title='bbox 783 3826 915 3883; x_wconf 77' lang='lat' dir='ltr'><strong>Samiariae</strong></span> <span class='ocrx_word' id='word_1_546' title='bbox 963 3826 1005 3881; x_wconf 90' lang='lat' dir='ltr'><strong>sol</strong></span> <span class='ocrx_word' id='word_1_547' title='bbox 1031 3843 1175 3883; x_wconf 87' lang='lat' dir='ltr'><strong>auroram.</strong></span> <span class='ocrx_word' id='word_1_548' title='bbox 1197 3831 1401 3891; x_wconf 76' lang='lat' dir='ltr'><strong>Paenitentiam,</strong></span> <span class='ocrx_word' id='word_1_549' title='bbox 1425 3828 1528 3901; x_wconf 91' lang='lat' dir='ltr'><strong>iuquit,</strong></span> <span class='ocrx_word' id='word_1_550' title='bbox 1557 3832 1648 3899; x_wconf 66' lang='lat' dir='ltr'><strong>opiter</strong></span> <span class='ocrx_word' id='word_1_551' title='bbox 1678 3846 1777 3900; x_wconf 86' lang='lat' dir='ltr'><strong>appre-</strong></span> 
     </span>
     <span class='ocr_line' id='line_1_56' title="bbox 99 3919 1566 3992; baseline 0.002 -19"><span class='ocrx_word' id='word_1_552' title='bbox 99 3935 160 3989; x_wconf 79' lang='lat' dir='ltr'><strong>quae</strong></span> <span class='ocrx_word' id='word_1_553' title='bbox 178 3919 280 3974; x_wconf 83' lang='lat' dir='ltr'><strong>dieitur</strong></span> <span class='ocrx_word' id='word_1_554' title='bbox 299 3920 407 3982; x_wconf 85' lang='lat' dir='ltr'><strong>Siehur,</strong></span> <span class='ocrx_word' id='word_1_555' title='bbox 422 3919 506 3987; x_wconf 77' lang='lat' dir='ltr'><strong>jurata</strong></span> <span class='ocrx_word' id='word_1_556' title='bbox 524 3920 659 3989; x_wconf 78' lang='lat' dir='ltr'><strong>praedium</strong></span> <span class='ocrx_word' id='word_1_557' title='bbox 680 3920 751 3990; x_wconf 85' lang='lat' dir='ltr'><strong>quad</strong></span> <span class='ocrx_word' id='word_1_558' title='bbox 769 3920 844 3974; x_wconf 88' lang='lat' dir='ltr'><strong>dedit</strong></span> <span class='ocrx_word' id='word_1_559' title='bbox 864 3922 911 3974; x_wconf 84' lang='lat' dir='ltr'><strong>Ja-</strong></span> <span class='ocrx_word' id='word_1_560' title='bbox 960 3921 1106 3989; x_wconf 84' lang='lat' dir='ltr'><strong>pinquaeit</strong></span> <span class='ocrx_word' id='word_1_561' title='bbox 1119 3922 1189 3974; x_wconf 89' lang='lat' dir='ltr'><strong>enim</strong></span> <span class='ocrx_word' id='word_1_562' title='bbox 1201 3936 1315 3991; x_wconf 82' lang='lat' dir='ltr'><strong>regnum</strong></span> <span class='ocrx_word' id='word_1_563' title='bbox 1328 3923 1454 3976; x_wconf 78' lang='lat' dir='ltr'><strong>calorum</strong></span> <span class='ocrx_word' id='word_1_564' title='bbox 1466 3922 1566 3992; x_wconf 72' lang='lat' dir='ltr'><strong>(iamt.</strong></span> 
     </span>
     <span class='ocr_line' id='line_1_57' title="bbox 97 4013 1779 4083; baseline 0.004 -17"><span class='ocrx_word' id='word_1_565' title='bbox 97 4013 143 4066; x_wconf 85' lang='lat' dir='ltr'><strong>coh</strong></span> <span class='ocrx_word' id='word_1_566' title='bbox 157 4013 253 4082; x_wconf 84' lang='lat' dir='ltr'><strong>Jaseph</strong></span> <span class='ocrx_word' id='word_1_567' title='bbox 266 4013 322 4080; x_wconf 75' lang='lat' dir='ltr'><strong>filio</strong></span> <span class='ocrx_word' id='word_1_568' title='bbox 341 4028 399 4074; x_wconf 88' lang='lat' dir='ltr'><strong>sua,</strong></span> <span class='ocrx_word' id='word_1_569' title='bbox 417 4018 477 4067; x_wconf 88' lang='lat' dir='ltr'><strong>erut</strong></span> <span class='ocrx_word' id='word_1_570' title='bbox 494 4014 558 4079; x_wconf 72' lang='lat' dir='ltr'><strong>sous</strong></span> <span class='ocrx_word' id='word_1_571' title='bbox 575 4014 667 4067; x_wconf 82' lang='lat' dir='ltr'><strong>Jacob.</strong></span> <span class='ocrx_word' id='word_1_572' title='bbox 687 4015 761 4068; x_wconf 76' lang='lat' dir='ltr'><strong>lesus</strong></span> <span class='ocrx_word' id='word_1_573' title='bbox 780 4028 842 4083; x_wconf 79' lang='lat' dir='ltr'><strong>erga</strong></span> <span class='ocrx_word' id='word_1_574' title='bbox 864 4014 911 4079; x_wconf 74' lang='lat' dir='ltr'><strong>sa·</strong></span> <span class='ocrx_word' id='word_1_575' title='bbox 999 4013 1151 4068; x_wconf 85' lang='lat' dir='ltr'><strong>Ambuians</strong></span> <span class='ocrx_word' id='word_1_576' title='bbox 1158 4016 1232 4068; x_wconf 77' lang='lat' dir='ltr'><strong>Jesru</strong></span> <span class='ocrx_word' id='word_1_577' title='bbox 1234 4013 1400 4082; x_wconf 73' lang='lat' dir='ltr'><strong>juxtamare</strong></span> <span class='ocrx_word' id='word_1_578' title='bbox 1407 4017 1526 4072; x_wconf 79' lang='lat' dir='ltr'><strong>Guiilaea</strong></span> <span class='ocrx_word' id='word_1_579' title='bbox 1533 4017 1779 4074; x_wconf 86' lang='lat' dir='ltr'><strong>incenitSimonem</strong></span> 
     </span>
     <span class='ocr_line' id='line_1_58' title="bbox 101 4105 1776 4181; baseline 0.005 -21"><span class='ocrx_word' id='word_1_580' title='bbox 101 4107 205 4173; x_wconf 77' lang='lat' dir='ltr'><strong>tipatus</strong></span> <span class='ocrx_word' id='word_1_581' title='bbox 221 4120 255 4159; x_wconf 85' lang='lat' dir='ltr'><strong>ee</strong></span> <span class='ocrx_word' id='word_1_582' title='bbox 272 4107 367 4159; x_wconf 87' lang='lat' dir='ltr'><strong>itinere</strong></span> <span class='ocrx_word' id='word_1_583' title='bbox 385 4105 458 4159; x_wconf 90' lang='lat' dir='ltr'><strong>sedit</strong></span> <span class='ocrx_word' id='word_1_584' title='bbox 476 4121 563 4175; x_wconf 90' lang='lat' dir='ltr'><strong>super</strong></span> <span class='ocrx_word' id='word_1_585' title='bbox 575 4108 678 4173; x_wconf 75' lang='lat' dir='ltr'><strong>fantem</strong></span> <span class='ocrx_word' id='word_1_586' title='bbox 697 4107 764 4161; x_wconf 83' lang='lat' dir='ltr'><strong>hora</strong></span> <span class='ocrx_word' id='word_1_587' title='bbox 780 4114 868 4168; x_wconf 75' lang='lat' dir='ltr'><strong>scater,</strong></span> <span class='ocrx_word' id='word_1_588' title='bbox 885 4112 913 4162; x_wconf 89' lang='lat' dir='ltr'><strong>et</strong></span> <span class='ocrx_word' id='word_1_589' title='bbox 963 4106 1088 4173; x_wconf 84' lang='lat' dir='ltr'><strong>Pctmuu,</strong></span> <span class='ocrx_word' id='word_1_590' title='bbox 1109 4112 1135 4161; x_wconf 90' lang='lat' dir='ltr'><strong>et</strong></span> <span class='ocrx_word' id='word_1_591' title='bbox 1150 4107 1288 4162; x_wconf 83' lang='lat' dir='ltr'><strong>Andream</strong></span> <span class='ocrx_word' id='word_1_592' title='bbox 1300 4109 1417 4174; x_wconf 71' lang='lat' dir='ltr'><strong>fratrem</strong></span> <span class='ocrx_word' id='word_1_593' title='bbox 1431 4110 1504 4178; x_wconf 83' lang='lat' dir='ltr'><strong>ejus,</strong></span> <span class='ocrx_word' id='word_1_594' title='bbox 1519 4117 1544 4165; x_wconf 85' lang='lat' dir='ltr'><strong>et</strong></span> <span class='ocrx_word' id='word_1_595' title='bbox 1558 4111 1629 4181; x_wconf 75' lang='lat' dir='ltr'><strong>{ilios</strong></span> <span class='ocrx_word' id='word_1_596' title='bbox 1647 4113 1776 4169; x_wconf 78' lang='lat' dir='ltr'><strong>Zebedaei.</strong></span> 
     </span>
     <span class='ocr_line' id='line_1_59' title="bbox 101 4196 1776 4271; baseline 0.005 -20"><span class='ocrx_word' id='word_1_597' title='bbox 101 4196 220 4271; x_wconf 81' lang='lat' dir='ltr'><strong>mystica</strong></span> <span class='ocrx_word' id='word_1_598' title='bbox 230 4197 316 4253; x_wconf 89' lang='lat' dir='ltr'><strong>verba</strong></span> <span class='ocrx_word' id='word_1_599' title='bbox 330 4197 439 4253; x_wconf 91' lang='lat' dir='ltr'><strong>locutus</strong></span> <span class='ocrx_word' id='word_1_600' title='bbox 455 4202 498 4253; x_wconf 91' lang='lat' dir='ltr'><strong>est</strong></span> <span class='ocrx_word' id='word_1_601' title='bbox 510 4214 575 4253; x_wconf 92' lang='lat' dir='ltr'><strong>cum</strong></span> <span class='ocrx_word' id='word_1_602' title='bbox 589 4198 710 4255; x_wconf 87' lang='lat' dir='ltr'><strong>muliere</strong></span> <span class='ocrx_word' id='word_1_603' title='bbox 724 4199 909 4255; x_wconf 87' lang='lat' dir='ltr'><strong>Samaritana.</strong></span> <span class='ocrx_word' id='word_1_604' title='bbox 961 4201 1088 4254; x_wconf 80' lang='lat' dir='ltr'><strong>Jrrcabum</strong></span> <span class='ocrx_word' id='word_1_605' title='bbox 1102 4206 1127 4255; x_wconf 87' lang='lat' dir='ltr'><strong>ct</strong></span> <span class='ocrx_word' id='word_1_606' title='bbox 1147 4203 1288 4263; x_wconf 72' lang='lat' dir='ltr'><strong>tunionem,</strong></span> <span class='ocrx_word' id='word_1_607' title='bbox 1304 4206 1330 4256; x_wconf 88' lang='lat' dir='ltr'><strong>et</strong></span> <span class='ocrx_word' id='word_1_608' title='bbox 1345 4205 1451 4257; x_wconf 81' lang='lat' dir='ltr'><strong>uocauit</strong></span> <span class='ocrx_word' id='word_1_609' title='bbox 1465 4218 1517 4258; x_wconf 90' lang='lat' dir='ltr'><strong>eos.</strong></span> <span class='ocrx_word' id='word_1_610' title='bbox 1530 4204 1568 4258; x_wconf 81' lang='lat' dir='ltr'><strong>At</strong></span> <span class='ocrx_word' id='word_1_611' title='bbox 1584 4205 1628 4259; x_wconf 86' lang='lat' dir='ltr'><strong>ilii</strong></span> <span class='ocrx_word' id='word_1_612' title='bbox 1639 4207 1776 4267; x_wconf 82' lang='lat' dir='ltr'><strong>continua,</strong></span> 
     </span>
     <span class='ocr_line' id='line_1_60' title="bbox 98 4290 1776 4367; baseline 0.003 -20"><span class='ocrx_word' id='word_1_613' title='bbox 98 4290 270 4347; x_wconf 90' lang='lat' dir='ltr'><strong>Samaritani</strong></span> <span class='ocrx_word' id='word_1_614' title='bbox 295 4307 359 4346; x_wconf 82' lang='lat' dir='ltr'><strong>etim</strong></span> <span class='ocrx_word' id='word_1_615' title='bbox 384 4291 487 4362; x_wconf 86' lang='lat' dir='ltr'><strong>gaudio</strong></span> <span class='ocrx_word' id='word_1_616' title='bbox 511 4292 687 4348; x_wconf 87' lang='lat' dir='ltr'><strong>Salvaterem</strong></span> <span class='ocrx_word' id='word_1_617' title='bbox 714 4299 910 4364; x_wconf 88' lang='lat' dir='ltr'><strong>susceperuut,</strong></span> <span class='ocrx_word' id='word_1_618' title='bbox 962 4292 1064 4347; x_wconf 83' lang='lat' dir='ltr'><strong>relictis</strong></span> <span class='ocrx_word' id='word_1_619' title='bbox 1081 4293 1192 4357; x_wconf 82' lang='lat' dir='ltr'><strong>retibus,</strong></span> <span class='ocrx_word' id='word_1_620' title='bbox 1206 4296 1368 4349; x_wconf 77' lang='lat' dir='ltr'><strong>sanctisunt</strong></span> <span class='ocrx_word' id='word_1_621' title='bbox 1386 4311 1447 4350; x_wconf 76' lang='lat' dir='ltr'><strong>etim</strong></span> <span class='ocrx_word' id='word_1_622' title='bbox 1468 4297 1555 4366; x_wconf 70' lang='lat' dir='ltr'><strong>libid„</strong></span> <span class='ocrx_word' id='word_1_623' title='bbox 1578 4298 1776 4367; x_wconf 68' lang='lat' dir='ltr'><strong>lit-223hlarc„</strong></span> 
     </span>
     <span class='ocr_line' id='line_1_61' title="bbox 96 4383 1776 4461; baseline 0.006 -23"><span class='ocrx_word' id='word_1_624' title='bbox 96 4390 126 4438; x_wconf 87' lang='lat' dir='ltr'><strong>et</strong></span> <span class='ocrx_word' id='word_1_625' title='bbox 145 4384 255 4439; x_wconf 91' lang='lat' dir='ltr'><strong>duobus</strong></span> <span class='ocrx_word' id='word_1_626' title='bbox 274 4400 369 4439; x_wconf 87' lang='lat' dir='ltr'><strong>seeum</strong></span> <span class='ocrx_word' id='word_1_627' title='bbox 391 4401 474 4455; x_wconf 89' lang='lat' dir='ltr'><strong>prece</strong></span> <span class='ocrx_word' id='word_1_628' title='bbox 497 4385 589 4440; x_wconf 90' lang='lat' dir='ltr'><strong>multa</strong></span> <span class='ocrx_word' id='word_1_629' title='bbox 608 4384 708 4439; x_wconf 87' lang='lat' dir='ltr'><strong>dicbus</strong></span> <span class='ocrx_word' id='word_1_630' title='bbox 721 4383 950 4455; x_wconf 85' lang='lat' dir='ltr'><strong>detinueruntD</strong></span> <span class='ocrx_word' id='word_1_631' title='bbox 962 4402 981 4452; x_wconf 92' lang='lat' dir='ltr'><strong>t,</strong></span> <span class='ocrx_word' id='word_1_632' title='bbox 994 4388 1083 4452; x_wconf 74' lang='lat' dir='ltr'><strong>tte-203</strong></span> <span class='ocrx_word' id='word_1_633' title='bbox 1094 4388 1170 4448; x_wconf 80' lang='lat' dir='ltr'><strong>bna,</strong></span> <span class='ocrx_word' id='word_1_634' title='bbox 1184 4403 1208 4454; x_wconf 89' lang='lat' dir='ltr'><strong>r,</strong></span> <span class='ocrx_word' id='word_1_635' title='bbox 1224 4390 1266 4441; x_wconf 70' lang='lat' dir='ltr'><strong>ul</strong></span> <span class='ocrx_word' id='word_1_636' title='bbox 1275 4391 1283 4441; x_wconf 92' lang='lat' dir='ltr'><strong>l</strong></span> <span class='ocrx_word' id='word_1_637' title='bbox 1292 4388 1311 4455; x_wconf 89' lang='lat'><strong>),</strong></span> <span class='ocrx_word' id='word_1_638' title='bbox 1323 4387 1419 4443; x_wconf 91' lang='lat' dir='ltr'><strong>Simon</strong></span> <span class='ocrx_word' id='word_1_639' title='bbox 1431 4390 1776 4461; x_wconf 85' lang='lat' dir='ltr'><strong>iuterpretaturohediens.</strong></span> 
     </span>
     <span class='ocr_line' id='line_1_62' title="bbox 96 4477 1778 4550; baseline 0.005 -20"><span class='ocrx_word' id='word_1_640' title='bbox 96 4477 247 4548; x_wconf 84' lang='lat' dir='ltr'><strong>devotique</strong></span> <span class='ocrx_word' id='word_1_641' title='bbox 258 4480 351 4548; x_wconf 86' lang='lat' dir='ltr'><strong>plures</strong></span> <span class='ocrx_word' id='word_1_642' title='bbox 363 4480 393 4532; x_wconf 89' lang='lat' dir='ltr'><strong>in</strong></span> <span class='ocrx_word' id='word_1_643' title='bbox 406 4493 465 4533; x_wconf 90' lang='lat' dir='ltr'><strong>eum</strong></span> <span class='ocrx_word' id='word_1_644' title='bbox 477 4478 761 4547; x_wconf 67' lang='lat' dir='ltr'><strong>crediderunttionn„</strong></span> <span class='ocrx_word' id='word_1_645' title='bbox 776 4495 812 4548; x_wconf 87' lang='lat' dir='ltr'><strong>tr,</strong></span> <span class='ocrx_word' id='word_1_646' title='bbox 825 4479 907 4550; x_wconf 62' lang='lat'><strong>542).</strong></span> <span class='ocrx_word' id='word_1_647' title='bbox 960 4481 1060 4534; x_wconf 89' lang='lat' dir='ltr'><strong>Petrus</strong></span> <span class='ocrx_word' id='word_1_648' title='bbox 1073 4496 1230 4550; x_wconf 78' lang='lat' dir='ltr'><strong>agnoscens,</strong></span> <span class='ocrx_word' id='word_1_649' title='bbox 1248 4480 1378 4536; x_wconf 83' lang='lat' dir='ltr'><strong>hudreas</strong></span> <span class='ocrx_word' id='word_1_650' title='bbox 1391 4485 1472 4550; x_wconf 72' lang='lat' dir='ltr'><strong>sartis</strong></span> <span class='ocrx_word' id='word_1_651' title='bbox 1484 4484 1527 4537; x_wconf 87' lang='lat' dir='ltr'><strong>vel</strong></span> <span class='ocrx_word' id='word_1_652' title='bbox 1546 4485 1644 4549; x_wconf 81' lang='lat' dir='ltr'><strong>uirilis,</strong></span> <span class='ocrx_word' id='word_1_653' title='bbox 1660 4485 1778 4540; x_wconf 85' lang='lat' dir='ltr'><strong>lacobus</strong></span> 
     </span>
     <span class='ocr_line' id='line_1_63' title="bbox 96 4570 1778 4648; baseline 0.004 -23"><span class='ocrx_word' id='word_1_654' title='bbox 96 4570 164 4626; x_wconf 87' lang='lat' dir='ltr'><strong>lude</strong></span> <span class='ocrx_word' id='word_1_655' title='bbox 181 4574 257 4627; x_wconf 82' lang='lat' dir='ltr'><strong>lesus</strong></span> <span class='ocrx_word' id='word_1_656' title='bbox 277 4573 306 4626; x_wconf 88' lang='lat' dir='ltr'><strong>in</strong></span> <span class='ocrx_word' id='word_1_657' title='bbox 327 4570 469 4627; x_wconf 79' lang='lat' dir='ltr'><strong>Gaiitaenm</strong></span> <span class='ocrx_word' id='word_1_658' title='bbox 483 4574 625 4627; x_wconf 85' lang='lat' dir='ltr'><strong>invirtute</strong></span> <span class='ocrx_word' id='word_1_659' title='bbox 648 4571 767 4642; x_wconf 85' lang='lat' dir='ltr'><strong>Spiritus</strong></span> <span class='ocrx_word' id='word_1_660' title='bbox 787 4572 866 4642; x_wconf 88' lang='lat' dir='ltr'><strong>abiit,</strong></span> <span class='ocrx_word' id='word_1_661' title='bbox 886 4578 911 4628; x_wconf 92' lang='lat' dir='ltr'><strong>et</strong></span> <span class='ocrx_word' id='word_1_662' title='bbox 960 4574 1161 4644; x_wconf 84' lang='lat' dir='ltr'><strong>supplantator,</strong></span> <span class='ocrx_word' id='word_1_663' title='bbox 1195 4576 1315 4629; x_wconf 83' lang='lat' dir='ltr'><strong>ioannes</strong></span> <span class='ocrx_word' id='word_1_664' title='bbox 1338 4578 1385 4632; x_wconf 85' lang='lat' dir='ltr'><strong>Dei</strong></span> <span class='ocrx_word' id='word_1_665' title='bbox 1405 4580 1506 4644; x_wconf 74' lang='lat' dir='ltr'><strong>pratia.</strong></span> <span class='ocrx_word' id='word_1_666' title='bbox 1531 4578 1778 4648; x_wconf 83' lang='lat' dir='ltr'><strong>interpretationes</strong></span> 
     </span>
     <span class='ocr_line' id='line_1_64' title="bbox 93 4665 1776 4742; baseline 0.005 -24"><span class='ocrx_word' id='word_1_667' title='bbox 93 4668 171 4730; x_wconf 74' lang='lat' dir='ltr'><strong>samir</strong></span> <span class='ocrx_word' id='word_1_668' title='bbox 186 4665 219 4719; x_wconf 89' lang='lat' dir='ltr'><strong>de</strong></span> <span class='ocrx_word' id='word_1_669' title='bbox 242 4665 290 4720; x_wconf 81' lang='lat' dir='ltr'><strong>iilo</strong></span> <span class='ocrx_word' id='word_1_670' title='bbox 312 4681 362 4736; x_wconf 83' lang='lat' dir='ltr'><strong>per</strong></span> <span class='ocrx_word' id='word_1_671' title='bbox 382 4668 538 4721; x_wconf 86' lang='lat' dir='ltr'><strong>uniuersum</strong></span> <span class='ocrx_word' id='word_1_672' title='bbox 556 4667 693 4734; x_wconf 80' lang='lat' dir='ltr'><strong>regionem</strong></span> <span class='ocrx_word' id='word_1_673' title='bbox 707 4668 783 4721; x_wconf 82' lang='lat' dir='ltr'><strong>emit.</strong></span> <span class='ocrx_word' id='word_1_674' title='bbox 808 4669 911 4737; x_wconf 83' lang='lat' dir='ltr'><strong>ipsein</strong></span> <span class='ocrx_word' id='word_1_675' title='bbox 961 4665 1022 4720; x_wconf 83' lang='lat' dir='ltr'><strong>istra</strong></span> <span class='ocrx_word' id='word_1_676' title='bbox 1041 4668 1143 4722; x_wconf 90' lang='lat' dir='ltr'><strong>sanctis</strong></span> <span class='ocrx_word' id='word_1_677' title='bbox 1165 4668 1397 4740; x_wconf 75' lang='lat' dir='ltr'><strong>predicatoribus</strong></span> <span class='ocrx_word' id='word_1_678' title='bbox 1420 4674 1485 4741; x_wconf 87' lang='lat' dir='ltr'><strong>apte</strong></span> <span class='ocrx_word' id='word_1_679' title='bbox 1507 4674 1678 4742; x_wconf 91' lang='lat' dir='ltr'><strong>congruunt.</strong></span> <span class='ocrx_word' id='word_1_680' title='bbox 1710 4673 1776 4726; x_wconf 80' lang='lat' dir='ltr'><strong>llum</strong></span> 
     </span>
     <span class='ocr_line' id='line_1_65' title="bbox 95 4759 1777 4836; baseline 0.004 -24"><span class='ocrx_word' id='word_1_681' title='bbox 95 4760 240 4826; x_wconf 77' lang='lat' dir='ltr'><strong>spvtapopis</strong></span> <span class='ocrx_word' id='word_1_682' title='bbox 251 4774 342 4814; x_wconf 84' lang='lat' dir='ltr'><strong>eorum</strong></span> <span class='ocrx_word' id='word_1_683' title='bbox 360 4759 471 4815; x_wconf 88' lang='lat' dir='ltr'><strong>docebat</strong></span> <span class='ocrx_word' id='word_1_684' title='bbox 485 4763 510 4815; x_wconf 90' lang='lat' dir='ltr'><strong>et</strong></span> <span class='ocrx_word' id='word_1_685' title='bbox 529 4760 757 4828; x_wconf 75' lang='lat' dir='ltr'><strong>magnificabatur</strong></span> <span class='ocrx_word' id='word_1_686' title='bbox 769 4761 804 4815; x_wconf 88' lang='lat' dir='ltr'><strong>ab</strong></span> <span class='ocrx_word' id='word_1_687' title='bbox 824 4764 909 4816; x_wconf 87' lang='lat' dir='ltr'><strong>omni-</strong></span> <span class='ocrx_word' id='word_1_688' title='bbox 961 4759 1021 4816; x_wconf 89' lang='lat' dir='ltr'><strong>sine</strong></span> <span class='ocrx_word' id='word_1_689' title='bbox 1034 4760 1194 4816; x_wconf 85' lang='lat' dir='ltr'><strong>obedientia</strong></span> <span class='ocrx_word' id='word_1_690' title='bbox 1215 4761 1308 4817; x_wconf 92' lang='lat' dir='ltr'><strong>nullus</strong></span> <span class='ocrx_word' id='word_1_691' title='bbox 1326 4762 1361 4817; x_wconf 90' lang='lat' dir='ltr'><strong>ad</strong></span> <span class='ocrx_word' id='word_1_692' title='bbox 1386 4763 1538 4819; x_wconf 85' lang='lat' dir='ltr'><strong>Dominum</strong></span> <span class='ocrx_word' id='word_1_693' title='bbox 1558 4764 1654 4832; x_wconf 88' lang='lat' dir='ltr'><strong>intrat,</strong></span> <span class='ocrx_word' id='word_1_694' title='bbox 1669 4766 1777 4836; x_wconf 89' lang='lat' dir='ltr'><strong>absque</strong></span> 
     </span>
     <span class='ocr_line' id='line_1_66' title="bbox 95 4851 1775 4930; baseline 0.004 -25"><span class='ocrx_word' id='word_1_695' title='bbox 95 4852 153 4906; x_wconf 79' lang='lat' dir='ltr'><strong>lires.</strong></span> <span class='ocrx_word' id='word_1_696' title='bbox 179 4852 319 4908; x_wconf 81' lang='lat' dir='ltr'><strong>Nazareth</strong></span> <span class='ocrx_word' id='word_1_697' title='bbox 344 4851 470 4907; x_wconf 85' lang='lat' dir='ltr'><strong>Sabbata</strong></span> <span class='ocrx_word' id='word_1_698' title='bbox 493 4854 524 4908; x_wconf 89' lang='lat' dir='ltr'><strong>in</strong></span> <span class='ocrx_word' id='word_1_699' title='bbox 546 4867 714 4922; x_wconf 75' lang='lat' dir='ltr'><strong>synagogam</strong></span> <span class='ocrx_word' id='word_1_700' title='bbox 738 4856 854 4909; x_wconf 85' lang='lat' dir='ltr'><strong>intrauit</strong></span> <span class='ocrx_word' id='word_1_701' title='bbox 874 4854 911 4908; x_wconf 88' lang='lat' dir='ltr'><strong>nd</strong></span> <span class='ocrx_word' id='word_1_702' title='bbox 961 4854 1125 4910; x_wconf 83' lang='lat' dir='ltr'><strong>tortitudine</strong></span> <span class='ocrx_word' id='word_1_703' title='bbox 1139 4856 1412 4925; x_wconf 85' lang='lat' dir='ltr'><strong>nullusperseverat,</strong></span> <span class='ocrx_word' id='word_1_704' title='bbox 1425 4857 1589 4927; x_wconf 87' lang='lat' dir='ltr'><strong>etquivitia</strong></span> <span class='ocrx_word' id='word_1_705' title='bbox 1602 4858 1775 4930; x_wconf 86' lang='lat' dir='ltr'><strong>supplantat,</strong></span> 
     </span>
     <span class='ocr_line' id='line_1_67' title="bbox 95 4944 1670 5020; baseline 0.006 -23"><span class='ocrx_word' id='word_1_706' title='bbox 95 4944 245 5012; x_wconf 79' lang='lat' dir='ltr'><strong>legendum.</strong></span> <span class='ocrx_word' id='word_1_707' title='bbox 277 4944 408 5015; x_wconf 88' lang='lat' dir='ltr'><strong>Optimus</strong></span> <span class='ocrx_word' id='word_1_708' title='bbox 440 4945 528 5000; x_wconf 90' lang='lat' dir='ltr'><strong>lector</strong></span> <span class='ocrx_word' id='word_1_709' title='bbox 554 4949 687 5009; x_wconf 77' lang='lat' dir='ltr'><strong>surremit,</strong></span> <span class='ocrx_word' id='word_1_710' title='bbox 713 4946 811 5002; x_wconf 84' lang='lat' dir='ltr'><strong>librum</strong></span> <span class='ocrx_word' id='word_1_711' title='bbox 833 4950 911 5003; x_wconf 81' lang='lat' dir='ltr'><strong>lania</strong></span> <span class='ocrx_word' id='word_1_712' title='bbox 961 4946 1006 5001; x_wconf 76' lang='lat' dir='ltr'><strong>uei</strong></span> <span class='ocrx_word' id='word_1_713' title='bbox 1021 4947 1118 5017; x_wconf 80' lang='lat' dir='ltr'><strong>gratia</strong></span> <span class='ocrx_word' id='word_1_714' title='bbox 1129 4964 1215 5003; x_wconf 90' lang='lat' dir='ltr'><strong>omne</strong></span> <span class='ocrx_word' id='word_1_715' title='bbox 1226 4948 1331 5003; x_wconf 92' lang='lat' dir='ltr'><strong>honum</strong></span> <span class='ocrx_word' id='word_1_716' title='bbox 1345 4949 1423 5020; x_wconf 90' lang='lat' dir='ltr'><strong>quod</strong></span> <span class='ocrx_word' id='word_1_717' title='bbox 1439 4950 1526 5005; x_wconf 78' lang='lat' dir='ltr'><strong>halret</strong></span> <span class='ocrx_word' id='word_1_718' title='bbox 1539 4952 1670 5007; x_wconf 87' lang='lat' dir='ltr'><strong>ascribat.</strong></span> 
     </span>
     <span class='ocr_line' id='line_1_68' title="bbox 88 5037 1775 5116; baseline 0.003 -22"><span class='ocrx_word' id='word_1_719' title='bbox 88 5039 228 5108; x_wconf 78' lang='lat' dir='ltr'><strong>propheta</strong></span> <span class='ocrx_word' id='word_1_720' title='bbox 246 5038 372 5097; x_wconf 85' lang='lat' dir='ltr'><strong>renotuit.</strong></span> <span class='ocrx_word' id='word_1_721' title='bbox 397 5042 426 5093; x_wconf 90' lang='lat' dir='ltr'><strong>ct</strong></span> <span class='ocrx_word' id='word_1_722' title='bbox 446 5037 593 5093; x_wconf 89' lang='lat' dir='ltr'><strong>inventum</strong></span> <span class='ocrx_word' id='word_1_723' title='bbox 613 5040 795 5110; x_wconf 88' lang='lat' dir='ltr'><strong>pronosticon</strong></span> <span class='ocrx_word' id='word_1_724' title='bbox 816 5039 907 5112; x_wconf 89' lang='lat' dir='ltr'><strong>legit:</strong></span> <span class='ocrx_word' id='word_1_725' title='bbox 995 5042 1132 5096; x_wconf 72' lang='lat' dir='ltr'><strong>circuibat</strong></span> <span class='ocrx_word' id='word_1_726' title='bbox 1152 5045 1227 5097; x_wconf 75' lang='lat' dir='ltr'><strong>iestis</strong></span> <span class='ocrx_word' id='word_1_727' title='bbox 1246 5046 1330 5097; x_wconf 90' lang='lat' dir='ltr'><strong>totam</strong></span> <span class='ocrx_word' id='word_1_728' title='bbox 1351 5043 1503 5106; x_wconf 81' lang='lat' dir='ltr'><strong>Galilaum,</strong></span> <span class='ocrx_word' id='word_1_729' title='bbox 1530 5047 1625 5101; x_wconf 88' lang='lat' dir='ltr'><strong>docens</strong></span> <span class='ocrx_word' id='word_1_730' title='bbox 1648 5048 1775 5116; x_wconf 76' lang='lat' dir='ltr'><strong>inspuu-</strong></span> 
     </span>
     <span class='ocr_line' id='line_1_69' title="bbox 91 5132 1771 5210; baseline 0.005 -22"><span class='ocrx_word' id='word_1_731' title='bbox 91 5132 211 5201; x_wconf 81' lang='lat' dir='ltr'><strong>Spin‘tus</strong></span> <span class='ocrx_word' id='word_1_732' title='bbox 234 5133 341 5187; x_wconf 83' lang='lat' dir='ltr'><strong>Domini</strong></span> <span class='ocrx_word' id='word_1_733' title='bbox 358 5146 440 5201; x_wconf 82' lang='lat' dir='ltr'><strong>super</strong></span> <span class='ocrx_word' id='word_1_734' title='bbox 460 5147 510 5193; x_wconf 88' lang='lat' dir='ltr'><strong>me,</strong></span> <span class='ocrx_word' id='word_1_735' title='bbox 530 5137 641 5202; x_wconf 83' lang='lat' dir='ltr'><strong>propter</strong></span> <span class='ocrx_word' id='word_1_736' title='bbox 660 5133 732 5203; x_wconf 90' lang='lat' dir='ltr'><strong>qnod</strong></span> <span class='ocrx_word' id='word_1_737' title='bbox 751 5136 832 5189; x_wconf 85' lang='lat' dir='ltr'><strong>unait</strong></span> <span class='ocrx_word' id='word_1_738' title='bbox 848 5150 907 5198; x_wconf 89' lang='lat' dir='ltr'><strong>me;</strong></span> <span class='ocrx_word' id='word_1_739' title='bbox 959 5138 1033 5205; x_wconf 70' lang='lat' dir='ltr'><strong>papi&lt;</strong></span> <span class='ocrx_word' id='word_1_740' title='bbox 1050 5151 1141 5189; x_wconf 85' lang='lat' dir='ltr'><strong>rorum</strong></span> <span class='ocrx_word' id='word_1_741' title='bbox 1163 5141 1188 5189; x_wconf 86' lang='lat' dir='ltr'><strong>ct</strong></span> <span class='ocrx_word' id='word_1_742' title='bbox 1209 5136 1363 5206; x_wconf 78' lang='lat' dir='ltr'><strong>predicans</strong></span> <span class='ocrx_word' id='word_1_743' title='bbox 1386 5140 1557 5207; x_wconf 79' lang='lat' dir='ltr'><strong>euarepelium</strong></span> <span class='ocrx_word' id='word_1_744' title='bbox 1574 5144 1662 5210; x_wconf 79' lang='lat' dir='ltr'><strong>regni,</strong></span> <span class='ocrx_word' id='word_1_745' title='bbox 1677 5149 1703 5197; x_wconf 90' lang='lat' dir='ltr'><strong>et</strong></span> <span class='ocrx_word' id='word_1_746' title='bbox 1725 5156 1771 5197; x_wconf 85' lang='lat' dir='ltr'><strong>su·</strong></span> 
     </span>
     <span class='ocr_line' id='line_1_70' title="bbox 47 5222 1775 5302; baseline 0.008 -22"><span class='ocrx_word' id='word_1_747' title='bbox 47 5222 50 5229; x_wconf 85' lang='lat'>&#39;</span> <span class='ocrx_word' id='word_1_748' title='bbox 91 5226 278 5294; x_wconf 82' lang='lat' dir='ltr'><strong>evangelizare</strong></span> <span class='ocrx_word' id='word_1_749' title='bbox 293 5226 461 5296; x_wconf 83' lang='lat' dir='ltr'><strong>pauperibus</strong></span> <span class='ocrx_word' id='word_1_750' title='bbox 484 5227 557 5280; x_wconf 85' lang='lat' dir='ltr'><strong>misit</strong></span> <span class='ocrx_word' id='word_1_751' title='bbox 577 5242 629 5288; x_wconf 90' lang='lat' dir='ltr'><strong>me,</strong></span> <span class='ocrx_word' id='word_1_752' title='bbox 648 5232 676 5281; x_wconf 88' lang='lat' dir='ltr'><strong>et</strong></span> <span class='ocrx_word' id='word_1_753' title='bbox 700 5227 807 5299; x_wconf 89' lang='lat' dir='ltr'><strong>reliqua</strong></span> <span class='ocrx_word' id='word_1_754' title='bbox 832 5228 907 5295; x_wconf 79' lang='lat' dir='ltr'><strong>(lam,</strong></span> <span class='ocrx_word' id='word_1_755' title='bbox 958 5245 1026 5283; x_wconf 80' lang='lat' dir='ltr'><strong>nans</strong></span> <span class='ocrx_word' id='word_1_756' title='bbox 1057 5244 1159 5284; x_wconf 88' lang='lat' dir='ltr'><strong>amnem</strong></span> <span class='ocrx_word' id='word_1_757' title='bbox 1187 5230 1346 5299; x_wconf 82' lang='lat' dir='ltr'><strong>languorem</strong></span> <span class='ocrx_word' id='word_1_758' title='bbox 1368 5237 1393 5286; x_wconf 89' lang='lat' dir='ltr'><strong>et</strong></span> <span class='ocrx_word' id='word_1_759' title='bbox 1416 5247 1518 5288; x_wconf 83' lang='lat' dir='ltr'><strong>ornnem</strong></span> <span class='ocrx_word' id='word_1_760' title='bbox 1540 5236 1727 5302; x_wconf 71' lang='lat' dir='ltr'><strong>infirmitatem</strong></span> <span class='ocrx_word' id='word_1_761' title='bbox 1747 5240 1775 5292; x_wconf 90' lang='lat' dir='ltr'><strong>in</strong></span> 
     </span>
     <span class='ocr_line' id='line_1_71' title="bbox 90 5317 1775 5402; baseline 0.007 -28"><span class='ocrx_word' id='word_1_762' title='bbox 90 5333 144 5386; x_wconf 81' lang='lat' dir='ltr'><strong>art,</strong></span> <span class='ocrx_word' id='word_1_763' title='bbox 167 5317 202 5388; x_wconf 83' lang='lat' dir='ltr'><strong>ll.</strong></span> <span class='ocrx_word' id='word_1_764' title='bbox 225 5320 261 5373; x_wconf 78' lang='lat' dir='ltr'><strong>Et</strong></span> <span class='ocrx_word' id='word_1_765' title='bbox 280 5318 494 5388; x_wconf 77' lang='lat' dir='ltr'><strong>complicuisset</strong></span> <span class='ocrx_word' id='word_1_766' title='bbox 514 5318 613 5373; x_wconf 85' lang='lat' dir='ltr'><strong>librum</strong></span> <span class='ocrx_word' id='word_1_767' title='bbox 631 5322 756 5376; x_wconf 86' lang='lat' dir='ltr'><strong>ministra</strong></span> <span class='ocrx_word' id='word_1_768' title='bbox 774 5321 907 5384; x_wconf 80' lang='lat' dir='ltr'><strong>reddidit,</strong></span> <span class='ocrx_word' id='word_1_769' title='bbox 956 5323 1066 5393; x_wconf 87' lang='lat' dir='ltr'><strong>populo.</strong></span> <span class='ocrx_word' id='word_1_770' title='bbox 1086 5324 1121 5376; x_wconf 84' lang='lat' dir='ltr'><strong>Et</strong></span> <span class='ocrx_word' id='word_1_771' title='bbox 1138 5323 1207 5377; x_wconf 80' lang='lat' dir='ltr'><strong>ribiit</strong></span> <span class='ocrx_word' id='word_1_772' title='bbox 1223 5325 1313 5392; x_wconf 84' lang='lat' dir='ltr'><strong>opinio</strong></span> <span class='ocrx_word' id='word_1_773' title='bbox 1332 5325 1390 5395; x_wconf 75' lang='lat' dir='ltr'><strong>cius</strong></span> <span class='ocrx_word' id='word_1_774' title='bbox 1409 5328 1438 5380; x_wconf 93' lang='lat' dir='ltr'><strong>in</strong></span> <span class='ocrx_word' id='word_1_775' title='bbox 1464 5333 1548 5382; x_wconf 85' lang='lat' dir='ltr'><strong>totam</strong></span> <span class='ocrx_word' id='word_1_776' title='bbox 1569 5329 1690 5397; x_wconf 76' lang='lat' dir='ltr'><strong>Syrium,</strong></span> <span class='ocrx_word' id='word_1_777' title='bbox 1711 5347 1775 5402; x_wconf 81' lang='lat' dir='ltr'><strong>qua·</strong></span> 
     </span>
     <span class='ocr_line' id='line_1_72' title="bbox 89 5410 1773 5493; baseline 0.007 -27"><span class='ocrx_word' id='word_1_778' title='bbox 89 5411 196 5467; x_wconf 88' lang='lat' dir='ltr'><strong>resedit</strong></span> <span class='ocrx_word' id='word_1_779' title='bbox 213 5415 242 5465; x_wconf 88' lang='lat' dir='ltr'><strong>et</strong></span> <span class='ocrx_word' id='word_1_780' title='bbox 251 5410 323 5465; x_wconf 84' lang='lat' dir='ltr'><strong>dixit</strong></span> <span class='ocrx_word' id='word_1_781' title='bbox 338 5427 345 5465; x_wconf 92' lang='lat'>:</span> <span class='ocrx_word' id='word_1_782' title='bbox 358 5410 430 5479; x_wconf 81' lang='lat' dir='ltr'><strong>Ouia</strong></span> <span class='ocrx_word' id='word_1_783' title='bbox 443 5413 522 5467; x_wconf 87' lang='lat' dir='ltr'><strong>hodie</strong></span> <span class='ocrx_word' id='word_1_784' title='bbox 534 5414 679 5485; x_wconf 88' lang='lat' dir='ltr'><strong>completa</strong></span> <span class='ocrx_word' id='word_1_785' title='bbox 698 5413 799 5470; x_wconf 79' lang='lat' dir='ltr'><strong>esthaec</strong></span> <span class='ocrx_word' id='word_1_786' title='bbox 819 5417 906 5484; x_wconf 86' lang='lat' dir='ltr'><strong>scrip·</strong></span> <span class='ocrx_word' id='word_1_787' title='bbox 958 5415 1038 5485; x_wconf 91' lang='lat' dir='ltr'><strong>regio</strong></span> <span class='ocrx_word' id='word_1_788' title='bbox 1048 5412 1186 5488; x_wconf 90' lang='lat' dir='ltr'><strong>pertingit</strong></span> <span class='ocrx_word' id='word_1_789' title='bbox 1195 5416 1231 5471; x_wconf 91' lang='lat' dir='ltr'><strong>ab</strong></span> <span class='ocrx_word' id='word_1_790' title='bbox 1240 5417 1479 5491; x_wconf 87' lang='lat' dir='ltr'><strong>Euphrateusque</strong></span> <span class='ocrx_word' id='word_1_791' title='bbox 1489 5420 1525 5475; x_wconf 89' lang='lat' dir='ltr'><strong>ad</strong></span> <span class='ocrx_word' id='word_1_792' title='bbox 1537 5437 1614 5475; x_wconf 80' lang='lat' dir='ltr'><strong>ruore</strong></span> <span class='ocrx_word' id='word_1_793' title='bbox 1623 5438 1773 5493; x_wconf 89' lang='lat' dir='ltr'><strong>magnum,</strong></span> 
     </span>
     <span class='ocr_line' id='line_1_73' title="bbox 90 5505 1776 5586; baseline 0.007 -25"><span class='ocrx_word' id='word_1_794' title='bbox 90 5510 153 5561; x_wconf 87' lang='lat' dir='ltr'><strong>turn</strong></span> <span class='ocrx_word' id='word_1_795' title='bbox 178 5506 209 5559; x_wconf 89' lang='lat' dir='ltr'><strong>in</strong></span> <span class='ocrx_word' id='word_1_796' title='bbox 236 5505 348 5560; x_wconf 73' lang='lat' dir='ltr'><strong>cumbris</strong></span> <span class='ocrx_word' id='word_1_797' title='bbox 373 5506 481 5562; x_wconf 84' lang='lat' dir='ltr'><strong>uestris.</strong></span> <span class='ocrx_word' id='word_1_798' title='bbox 494 5508 672 5563; x_wconf 82' lang='lat' dir='ltr'><strong>Mirabantur</strong></span> <span class='ocrx_word' id='word_1_799' title='bbox 691 5511 721 5563; x_wconf 90' lang='lat' dir='ltr'><strong>in</strong></span> <span class='ocrx_word' id='word_1_800' title='bbox 732 5509 820 5565; x_wconf 87' lang='lat' dir='ltr'><strong>uerbis</strong></span> <span class='ocrx_word' id='word_1_801' title='bbox 840 5524 905 5577; x_wconf 81' lang='lat' dir='ltr'><strong>gra·</strong></span> <span class='ocrx_word' id='word_1_802' title='bbox 957 5526 974 5563; x_wconf 90' lang='lat' dir='ltr'><strong>a</strong></span> <span class='ocrx_word' id='word_1_803' title='bbox 992 5508 1167 5580; x_wconf 85' lang='lat' dir='ltr'><strong>Cappadocia</strong></span> <span class='ocrx_word' id='word_1_804' title='bbox 1194 5512 1333 5583; x_wconf 89' lang='lat' dir='ltr'><strong>usquead</strong></span> <span class='ocrx_word' id='word_1_805' title='bbox 1351 5514 1515 5586; x_wconf 78' lang='lat' dir='ltr'><strong>AEgyptunr.</strong></span> <span class='ocrx_word' id='word_1_806' title='bbox 1531 5518 1565 5571; x_wconf 78' lang='lat' dir='ltr'><strong>Et</strong></span> <span class='ocrx_word' id='word_1_807' title='bbox 1581 5516 1776 5573; x_wconf 86' lang='lat' dir='ltr'><strong>obtuleruntei</strong></span> 
     </span>
     <span class='ocr_line' id='line_1_74' title="bbox 86 5598 1773 5679; baseline 0.009 -28"><span class='ocrx_word' id='word_1_808' title='bbox 86 5600 136 5665; x_wconf 43' lang='lat' dir='ltr'><strong>,tie</strong></span> <span class='ocrx_word' id='word_1_809' title='bbox 154 5612 214 5669; x_wconf 74' lang='lat' dir='ltr'><strong>que</strong></span> <span class='ocrx_word' id='word_1_810' title='bbox 237 5598 417 5668; x_wconf 88' lang='lat' dir='ltr'><strong>procedebant</strong></span> <span class='ocrx_word' id='word_1_811' title='bbox 440 5600 499 5670; x_wconf 83' lang='lat' dir='ltr'><strong>ejus</strong></span> <span class='ocrx_word' id='word_1_812' title='bbox 517 5601 552 5656; x_wconf 85' lang='lat' dir='ltr'><strong>ab</strong></span> <span class='ocrx_word' id='word_1_813' title='bbox 578 5617 623 5656; x_wconf 89' lang='lat' dir='ltr'><strong>ore</strong></span> <span class='ocrx_word' id='word_1_814' title='bbox 644 5603 728 5673; x_wconf 75' lang='lat' dir='ltr'><strong>(hnc,</strong></span> <span class='ocrx_word' id='word_1_815' title='bbox 746 5618 782 5672; x_wconf 88' lang='lat' dir='ltr'><strong>vv,</strong></span> <span class='ocrx_word' id='word_1_816' title='bbox 806 5602 906 5673; x_wconf 72' lang='lat' dir='ltr'><strong>tter).</strong></span> <span class='ocrx_word' id='word_1_817' title='bbox 957 5619 1046 5658; x_wconf 78' lang='lat' dir='ltr'><strong>orienes</strong></span> <span class='ocrx_word' id='word_1_818' title='bbox 1060 5604 1129 5659; x_wconf 75' lang='lat' dir='ltr'><strong>vrorrle</strong></span> <span class='ocrx_word' id='word_1_819' title='bbox 1149 5606 1289 5670; x_wconf 72' lang='lat' dir='ltr'><strong>diribentes,</strong></span> <span class='ocrx_word' id='word_1_820' title='bbox 1314 5609 1398 5663; x_wconf 71' lang='lat' dir='ltr'><strong>uadis</strong></span> <span class='ocrx_word' id='word_1_821' title='bbox 1417 5608 1596 5679; x_wconf 78' lang='lat' dir='ltr'><strong>languoribus</strong></span> <span class='ocrx_word' id='word_1_822' title='bbox 1609 5609 1773 5667; x_wconf 89' lang='lat' dir='ltr'><strong>animarum</strong></span> 
     </span>
     <span class='ocr_line' id='line_1_75' title="bbox 79 5692 1775 5777; baseline 0.007 -28"><span class='ocrx_word' id='word_1_823' title='bbox 79 5692 149 5765; x_wconf 65' lang='lat' dir='ltr'><strong>,ipse</strong></span> <span class='ocrx_word' id='word_1_824' title='bbox 169 5693 246 5749; x_wconf 83' lang='lat' dir='ltr'><strong>Jcsue</strong></span> <span class='ocrx_word' id='word_1_825' title='bbox 268 5695 452 5751; x_wconf 81' lang='lat' dir='ltr'><strong>testimoninm</strong></span> <span class='ocrx_word' id='word_1_826' title='bbox 475 5696 625 5768; x_wconf 82' lang='lat' dir='ltr'><strong>perivibuit,</strong></span> <span class='ocrx_word' id='word_1_827' title='bbox 641 5697 708 5768; x_wconf 83' lang='lat' dir='ltr'><strong>qnia</strong></span> <span class='ocrx_word' id='word_1_828' title='bbox 725 5695 857 5769; x_wconf 82' lang='lat' dir='ltr'><strong>propheta</strong></span> <span class='ocrx_word' id='word_1_829' title='bbox 878 5697 907 5751; x_wconf 90' lang='lat' dir='ltr'><strong>in</strong></span> <span class='ocrx_word' id='word_1_830' title='bbox 956 5700 987 5751; x_wconf 90' lang='lat' dir='ltr'><strong>et</strong></span> <span class='ocrx_word' id='word_1_831' title='bbox 1000 5704 1200 5770; x_wconf 88' lang='lat' dir='ltr'><strong>corporum,ct</strong></span> <span class='ocrx_word' id='word_1_832' title='bbox 1214 5701 1364 5764; x_wconf 83' lang='lat' dir='ltr'><strong>tmnrcntis,</strong></span> <span class='ocrx_word' id='word_1_833' title='bbox 1379 5700 1407 5755; x_wconf 92' lang='lat' dir='ltr'><strong>id</strong></span> <span class='ocrx_word' id='word_1_834' title='bbox 1423 5703 1467 5759; x_wconf 85' lang='lat' dir='ltr'><strong>est</strong></span> <span class='ocrx_word' id='word_1_835' title='bbox 1479 5703 1570 5759; x_wconf 86' lang='lat' dir='ltr'><strong>acutis</strong></span> <span class='ocrx_word' id='word_1_836' title='bbox 1580 5702 1775 5777; x_wconf 87' lang='lat' dir='ltr'><strong>passionibus,</strong></span> 
     </span>
    </p>
   </div>
   <div class='ocr_carea' id='block_1_7' title="bbox 0 0 1880 6046">
    <p class='ocr_par' dir='ltr' id='par_1_9' title="bbox 0 0 1880 6046">
     <span class='ocr_line' id='line_1_76' title="bbox 0 0 1880 6046; baseline 0 1"><span class='ocrx_word' id='word_1_837' title='bbox 0 0 1880 6046; x_wconf 95' lang='lat' dir='ltr'><strong> </strong></span> 
     </span>
    </p>
   </div>
  </div>
 </body>
</html>
