3750 6046
153 204 223 261 iser
794 190 804 209 ⁶
841 203 980 259 initiare
1000 202 1032 259 vv
1053 204 1148 259 rien
1775 200 1836 261 test

149 329 297 385 ecelesiam
310 327 344 384 de
358 328 491 398 orisiaco,
503 327 650 383 eeclesiam
670 327 705 382 de
719 327 880 383 chevereiis
899 345 965 383 cum
976 327 1110 414 Auullus
1124 326 1251 390 obsistet,
1265 325 1340 384 salva
1349 324 1460 397 justitia
1475 324 1599 381 matricis
1612 322 1760 385 eeclesias.
1771 325 1836 381 Sane

151 424 283 479 omnibus
299 439 363 494 quae
377 422 414 477 ad
432 422 508 493 ipsus
527 422 661 477 ecclesius
684 422 828 493 pertinent
846 424 964 478 :Term-
1017 422 1044 476 iu
1070 421 1277 492 parochialibus
1296 421 1421 477 ecclesiis
1443 437 1514 493 quas
1534 419 1654 487 tenetis,
1678 418 1837 491 presbyteri

149 534 218 573 nam
238 533 324 588 super
344 519 474 571 Axonam
501 533 567 571 cum
596 516 711 571 ecelesia
739 520 768 571 et
790 517 966 589 appendiciis
1015 514 1720 586 perroseliganturetepiscopopraesententur,
1738 512 1836 585 quibus

150 616 226 680 suis;
242 615 349 667 terram
365 611 399 667 de
413 613 529 667 beonna
542 627 607 666 euin
625 609 817 679 molendinis,
837 616 966 683 quartam
1016 609 1039 663 si
1054 607 1149 664 idonei
1165 609 1270 664 fuerint
1283 609 1431 681 episcopus
1446 608 1613 665 animarum
1638 623 1744 662 euram
1767 624 1836 663 eom·

149 713 259 778 partem
291 705 540 774 llermundivitlrc3
569 704 707 774 Giveium,
733 705 843 771 Etiam,
869 704 966 761 villam
1015 703 1146 758 mittatut
1160 703 1194 757 de
1209 702 1291 773 plebe
1301 703 1416 775 quidem
1430 702 1531 757 curaei
1544 701 1836 773 respondeant,vobis

150 799 581 856 bominicam....1ttodium
609 802 719 871 septem
748 799 964 856 salicum...
1015 800 1112 853 autern
1140 813 1191 868 pro
1218 797 1300 851 rebus
1325 795 1527 868 temporalibus
1552 796 1589 850 ad
1624 794 1835 851 monasterium

149 895 331 966 piscatoriam
355 910 442 965 quam
464 894 600 949 llenricus
622 909 718 947 eomes
744 893 859 949 donavit
886 894 965 949 vobis
1016 889 1143 945 debitam
1157 890 1363 961 subjectionem
1376 889 1554 962 impendant.

150 989 179 1044 in
190 992 250 1045 toto
263 989 356 1044 banno
371 987 500 1043 Condati.
515 987 597 1058 Apud
610 987 836 1042 loannis-villam
848 1004 965 1043 omnem
1050 984 1178 1040 Oheuntc
1196 1001 1262 1039 vero
1289 988 1316 1039 tu
1339 992 1414 1040 nunc
1438 983 1566 1056 ejusdem
1592 983 1661 1053 luci,
1680 982 1789 1040 dilecte
1800 984 1836 1040 tili

150 1088 256 1138 terram
270 1082 405 1138 Gnidonis
421 1081 455 1136 de
468 1081 573 1136 altreio
595 1087 622 1135 et
642 1080 760 1135 lotlrodi
785 1083 896 1152 nepotis
909 1083 964 1136 sui.
1015 1078 1126 1146 abbate,
1143 1079 1185 1133 vel
1200 1085 1314 1133 tuorum
1327 1079 1455 1150 quolibet
1468 1093 1678 1146 successorum,
1691 1078 1835 1148 nullusjbi

149 1178 231 1251 Apud
244 1177 376 1232 eamdem
398 1175 493 1230 viltam
514 1178 570 1230 tres
583 1174 701 1243 furnos;
718 1174 816 1229 villam
840 1192 903 1246 quae
919 1175 962 1230 di·
1016 1177 1140 1248 qualibet
1160 1176 1348 1247 subreptionis
1370 1175 1472 1231 astutia
1497 1193 1544 1230 seu
1566 1175 1713 1231 violentia
1729 1192 1833 1248 praepo·

149 1271 271 1327 citurad
286 1271 314 1327 s.
328 1269 480 1325 bantinum
494 1285 579 1340 super
599 1268 717 1323 fluvium
741 1268 879 1340 suppiam
898 1286 965 1323 cum
1016 1277 1108 1339 natm,
1123 1270 1178 1325 uisi
1201 1287 1286 1342 quem
1306 1270 1408 1325 fratres
1430 1270 1579 1325 communi
1605 1286 1764 1338 consensu,
1796 1270 1834 1327 rel

149 1365 322 1421 molendinis
336 1367 364 1419 et
377 1363 486 1418 caeteris
503 1362 637 1418 omnibus
659 1362 696 1416 ad
718 1379 786 1418 usus
806 1379 965 1434 pauperum
1014 1364 1135 1419 fratrum
1150 1381 1215 1435 pars
1237 1364 1344 1419 consilii
1364 1364 1481 1419 sanioris
1502 1364 1662 1419 secundum
1686 1365 1740 1419 Dei
1755 1365 1833 1419 tirno·

148 1458 373 1532 pertinentibus;
402 1463 515 1512 curtum
541 1457 577 1511 de
605 1456 762 1513 belloverio
782 1472 847 1511 cum
871 1458 963 1527 terris,
1016 1475 1077 1514 rem
1088 1460 1151 1513 etb.
1164 1458 1306 1513 benedicti
1315 1459 1453 1531 Regulam
1466 1457 1644 1529 providerint
1654 1458 1832 1531 eligendum.

148 1553 246 1627 pratis,
272 1551 383 1625 pascuis
405 1554 434 1606 et
456 1549 628 1607 molendinis
647 1552 773 1622 llugouis
798 1551 965 1623 eaeterisque
1051 1552 1234 1607 becernimus
1248 1568 1317 1623 ergo
1330 1556 1360 1607 ut
1372 1552 1443 1607 nulli
1454 1551 1573 1607 omuino
1584 1551 1744 1607 hominum
1758 1553 1834 1609 liceat

150 1646 283 1705 omnibus
299 1646 333 1701 ad
348 1661 433 1700 usum
449 1661 608 1715 pauperum
623 1643 840 1716 pertinentibus.
864 1647 895 1700 ln
910 1647 963 1700 ter·
1015 1646 1165 1718 proefatum
1183 1645 1385 1701 monasterium
1401 1652 1510 1701 temere
1523 1645 1768 1718 perturbare,aut
1778 1648 1834 1717 ejus

149 1740 249 1797 ritorto
277 1738 489 1805 suessionensi,
523 1737 746 1793 Montinniacum
774 1738 868 1793 villam
889 1712 1204 1812 cumsspnssessienes
1215 1740 1339 1809 auferre,
1354 1740 1397 1795 vel
1412 1740 1519 1796 ablatas
1534 1739 1673 1807 retinere,
1692 1741 1831 1809 minuere,

95 1833 99 1839 ’
151 1833 335 1907 appendiciis
347 1833 414 1900 suis,
428 1837 457 1887 et
473 1835 580 1887 terram
597 1837 625 1887 et
643 1832 784 1888 decimam
800 1850 887 1905 qiiaru
900 1832 964 1888 ldilo
1014 1852 1064 1888 seu
1076 1833 1138 1888 aliis
1153 1833 1326 1905 quibuslibet
1346 1834 1538 1889 vexationibus
1556 1833 1696 1905 fatigare,
1719 1834 1770 1890 sed
1783 1835 1831 1889 illi·

149 1929 184 1983 de
200 1928 312 1983 verneil
325 1926 404 1982 vobis
418 1925 551 1981 restituit.
570 1929 601 1982 ln
623 1926 765 1981 territorio
786 1927 964 1983 laudunensi
1013 1928 1079 1982 hats
1105 1927 1202 1982 omitia
1226 1932 1254 1982 et
1282 1929 1393 2000 integra
1416 1931 1621 1983 conserventur
1648 1944 1765 1996 eorum,
1786 1945 1832 2000 pro

147 2021 349 2078 Corbiniacum
374 2020 510 2091 palatium
540 2037 605 2075 cum
633 2020 807 2093 appendiciis
820 2021 896 2087 suis;
916 2036 962 2076 ec·
1013 2039 1135 2093 quorum
1161 2021 1367 2092 gubernatione
1400 2027 1429 2077 et
1468 2021 1678 2077 sustentatione
1704 2038 1833 2077 concessa

147 2115 259 2171 clesiam
276 2116 305 2171 s.
332 2114 450 2170 Victoris
471 2115 510 2183 (s.
530 2115 846 2187 VitenybCravenuarn
866 2114 963 2171 villani
1013 2120 1090 2183 sunt,
1120 2115 1214 2170 usibus
1246 2115 1418 2171 omnimodis
1454 2115 1616 2187 profutura,
1647 2115 1728 2170 salva
1765 2116 1833 2171 sedis

147 2227 213 2265 cum
227 2209 337 2264 decima
351 2211 380 2264 et
399 2209 478 2263 omni
497 2208 592 2264 banno
607 2209 773 2281 caeterisque
788 2209 964 2281 appendiciis
1013 2208 1174 2281 apostolica¹
1193 2213 1222 2265 et
1243 2207 1467 2264 diocesanorum
1481 2208 1682 2282 episcoporum
1699 2209 1833 2265 canonica

148 2304 223 2373 suis;
250 2304 422 2359 ltuncellum
443 2320 508 2358 cum
523 2304 641 2359 ecelesia
664 2345 692 2359 ..
716 2344 747 2359 ..
776 2306 805 2359 ln
822 2303 963 2359 territorio
1009 2303 1129 2375 justitia.

146 2398 379 2457 catalaunensi..
398 2438 430 2452 ..
464 2397 591 2452 Boloium
613 2396 714 2468 (beloy)
743 2398 849 2468 villam,
874 2399 964 2453 breox
1048 2397 1076 2453 Si
1089 2414 1145 2468 qua
1161 2397 1249 2469 igitur
1262 2397 1293 2453 in
1306 2397 1435 2452 ficturum
1454 2397 1643 2453 ecclesiastiea
1657 2399 1831 2454 saecularisre

147 2491 260 2564 (Braux)
288 2507 353 2547 eum
379 2490 495 2546 ecclesia
510 2532 612 2547 .....
635 2492 798 2560 Furneiuur,
812 2492 961 2558 Walerios,
1014 2507 1134 2562 persona
1146 2491 1220 2546 harro
1234 2498 1336 2546 nostran
1350 2491 1558 2547 constitutionis
1571 2492 1711 2564 paginam
1733 2492 1828 2557 sciens,

146 2585 293 2643 ecclesiam
308 2585 343 2639 de
358 2585 461 2640 Vernol
465 2625 588 2640 .....
605 2603 612 2651 ς
638 2590 741 2640 terram
766 2589 794 2640 et
820 2586 962 2641 decimam
1013 2591 1111 2640 contra
1124 2602 1187 2640 eam
1202 2588 1310 2640 temere
1323 2585 1421 2640 venire
1442 2588 1603 2653 tentaverit,
1622 2587 1753 2643 seeundo
1778 2594 1828 2641 ter-

146 2695 233 2751 quam
262 2678 372 2733 hebetis
391 2677 467 2749 apud
495 2678 628 2733 veroium
654 2678 781 2749 (Vatrop)
810 2684 838 2734 et
859 2685 963 2734 caetera
1013 2679 1088 2734 tiove
1101 2679 1275 2734 coniniouita
1287 2679 1341 2733 uisi
1357 2682 1468 2734 reatum
1482 2697 1566 2735 snrnn
1580 2681 1731 2753 condigna
1755 2682 1826 2735 satis·

146 2773 245 2828 orinia
261 2772 298 2827 ad
314 2788 380 2827 usus
394 2788 552 2843 pauperum
564 2771 746 2843 pertinentia.
759 2775 789 2829 ln
800 2773 962 2844 episcopatu
1012 2772 1135 2828 factione
1169 2772 1334 2841 correxerit,
1381 2773 1528 2845 potcstatis
1570 2774 1752 2847 honorisque
1791 2774 1826 2828 sni

145 2866 278 2934 Tullensi,
296 2867 436 2920 bomnum
456 2865 621 2937 Remigium
641 2883 707 2921 cum
730 2867 857 2933 ecclesia,
886 2867 960 2922 deci·
1013 2871 1108 2922 carcat
1120 2866 1267 2939 dignitato,
1282 2883 1420 2938 reamque
1434 2883 1462 2921 se
1476 2866 1571 2922 divino
1581 2867 1696 2939 judicio
1715 2868 1826 2924 existere

145 2976 224 3014 mam
240 2959 276 3014 de
289 2959 440 3014 Tronrilla.
455 2961 486 3015 ln
503 2960 646 3015 territorio
662 2959 836 3032 Lingonensi
850 2961 961 3017 Conde-
1013 2960 1047 3016 de
1062 2965 1222 3032 perpetrata
1244 2959 1393 3031 iniquitate
1419 2964 1579 3032 cognoscat,
1603 2965 1634 3017 et
1658 2979 1675 3016 a
1703 2961 1825 3017 sacratis-

144 3055 193 3111 das
206 3070 271 3109 eum
285 3053 402 3108 ecclesia
416 3055 445 3107 et
456 3053 566 3108 decima
581 3056 772 3109 hermannum
787 3055 882 3109 villam
896 3073 999 3158 curave
1014 3054 1085 3109 simo
1100 3069 1218 3125 corpore
1238 3071 1269 3108 ac
1284 3055 1424 3125 sauguine
1441 3054 1486 3109 bei
1502 3060 1531 3109 ct
1557 3055 1672 3111 bomini
1696 3057 1826 3126 ltedemp·

146 3147 279 3202 omnibus
292 3147 327 3201 ad
342 3146 459 3203 easdem
477 3147 554 3202 villas
569 3148 784 3218 pertinentibus.
800 3149 830 3203 ln
848 3149 960 3204 territo·
1013 3147 1080 3202 toris
1106 3149 1198 3221 uestri
1212 3151 1276 3204 lesu
1301 3148 1405 3203 Christi
1430 3150 1524 3204 aliena
1542 3149 1602 3216 fiat,
1617 3156 1707 3222 atque
1735 3152 1764 3206 in
1786 3168 1826 3205 cr·

144 3241 187 3296 rio
207 3240 387 3297 atrebatensi
410 3240 551 3296 abbatiam
570 3241 663 3296 Sancti
694 3242 808 3297 toarinis
831 3243 962 3313 Baptistae
1012 3245 1105 3297 tremo
1120 3242 1395 3298 enimincdistrictre
1417 3243 1517 3298 ultioni
1541 3244 1699 3315 sulijaccnt.
1719 3246 1826 3300 Cunctis

146 3334 180 3390 de
194 3334 305 3390 llosden
329 3351 394 3390 cum
417 3335 591 3406 appendiciis
615 3335 683 3405 suis,
699 3337 806 3407 belgim
829 3353 894 3391 etim
919 3354 961 3391 rc-
1012 3342 1108 3391 autern
1141 3336 1236 3391 eidem
1261 3337 1320 3391 loco
1345 3354 1396 3391 sua
1423 3338 1490 3408 jura
1510 3339 1691 3393 servantibus
1720 3340 1757 3394 sit
1779 3355 1826 3411 pai

145 3428 240 3495 etesia,
270 3429 359 3483 altare
385 3429 420 3483 de
445 3429 580 3485 lfonci....
608 3430 757 3485 ecclesiam
784 3430 818 3485 de
847 3431 959 3486 sueres.
1012 3430 1824 3503 llorniuinostritosuChristi,quatenusctbicfruetunr

56 3518 59 3523 ’
147 3564 171 3579 ..
187 3565 194 3578 .
214 3525 242 3578 ln
254 3522 420 3595 episcopatu
433 3523 575 3594 Aquensi.
591 3565 597 3577 .
614 3563 642 3579 ..
662 3524 822 3579 ventabren
836 3528 959 3579 castrum
1011 3522 1092 3579 houna
1107 3524 1224 3579 actionis
1245 3525 1411 3597 percipiant,
1426 3528 1465 3583 sset
1484 3526 1559 3597 apud
1580 3525 1746 3582 districtum
1760 3528 1827 3600 judi·

144 3631 209 3670 cum
224 3615 341 3671 ccclesia
357 3615 387 3671 S.
410 3615 553 3671 Michaelis
576 3616 610 3671 dc
636 3616 778 3672 Finistelle
794 3634 857 3689 quer
883 3634 959 3673 nurse
1011 3633 1074 3672 cern
1096 3619 1214 3689 praemia
1227 3624 1341 3673 {eternae
1357 3619 1436 3690 pacis
1449 3619 1603 3674 inveniant.
1615 3623 1723 3690 Amen,
1738 3638 1825 3681 amen.

142 3710 245 3765 dieitur
257 3710 348 3765 Volta.
363 3710 480 3765 Terram
496 3714 523 3765 et
536 3709 677 3765 decimani
702 3710 737 3765 de
761 3711 840 3766 bara.
862 3711 959 3784 lnepi·
1010 3726 1105 3765 amon.

143 3807 261 3875 scopato
291 3804 459 3873 Mogontino
480 3844 604 3872 .....
638 3804 782 3876 bigehen,
820 3805 960 3861 Glaunam
1047 3807 1104 3876 Ego
1136 3803 1274 3860 Adrianus
1300 3806 1445 3861 catholica
1470 3807 1601 3863 Ecclesia
1622 3809 1776 3882 episcopus
1797 3808 1828 3863 si·

143 3897 300 3969 capellam,
341 3897 573 3964 Perferelenbae·,
614 3898 757 3965 Osterna,
800 3898 958 3954 licrembac
1009 3899 1102 3970 gnavi.

144 4033 149 4045 .
173 4032 180 4046 .
204 4032 210 4045 .
233 4033 239 4047 .
268 3992 299 4045 ln
326 3989 464 4045 comitatu
493 3991 619 4045 lliribere
647 3991 744 4046 viltam
768 4008 833 4063 quae
854 3992 960 4048 dicitur
1045 3995 1102 4063 Ego
1116 3994 1223 4048 lrnnrus
1235 3994 1407 4050 Tusculanus
1421 3993 1580 4067 episeopus,
1595 3996 1722 4068 signavi.

144 4085 260 4141 Brucca.
287 4085 319 4138 ln
348 4083 452 4139 ducatu
494 4085 695 4156 Turingorum,
727 4085 804 4141 villas
848 4104 956 4142 nuncu·
1046 4088 1102 4158 Ego
1117 4087 1196 4158 llugo
1212 4086 1346 4143 Ostiensis
1360 4090 1519 4161 episcopus,
1533 4089 1656 4162 signavi.

93 4188 95 4193 '
142 4181 223 4250 palas
256 4178 437 4247 scaunistrat,
474 4179 585 4247 Nortus,
626 4180 745 4248 adistat,
786 4180 899 4237 Lohach
930 4187 959 4236 et
1044 4182 1103 4253 ago
1117 4180 1270 4252 Gregorius
1283 4181 1446 4238 sabinensis
1461 4184 1623 4255 episcopus,
1641 4186 1767 4258 signavi.

142 4275 275 4328 Promere
297 4313 304 4327 .
328 4314 334 4329 .
358 4314 365 4328 .
387 4315 393 4327 .
417 4274 449 4326 ln
478 4289 551 4345 pago
579 4273 720 4342 Roslinxe,
746 4274 775 4328 in
810 4276 957 4330 comitatu.
1045 4276 1103 4345 Ego
1119 4275 1208 4329 Guido
1224 4276 1373 4347 presbyter
1386 4277 1539 4332 cardinalis
1555 4279 1630 4334 tituli
1653 4280 1686 4336 S.
1709 4282 1826 4353 Chryso·

143 4361 277 4417 blesense
291 4366 400 4416 curtem
421 4378 485 4433 quae
508 4361 612 4416 dicitur
626 4363 726 4417 Berua.
745 4404 796 4417 ...
823 4363 957 4436 bischop·
1009 4369 1088 4441 goni,
1104 4367 1225 4441 signavi.

141 4455 262 4512 fesclim.
278 4457 308 4511 ln
323 4455 388 4511 villa
411 4457 552 4528 buppura,
569 4455 707 4511 alludium
722 4457 798 4529 quod
823 4457 995 4529 hibertusl)
1042 4464 1100 4534 Ego
1116 4462 1312 4518 BernardusP.
1327 4464 1355 4520 C.
1375 4465 1417 4521 tit.
1432 4466 1460 4522 S.
1474 4465 1646 4535 Clementis,
1662 4469 1788 4541 signavi.

139 4549 290 4605 advocatus
303 4549 393 4604 faetus
406 4549 564 4605 monachus
579 4552 679 4605 vestrae
701 4550 827 4606 ecclesiae
852 4555 954 4606 contu·
1041 4559 1100 4629 Ego
1120 4557 1278 4613 benfredus
1288 4561 1317 4613 P.
1333 4563 1362 4616 C.
1378 4560 1421 4615 tit.
1437 4560 1466 4616 S.
1480 4561 1600 4629 savinae,
1615 4563 1740 4635 signavi.

140 4643 183 4698 lit.
215 4645 244 4698 tn
267 4644 430 4716 episcopatu
452 4642 700 4713 Leodicensi....„
730 4645 858 4699 Clemam
890 4661 955 4700 cum
1042 4653 1101 4724 Ego
1114 4650 1282 4707 Octavianus
1295 4654 1326 4707 Ρ,
1343 4656 1373 4711 c,
1392 4654 1435 4709 tit,
1454 4654 1484 4710 s,
1497 4654 1617 4724 cecilia,
1635 4656 1760 4729 signavi,

139 4736 309 4793 ecclesiast
335 4740 504 4809 personetu;
525 4737 661 4793 sckinam
695 4737 840 4793 ecclesiam
873 4739 956 4794 llnlo·
1042 4747 1100 4818 Ego
1112 4747 1237 4801 loannes
1258 4748 1288 4801 P.
1311 4747 1392 4803 Card.
1415 4748 1458 4803 tit.
1483 4749 1531 4805 ss.
1552 4751 1672 4805 loannis
1691 4758 1722 4806 ot
1737 4752 1823 4819 Pauli,

138 4830 238 4903 berge,
253 4831 393 4904 capellam
414 4832 449 4886 de
463 4831 563 4901 Ambe,
584 4832 723 4903 capellam
747 4831 783 4886 de
808 4832 954 4888 skimorte
1006 4839 1127 4911 signavi,

140 4928 169 4979 et
193 4926 329 4996 capellam
344 4925 379 4980 dc
394 4926 510 4996 lleusta,
525 4925 602 4980 villas
615 4942 728 4998 quoque
747 4926 953 4982 Cevornnm....
1041 4931 1099 5001 Ego
1113 4931 1234 4987 loannes
1247 4933 1276 4986 P.
1288 4933 1318 4987 C.
1335 4931 1379 4987 tit.
1393 4933 1420 4989 S.
1439 4932 1581 5004 sylvestri,
1594 4934 1718 5004 signavi.

139 5020 254 5075 bertam
268 5023 297 5074 et
321 5019 470 5089 beccham,
495 5020 603 5074 sicula
624 5021 818 5075 bumanorum
840 5020 954 5092 regibus
1042 5025 1101 5096 Ego
1117 5025 1207 5080 Guido
1231 5024 1368 5080 diaconus
1390 5026 1543 5081 cardinalis
1565 5027 1606 5083 tit.
1629 5030 1656 5083 s.
1678 5029 1774 5085 ldariae
1797 5030 1824 5084 ia

138 5113 219 5169 vobis
231 5120 297 5169 sunt
313 5115 395 5170 datae.
411 5116 441 5170 ln
452 5114 562 5185 Anglia,
578 5113 606 5168 in
628 5114 789 5186 episcopatu
812 5115 954 5172 cestrensi
1006 5119 1130 5188 l‘ortieu,
1144 5119 1263 5193 signavi.

140 5207 467 5279 Lapeleiam,bsteuam,
495 5210 695 5276 berestonam,
722 5209 954 5265 medietatemde
1041 5214 1100 5285 Ego
1122 5215 1242 5268 loannes
1261 5214 1293 5268 b,
1318 5214 1348 5269 C.
1372 5213 1415 5270 tit.
1443 5215 1490 5271 ss.
1525 5215 1616 5288 Sergii
1640 5221 1671 5272 et
1711 5219 1823 5288 bacchi,

139 5300 284 5372 bigvifort,
299 5301 459 5358 llihfortem
476 5307 504 5358 et
531 5302 627 5358 vittam
651 5302 816 5360 biduaram.
837 5305 868 5359 ln
894 5306 953 5376 epi·
1006 5307 1126 5380 signari.

138 5398 255 5466 scopato
272 5396 464 5453 tlertlordensi
490 5397 584 5453 villum
608 5396 787 5469 silvitonam,
814 5397 954 5454 decimam
1041 5402 1100 5474 Ego
1121 5401 1180 5458 0d0
1202 5401 1276 5457 diac.
1301 5401 1379 5459 card.
1408 5402 1450 5460 tit.
1477 5404 1505 5460 s.
1528 5402 1633 5460 Nicolai
1657 5404 1688 5462 in
1711 5423 1824 5465 carcere

137 5488 173 5544 de
200 5488 399 5547 beroniaco...
437 5492 615 5564 sepulturam
641 5507 754 5566 qnoque
781 5492 870 5565 ipsius
898 5491 954 5548 loci
1003 5496 1145 5564 Tulliano,
1160 5496 1281 5569 signavi.

135 5580 255 5638 liberam
281 5598 341 5639 esse
369 5585 552 5642 concedimus
579 5590 610 5641 ut
635 5602 734 5643 eorum
761 5586 905 5644 devotioni
926 5592 955 5643 et
1040 5586 1142 5642 batum
1162 5587 1261 5643 bomoe
1284 5586 1361 5658 apud
1386 5587 1413 5644 S.
1428 5587 1544 5643 Petrum
1568 5602 1759 5661 permenam
1772 5593 1825 5651 lto·

136 5676 427 5735 extremaevoluntati
447 5679 545 5753 quise
564 5679 621 5737 illie
641 5680 756 5755 sepeliri
778 5680 952 5739 deliberave-
1004 5679 1083 5736 tandi
1106 5684 1211 5737 saneta
1236 5680 1372 5737 Romanae
1393 5679 1525 5739 Ecclesia
1546 5680 1710 5757 presbyteri
1730 5685 1824 5743 cardi-

19 5788 23 5795 ·
127 5769 198 5845 n'nt,
214 5771 272 5833 uisi
295 5772 372 5835 forte
396 5774 636 5837 excommunicati
657 5778 707 5833 aut
721 5774 866 5835 interdicti
884 5775 953 5850 sint,
1003 5774 1075 5834 natis
1099 5777 1128 5833 et
1150 5774 1313 5835 uncertain
1339 5791 1383 5835 xvv
1407 5774 1465 5839 cel.
1498 5775 1822 5849 cerumtamen
