3750 6046
65 174 114 234 su
496 164 653 236 ursrouut
672 177 938 239 acuaususrtcs.
956 206 991 223 -
1005 179 1094 242 reus
1114 181 1148 237 u.
1162 210 1196 225 -
1211 182 1275 238 arn.
1297 181 1339 238 ιν.
1701 185 1754 246 era

66 302 182 357 letatus
209 301 363 359 humiliter
391 303 538 377 prostratis
564 304 721 363 clementer
745 305 887 380 pepercit,
898 306 980 396 Axit
998 309 1027 362 et
1046 307 1158 380 maguis
1178 309 1337 366 redditibus
1359 311 1396 365 ed
1417 308 1522 367 victum
1543 284 1752 371 monachorum
1802 361 1804 365 ,

66 395 217 456 confitenti
241 397 349 471 populo
372 401 468 460 reatus
492 398 626 470 indulsit,
649 415 682 456 ac
705 400 730 456 si
752 400 888 458 nescisset
937 399 1009 457 inibi
1031 401 1249 459 consistentium
1271 402 1390 477 largiter
1409 403 1517 462 ditarit.
1542 404 1666 463 Godiova
1684 422 1751 462 vero

66 490 140 564 qnod
156 491 202 548 illi
215 490 312 548 cidem
326 496 457 564 proterve
476 493 652 564 restiterant,
667 497 696 552 et
714 494 791 567 quod
809 495 885 552 mili·
935 495 1067 568 religiosa
1078 495 1221 552 comitisse
1236 513 1353 554 omnem
1371 497 1537 555 thesaurum
1555 515 1639 556 suum
1656 499 1751 557 sidem

65 585 136 641 bbue
167 585 328 646 crudeliter
348 590 376 646 et
403 586 605 647 contumeliose
628 587 786 661 illuserant,
813 605 886 662 quos
936 589 1061 647 ccclesiae
1075 591 1206 659 contulit,
1222 596 1263 662 et,
1275 591 1419 647 accersitis
1434 591 1595 660 aurifabris,
1609 593 1750 668 quidquid

64 680 122 754 ipss
136 679 179 738 de
200 681 382 742 Normannis
402 683 528 753 miseret,
541 688 570 742 et
593 685 747 756 tempestas
766 683 802 740 ad
821 700 886 758 por·
934 683 964 739 in
977 700 1047 740 euro
1060 689 1088 741 et
1102 691 1224 758 argento
1240 685 1348 752 habuit,
1365 685 1400 742 ed
1415 686 1643 743 construendum
1656 702 1750 744 sacros

64 776 120 832 tum
140 775 264 836 illerum
281 777 439 850 appulerat.
458 778 561 837 ltxouii
581 777 718 852 gaudent,
735 784 885 853 gratesque
935 783 1029 835 textus
1048 783 1076 835 et
1096 794 1193 836 cruces
1214 795 1247 834 ac
1267 779 1408 852 imagines
1432 784 1611 850 sanctorum,
1637 780 1750 853 aliaque

65 871 118 926 beo
131 871 271 927 retexent
281 871 357 945 qnod
369 875 486 944 posttot
496 871 564 941 iras,
577 871 779 945 terribilesque
792 872 884 930 minas
933 872 1053 929 mirifice
1074 872 1198 930 eeclesia
1220 876 1389 930 ornamenta
1408 873 1510 930 devote
1529 873 1683 931 distribuit.
1699 876 1751 930 De·

62 980 108 1036 spe
130 964 243 1021 melius
255 963 426 1038 alienigene
444 965 507 1038 regi
521 965 661 1038 pacificati
675 972 752 1023 sunt.
764 967 822 1023 ltex
836 983 884 1022 au·
932 966 991 1023 voti
1005 968 1062 1023 lieo
1076 966 1214 1041 dignique
1226 967 1376 1040 religionis
1389 967 1475 1023 lande
1488 973 1623 1040 parentes
1636 968 1751 1043 elegan-

62 1062 117 1114 tem
130 1074 149 1113 a
160 1058 252 1115 rebus
264 1073 365 1116 eorum
376 1058 525 1131 abstinuit,
535 1064 564 1117 et
573 1063 669 1133 portes
678 1059 757 1117 urbis
769 1060 881 1118 valente
932 1065 990 1117 tem
1000 1066 1029 1117 et
1039 1059 1130 1117 multa
1139 1059 1224 1118 leude
1235 1060 1350 1134 dignam
1360 1061 1656 1133 edideruntsobolem,
1666 1060 1750 1117 lidui-

61 1151 316 1224 tidaqneensiodia
326 1152 460 1222 munivit,
469 1167 506 1208 ne
517 1152 642 1226 gregarii
651 1153 755 1210 mlbtes
765 1157 882 1228 repente
932 1171 1013 1220 num,
1027 1155 1195 1224 ltorcernm,
1210 1157 1240 1211 et
1254 1171 1340 1212 unam
1352 1153 1441 1211 tiliam
1454 1154 1572 1212 nomine
1584 1154 1669 1225 eluit,
1683 1171 1748 1228 qnae

60 1244 219 1302 introirent
236 1250 266 1303 et
281 1245 420 1318 pecunias
433 1244 539 1305 urium
553 1245 694 1303 violenter
712 1246 880 1320 diriperent.
931 1248 1026 1320 primo
1046 1248 1143 1321 nupsit
1161 1248 1295 1304 Grittrido
1312 1248 1375 1321 regi
1389 1249 1564 1318 Guattnrnm,
1585 1253 1650 1322 post
1667 1249 1748 1322 cuijus

60 1338 165 1396 mcum
179 1354 250 1397 vero
262 1340 340 1398 intra
352 1340 458 1397 monia
467 1341 503 1398 ad
519 1341 722 1398 exstruendum
732 1342 881 1403 castellnm
931 1344 1055 1400 mortem
1069 1341 1174 1397 sociate
1186 1345 1229 1397 est
1241 1341 1363 1398 Heraldo
1376 1342 1438 1415 regi
1453 1341 1621 1415 anglorum.

61 1433 178 1505 delegit,
199 1433 300 1507 ibique
321 1433 492 1491 balduinum
513 1434 549 1491 de
569 1435 658 1504 ltolie,
675 1434 769 1491 tilium
790 1435 879 1492 Gisle·
965 1436 1105 1508 tempore
1120 1435 1316 1492 Normannicae
1329 1435 1427 1505 cladis,
1443 1451 1507 1508 quse
1521 1435 1619 1492 nimiis
1628 1451 1744 1508 oppres·

59 1526 132 1583 berti
155 1526 282 1597 comitis,
306 1528 433 1602 aliosque
454 1529 560 1587 milites
577 1528 737 1603 praecipuos
754 1529 879 1602 reliquit,
930 1528 1059 1585 sionibus
1079 1529 1184 1601 anglos
1204 1529 1395 1585 immoderate
1415 1528 1629 1603 conquassavit,
1653 1529 1744 1585 Blide·

59 1622 105 1694 qui
141 1621 339 1680 necessarium
372 1639 444 1695 opus
472 1622 656 1693 conticerent,
690 1622 879 1696 presidioque
930 1640 984 1679 nus
1010 1638 1060 1680 rex
1085 1623 1251 1679 Guellorum
1278 1623 1314 1680 ad
1340 1623 1493 1679 avunculos
1516 1638 1581 1678 suos
1602 1622 1745 1695 suppetias

60 1722 222 1774 merent
236 1719 299 1791 lpse
315 1719 416 1789 postea
429 1715 460 1773 in
475 1716 571 1774 Cornu
584 1716 737 1773 Britannia
759 1718 879 1774 ulterius
890 1690 916 1766 Β
929 1715 1014 1785 venit,
1035 1731 1189 1789 secumque
1207 1715 1425 1773 multitudinem
1443 1716 1593 1773 Britonnm
1614 1715 1743 1772 adduxit.

59 1810 264 1867 contendebat.
277 1810 442 1884 Composito
455 1810 559 1884 ubique
573 1813 664 1879 motu,
679 1826 765 1883 quem
779 1809 879 1884 depre-

59 1904 169 1974 hendit,
179 1904 342 1961 exercitum
351 1903 469 1976 dimisit,
481 1908 509 1962 et
518 1903 660 1962 Guentem
672 1903 708 1960 ad
718 1903 878 1962 vacandum

58 1997 119 2053 illuc
130 1996 265 2070 paschali
276 1998 350 2055 testo
363 1998 461 2057 rediit.

59 2109 84 2166 v.
107 2111 281 2168 aarum
297 2112 361 2168 ntia
380 2114 409 2168 ia
426 2112 531 2181 Aaptiu
548 2112 678 2168 adrasus
696 2115 875 2170 Nemausus.

87 2222 175 2275 Anno
195 2219 235 2275 ab
257 2219 455 2277 incarnatione
479 2220 594 2277 Domini
613 2221 877 2290 {caecutiamus

58 2329 101 2369 rex
122 2313 240 2386 legatos
261 2312 447 2370 honorabiles
469 2314 501 2370 in
521 2314 680 2371 Naustriam
701 2314 820 2382 direxit,
847 2318 877 2371 et

56 2406 223 2462 bathildem
236 2407 394 2479 conjugem
414 2423 495 2464 suam
512 2409 548 2464 ad
566 2424 596 2464 se
613 2408 711 2464 venire
730 2409 874 2481 praecepit.

57 2501 187 2557 Protinus
201 2499 253 2556 ilta
269 2500 364 2557 mariti
374 2501 462 2573 jussis
476 2501 600 2558 libenter
615 2501 750 2569 obedivit,
766 2507 795 2558 et
809 2519 875 2559 cum

56 2595 163 2666 ingenti
173 2594 346 2666 frequentia
359 2594 487 2651 virorum
500 2611 533 2651 ac
547 2593 687 2651 nobilium
700 2596 872 2652 feminarum

56 2687 265 2744 transfretavit.
286 2689 319 2744 ln
338 2688 423 2758 clero,
443 2689 492 2761 qui
512 2689 550 2746 ad
569 2688 663 2744 divina
682 2689 709 2745 ei
727 2688 874 2746 ministre·

56 2781 108 2850 bat,
119 2780 249 2837 celebris
266 2779 358 2837 Guido
376 2781 581 2838 ambianorum
598 2781 700 2854 praesul
718 2782 873 2850 eminebat,

57 2873 98 2946 qui
109 2875 175 2946 jem
190 2877 339 2931 certamen
351 2875 464 2931 lieraldi
479 2880 509 2931 et
522 2875 665 2933 Guilletmi
678 2875 805 2932 versifice
822 2875 873 2932 de·

56 2968 216 3040 scripserat.
234 2967 399 3026 edelredus
415 2969 608 3025 liberacorum
626 2969 872 3043 metropolitanus,

56 3062 99 3135 qni
115 3061 262 3117 maritum
280 3061 444 3128 inunxerat,
463 3062 626 3119 ldathitdem
647 3063 684 3119 ed
698 3054 912 3132 consortiumC

55 3155 123 3227 regii
138 3155 263 3211 bonnus
276 3152 323 3211 die
338 3157 518 3212 Pentecostes
531 3173 609 3212 anno
622 3173 642 3211 n
660 3155 740 3227 regni
762 3156 873 3228 praefati

54 3249 125 3320 regis
145 3247 273 3304 inunxit.
291 3250 426 3305 Decorato
445 3250 525 3322 regio
548 3250 711 3305 diademate
729 3251 872 3318 matrona,

54 3342 221 3416 priusquam
235 3358 329 3397 annus
340 3341 534 3414 perficeretur,
550 3342 644 3399 tilium
658 3343 777 3399 nomine
797 3343 872 3398 iten-

54 3435 143 3491 ricnm
163 3435 297 3508 peperit,
321 3451 407 3507 qnam
427 3436 517 3492 totius
538 3439 620 3492 terrae
642 3452 700 3492 suae
719 3435 750 3490 in
772 3436 874 3508 Angtla

55 3527 199 3585 heredem
220 3528 380 3584 constituit.
403 3528 462 3598 llic,
483 3530 553 3585 dum
572 3528 677 3585 dociles
696 3544 788 3585 annos
811 3528 874 3584 etti·

56 3623 147 3693 gisset,
164 3622 332 3677 litterarum
346 3621 494 3678 scientiam
509 3622 618 3691 didicit,
638 3625 667 3679 el
688 3625 752 3694 post
769 3621 873 3678 utrius·

55 3730 107 3786 qne
122 3713 254 3787 peremis
271 3713 393 3784 obitum,
414 3715 524 3772 militiae
544 3730 649 3787 agones
668 3715 779 3770 fortiter
795 3730 873 3770 exer

55 3808 120 3864 cuit
139 3807 276 3864 Tandem
296 3807 473 3865 multimoda
491 3807 642 3881 probitatis
659 3808 753 3864 clarus
771 3807 871 3874 titulis,

55 3901 249 3974 principatum
261 3904 415 3973 paternum
428 3901 519 3958 tenuit
531 3902 659 3975 pluribus
671 3901 763 3958 annis.

86 3989 198 4045 Eodem
217 4005 296 4045 anno
316 3989 425 4063 egregii
435 3991 565 4062 juvenes,
584 3990 710 4046 Eduinus
722 3996 751 4047 et
767 3992 870 4047 ltoroa-

55 4098 107 4148 rus,
128 4082 181 4138 tilii
202 4083 312 4155 illigari
328 4082 439 4140 comitis
459 4082 680 4152 rebellaverunt,
700 4088 811 4140 etcum
830 4085 872 4140 eis

55 4176 132 4231 metti
154 4176 206 4231 alii
227 4175 364 4232 ferociter
384 4176 610 4245 insurrexerunt,
630 4193 754 4250 quorum
776 4180 871 4234 motus

928 1810 1114 1883 congregatis
1134 1813 1232 1889 eutem
1251 1809 1282 1866 in
1305 1826 1394 1866 unum
1416 1810 1512 1866 multis
1535 1810 1694 1883 Anglorum
1716 1813 1746 1868 et

928 1903 1092 1960 Guallorum
1106 1903 1305 1976 optimatibus,
1315 1903 1348 1959 nt
1357 1902 1500 1976 generalis
1513 1902 1696 1977 querimonia
1708 1902 1744 1959 de

926 1995 1038 2070 injuriis
1065 2001 1094 2054 et
1120 1996 1368 2069 oppressionibus,
1396 1996 1500 2071 quibus
1528 1996 1745 2053 intolerabiliter

926 2090 1011 2164 Angli
1034 2089 1239 2164 affligebantur
1256 2107 1272 2146 a
1290 2090 1461 2147 Normannis
1479 2096 1508 2146 ct
1527 2106 1626 2147 eorum
1647 2094 1744 2146 contu·

925 2184 1098 2241 bemalibus.
1117 2183 1316 2257 Legationibus
1335 2200 1522 2258 quoscunque
1541 2188 1675 2257 poterant
1691 2199 1743 2257 per

927 2294 1025 2336 omnes
1041 2277 1168 2334 bibionis
1185 2276 1325 2334 terminos
1346 2277 1376 2333 in
1396 2277 1492 2334 hostes
1503 2277 1576 2333 clam
1588 2278 1749 2351 palemque-

925 2371 1122 2428 stimulabant.
1145 2370 1188 2426 Fit
1206 2387 1242 2427 ex
1260 2386 1402 2426 consensu
1423 2370 1553 2427 omnium
1576 2387 1627 2442 pro
1647 2369 1741 2425 vindi-

925 2465 1016 2521 canda
1045 2465 1176 2522 libertate
1207 2463 1327 2536 pristina
1358 2479 1461 2536 procax
1492 2463 1680 2537 conspiratio,
1712 2465 1741 2519 et

925 2558 1029 2615 obnixa
1050 2561 1149 2615 contre
1168 2559 1348 2614 Normannes
1367 2557 1536 2630 conjuratio.
1559 2556 1692 2613 Exoritur
1710 2556 1741 2613 iu

924 2652 1031 2708 fluibus
1062 2651 1337 2708 Trans-humbranis
1368 2651 1522 2707 vehemens
1553 2649 1739 2722 perturbatio.

925 2744 1057 2802 Seditiosi
1076 2744 1170 2814 silves,
1192 2744 1318 2817 paludes,
1340 2744 1473 2800 aestuaria
1487 2749 1517 2800 et
1531 2743 1616 2799 nrbes
1634 2743 1741 2816 aliquot

923 2838 954 2894 in
974 2838 1162 2894 munimentis
1181 2837 1298 2894 habant.
1314 2837 1501 2894 Eboracensis
1519 2836 1618 2893 ciuitas
1639 2836 1741 2892 arden·

922 2931 1033 2988 tissime
1053 2931 1133 3001 furit,
1152 2947 1238 3005 quam
1258 2932 1393 2986 sanctitas
1411 2929 1554 3003 pontilicis
1574 2930 1617 2985 sui
1639 2928 1740 2985 sedare

924 3024 1033 3099 nequit.
1053 3026 1151 3081 Plures
1171 3024 1200 3079 in
1218 3023 1408 3081 tabernaculis
1428 3023 1628 3095 morabantur3
1644 3021 1673 3078 in
1686 3021 1738 3078 do·

923 3118 1026 3182 mibus,
1039 3135 1076 3175 ne
1087 3119 1295 3187 mollescerent,
1305 3117 1483 3190 requiescere
1495 3116 1738 3190 dedignabantur;

923 3213 998 3270 unde
1019 3212 1137 3285 quidam
1159 3229 1259 3268 eorum
1279 3212 1480 3268 ellormannis
1499 3210 1617 3267 silvatici
1635 3226 1739 3283 cogno·

923 3305 1120 3362 minabantur.

958 3401 1015 3455 Rex
1030 3399 1118 3472 igitur
1136 3415 1260 3456 secessus
1279 3398 1361 3470 regni
1374 3396 1569 3471 providentius
1584 3396 1738 3469 perlustra-

922 3493 971 3564 vit,
986 3497 1016 3548 et
1036 3496 1199 3565 opportuna
1219 3493 1280 3547 loca
1293 3497 1392 3547 contra
1412 3491 1593 3547 excursiones
1611 3490 1737 3546 hostium

922 3586 1117 3642 communivit.
1140 3585 1307 3642 liuuitioncs
1327 3585 1421 3652 enim,
1442 3601 1513 3656 quas
1538 3583 1651 3640 castella
1666 3581 1735 3639 Galli

922 3687 1098 3752 nuncupant,
1113 3678 1238 3752 anglicis
1251 3676 1402 3750 provinciis
1415 3676 1594 3750 paucissimae
1606 3677 1734 3743 tuerent;

922 3775 951 3830 et
965 3772 1000 3828 ob
1019 3773 1073 3829 hoc
1092 3771 1186 3843 ttngli,
1199 3771 1266 3827 licet
1285 3770 1411 3827 bellicosi
1431 3769 1539 3827 tuerint
1557 3775 1585 3826 et
1604 3770 1736 3837 audaces,

921 3865 958 3922 ad
973 3865 1163 3922 resistendum
1177 3867 1275 3921 mmcn
1291 3863 1414 3920 inimicis
1434 3863 1600 3920 exstiterant
1616 3861 1734 3917 debilio-

922 3977 976 4016 res.
992 3960 1049 4016 Rex
1063 3959 1162 4032 itaqua
1172 3962 1296 4015 uestrum
1310 3956 1388 4030 apud
1398 3956 1587 4014 Guarevicum
1598 3954 1735 4027 condidit,

922 4059 951 4109 et
971 4053 1091 4109 ilenrico
1105 4051 1222 4125 Rogerii
1241 4052 1276 4109 dc
1292 4051 1469 4108 bellomonte
1486 4049 1544 4106 tilio
1564 4050 1599 4105 ad
1623 4065 1736 4106 servan·

920 4145 990 4202 dum
1010 4146 1137 4202 tradidit.
1157 4147 1235 4201 Tunc
1248 4144 1373 4201 ilduinus
1391 4151 1420 4202 et
1437 4145 1578 4202 Morearus
1596 4160 1662 4200 cum
1678 4143 1737 4200 suis

54 4269 180 4326 Albim,
192 4285 319 4342 ,egnum
337 4269 522 4326 ,ehemenger
538 4269 736 4327 mmmmm·
755 4270 869 4327 Gusslel,
920 4255 1024 4313 anceps
1042 4239 1136 4312 prelii
1154 4238 1306 4296 discrimen
1321 4238 1540 4312 perpendentes,
1555 4237 1677 4310 gratiam
1694 4252 1737 4292 ra-

55 4377 113 4417 mus
131 4361 246 4418 etenim
267 4377 332 4431 rex,
355 4363 468 4435 quando
493 4362 616 4420 Eduinns
634 4378 730 4419 comes
750 4380 815 4419 cnm

54 4454 237 4511 macardiam
257 4454 378 4519 iecerat,
401 4455 484 4528 eique
503 4457 622 4512 tratrem
644 4472 728 4512 snum
752 4462 780 4512 et
799 4473 871 4528 pene

54 4548 164 4604 urtiam
184 4552 298 4620 partem
318 4548 428 4621 Angliae
446 4549 620 4617 subdiderat,
641 4549 729 4605 tiliam
744 4566 823 4605 snam
842 4567 872 4606 se

57 4641 80 4695 in
93 4641 255 4714 conjugem
269 4640 294 4696 ei
316 4641 449 4697 daturum
462 4642 652 4714 spoponderat
657 4659 666 4711 ;
682 4642 733 4697 sod
747 4648 871 4713 postmo-

57 4734 121 4790 dum
143 4732 333 4790 fraudulento
355 4737 484 4791 consultu
502 4736 745 4804 Normannorum,
769 4752 873 4793 coricu-

56 4827 139 4896 pilam
154 4826 304 4899 virginem
318 4830 346 4882 et
359 4826 407 4882 diu
422 4833 612 4900 exspectatam
626 4827 779 4900 denegarit
794 4830 873 4886 nobi-

56 4917 160 4977 lissimo
169 4919 285 4992 juveni.
296 4919 377 4976 Unde
390 4920 476 4977 iratus
489 4937 555 4977 cum
568 4922 654 4978 tratre
667 4939 719 4978 suo
733 4922 770 4978 ad
783 4922 873 4978 rebel·

57 5006 156 5064 tionem
177 5008 315 5064 incitatus
335 5013 386 5075 cst,
408 5024 532 5082 cumque
554 5025 660 5081 magna
683 5026 748 5080 pars
766 5011 871 5082 inglo-

56 5107 158 5159 mmet
176 5101 344 5157 Gnallorum
363 5105 458 5157 secuta
471 5106 523 5160 est.
543 5103 665 5159 demens
682 5103 798 5160 allectus
812 5109 873 5160 erat

57 5195 180 5262 pretatis
205 5192 346 5249 iratribus
372 5210 442 5266 erga
469 5196 517 5252 bei
539 5195 649 5252 cultum
677 5202 706 5252 et
727 5197 871 5253 bonorum

57 5286 246 5344 uremntiem
258 5285 421 5344 hominum.
433 5289 500 5344 Erat
509 5287 551 5343 eis
564 5288 666 5360 ingens
678 5288 871 5360 pulchritudo,

58 5375 155 5431 nobilis
168 5378 200 5430 et
213 5375 313 5445 ampla
324 5375 469 5447 cognatio,
479 5376 534 5433 late
547 5377 644 5431 ualens
657 5381 830 5447 potentatus,
844 5384 874 5434 et

57 5461 139 5519 muria
151 5463 183 5519 in
198 5478 251 5518 eos
265 5463 446 5535 popularium
461 5463 585 5520 dilectio.
603 5467 627 5519 Α
643 5463 751 5521 clericis
766 5468 796 5521 at
814 5483 874 5522 mo-

57 5551 150 5609 nachis
164 5550 267 5608 crebra
280 5567 332 5623 pro
344 5551 399 5608 illis
411 5551 499 5608 tiebat
512 5552 612 5622 oratio,
628 5559 682 5609 eta
696 5552 786 5609 turbis
801 5570 872 5626 pau·

57 5654 152 5708 perum
167 5640 340 5714 quotidiana
354 5641 537 5715 supplicatio.

87 5729 220 5806 Ebgarus
232 5745 331 5790 eomes
344 5730 554 5792 &evenireusc
570 5730 731 5791 caenobium
744 5736 872 5793 constru-

837 4380 870 4421 ρο
921 4332 965 4406 gis
979 4331 1135 4405 petierunt,
1155 4334 1185 4387 st
1201 4331 1296 4403 specie
1312 4336 1394 4388 tenus
1415 4331 1609 4388 obtinuerunt.
1627 4330 1735 4387 Deinde

880 4417 910 4491 D
921 4442 971 4483 rex
984 4425 1215 4496 snotingheham
1227 4427 1351 4480 castrum
1365 4425 1531 4493 construxit,
1543 4427 1570 4480 et
1583 4423 1735 4480 Guillelmo

921 4519 1066 4578 Percretlo
1082 4516 1302 4574 commendavit.

957 4613 1021 4668 Haec
1043 4611 1230 4670 Eboracenses
1251 4613 1282 4665 ut
1302 4609 1465 4680 audierunt,
1484 4608 1652 4666 extimentes
1670 4624 1733 4664 ma-

922 4710 1017 4763 turata
1030 4703 1173 4762 deditione
1190 4703 1247 4759 vim
1266 4703 1491 4773 declinaverunt,
1507 4702 1626 4775 regique
1641 4703 1734 4758 claves

922 4799 1041 4856 civitatis
1060 4814 1125 4854 cum
1143 4796 1286 4853 obsidibus
1306 4796 1456 4871 dederunt.
1470 4798 1530 4869 lpse
1547 4802 1654 4867 umen,
1668 4794 1734 4869 quia

922 4892 1008 4950 tidem
1024 4892 1139 4949 illorum
1156 4896 1316 4962 suspectam
1336 4889 1444 4957 habuit,
1461 4889 1491 4944 in
1510 4888 1578 4946 urbe
1593 4889 1654 4962 ipsa
1674 4906 1736 4945 mu·

922 4987 1064 5044 ultionem
1086 4983 1219 5053 firmavit,
1236 4999 1323 5056 quam
1345 4981 1460 5039 delectis
1482 4982 1620 5039 militibus
1643 4988 1735 5040 custo·

922 5079 1058 5137 disndem
1093 5077 1218 5134 tradidit.
1246 5078 1324 5133 Turno
1355 5075 1493 5131 Archillus
1525 5076 1737 5149 potentissimus

922 5171 1227 5246 Nordanhymbrorum
1247 5186 1312 5226 cum
1326 5186 1395 5242 rege
1407 5169 1585 5227 concordiam
1601 5170 1677 5241 iecit,
1693 5170 1736 5226 ei-

924 5283 980 5338 que
996 5265 1087 5322 tltium
1106 5282 1190 5321 suurn
1206 5264 1335 5320 obsidem
1349 5263 1475 5319 tradidit.
1496 5265 1601 5320 Praesul
1621 5280 1736 5336 qnoque

923 5358 1056 5415 Dunclmi
1069 5358 1189 5431 regiain
1208 5357 1327 5430 gretiam
1345 5357 1468 5425 accessit,
1485 5361 1513 5414 et
1530 5374 1581 5429 pro
1601 5357 1737 5413 ltalcomo

922 5468 993 5525 rege
1007 5451 1158 5509 Scotorum
1172 5450 1249 5523 pacis
1261 5450 1400 5507 memetor
1412 5450 1576 5520 intervenit,
1593 5453 1622 5506 et
1635 5466 1735 5522 accep·

923 5549 968 5602 tas
988 5545 1163 5602 conditiones
1181 5544 1210 5600 in
1235 5543 1356 5600 Scotiam
1381 5543 1491 5600 detulit.
1513 5544 1665 5600 ltalcomus
1684 5559 1734 5599 au-

924 5640 1075 5708 tem,licet
1089 5638 1124 5695 ab
1144 5637 1243 5710 buglis
1266 5637 1417 5709 requisitus
1440 5636 1536 5703 inerit,
1562 5641 1590 5692 et
1613 5635 1736 5691 validam

925 5732 1136 5810 expeditionem
1155 5732 1184 5791 in
1204 5747 1305 5792 corum
1320 5731 1458 5791 seruilium
1474 5730 1571 5790 iacere
1588 5727 1748 5804 pararent,
