3750 6046
160 190 212 246 539
845 195 1005 252 occentet
1026 196 1152 251 llrltts
1783 204 1835 258 sto

160 315 237 370 diem
262 316 383 371 alterum
406 317 582 388 disposuerat
605 320 726 392 ingredi,
751 338 890 395 causaque
913 320 1834 406 111-,1111111οά111111111111111111·1111111111111111111111

158 407 245 462 tionis
265 409 421 464 Jerusalem
444 411 593 482 proticisci.
609 413 663 470 Sed
685 414 795 485 legatus
815 417 970 472 cumlitte-
1022 414 1160 486 pontilicis
1192 415 1324 471 obtinuit.
1350 417 1476 473 Tandem
1508 422 1658 489 conspecta
1685 420 1833 489 facultate,

158 500 197 556 ris
218 517 235 555 1
256 501 363 558 civibus
385 503 422 559 ad
446 504 529 559 illurn
551 506 675 576 advenit,
696 508 887 580 nuntiumque
901 511 972 566 tanti
1021 507 1167 563 brachium
1186 508 1274 564 sancti
1289 509 1405 579 Nicolai,
1421 511 1496 583 quod
1512 516 1578 582 apte
1592 515 1713 583 argento
1727 515 1834 570 tectum

158 593 257 664 gaudii
277 596 406 666 protinus
421 597 569 654 intimavit.
585 601 634 655 Ille
649 599 748 672 igitur,
765 601 880 658 dimisso
896 604 971 675 quod
1022 607 1091 670 erat,
1111 606 1140 656 11
1154 605 1235 656 extra
1255 602 1432 658 mausoleum
1449 603 1486 658 ad
1507 603 1678 675 signandum
1696 606 1836 677 populum

158 687 276 760 incoepit
288 689 401 760 itinere,
414 692 541 762 gaudens
557 694 659 747 Barum
676 710 733 748 non
749 695 857 751 distulit
870 712 972 770 prope·
1021 693 1196 762 servabatur,
1212 694 1309 750 furtim
1326 695 1454 767 arripuit,
1470 701 1498 752 et
1515 696 1546 752 in
1563 697 1667 752 Gallias
1685 699 1834 769 aufugere,

159 797 234 836 rare.
259 783 367 854 Corpus
388 785 483 857 itaque
506 786 596 840 sancti
622 786 731 842 Nicolai
757 806 774 843 a
799 790 968 846 Berensibus
1021 787 1201 859 patriamque
1219 804 1311 857 suam,
1326 788 1546 862 coenobiumque
1565 806 1649 846 suurn
1669 794 1749 847 111111
1773 792 1834 848 the

159 879 321 946 susceptum
341 882 393 946 111,
408 882 437 933 11
457 878 622 934 solemnitas
641 881 833 938 translationis
853 884 914 954 ejus
935 902 971 941 vn
1021 896 1104 934 sauro
1117 880 1209 936 ditare
1224 881 1336 953 sategit.
1351 883 1464 950 Verum,
1480 883 1548 955 quia
1560 900 1627 939 mox
1643 886 1740 941 attale
1754 885 1836 941 latro

159 968 224 1024 ldus
238 969 300 1023 11111
315 971 466 1025 constituta
482 975 533 1027 est.
549 973 626 1027 Tunc
645 974 679 1029 ed
699 976 805 1031 curiam
820 979 971 1050 Caterpam
1021 973 1128 1028 cirrium
1150 972 1204 1028 sihi
1225 974 1331 1031 fectum
1355 976 1491 1030 Bsrenses
1512 980 1727 1048 compererunt,
1750 979 1835 1050 longe

153 1064 299 1133 portatum
313 1066 364 1132 est,
378 1063 475 1135 ibique
490 1065 520 1120 in
533 1067 649 1122 ecclesie
660 1069 736 1123 Beati
749 1069 888 1141 Stephani
903 1089 971 1143 pro·
1020 1066 1137 1138 lateque
1152 1067 1314 1122 veredarios
1329 1083 1394 1123 snos
1411 1068 1448 1122 ad
1465 1068 1589 1125 conllncs
1601 1086 1669 1126 suos
1685 1074 1716 1126 et
1728 1071 1837 1128 amicos

157 1155 328 1226 tomartyris,
351 1173 416 1228 quoe
439 1163 505 1213 ante
527 1162 584 1214 tres
607 1177 698 1216 annos
717 1162 854 1219 fabricata
876 1165 971 1221 fuerat
1019 1164 1106 1231 atquo
1124 1165 1262 1232 patronos
1279 1160 1429 1230 miserunt,
1445 1178 1602 1234 omnesque
1617 1164 1758 1231 tromitos,
1773 1165 1835 1237 qni·

160 1246 195 1302 ab
210 1248 432 1321 archiepiscopo,
446 1252 539 1307 nautis
551 1254 716 1323 petentibus
736 1260 764 1311 11
779 1258 887 1313 cunctis
903 1259 970 1313 civi·
1019 1251 1072 1308 bns
1086 1252 1143 1308 itur
1154 1253 1185 1308 in
1199 1253 1354 1319 Franciam,
1372 1254 1492 1310 sollicite
1507 1255 1605 1324 tutari,
1617 1273 1655 1313 ne
1674 1257 1722 1312 111
1736 1257 1836 1330 hujus-

161 1339 225 1410 hus,
240 1349 402 1398 reverenter
416 1344 537 1414 positum
550 1350 602 1401 est.
1020 1345 1097 1400 modi
1124 1346 1320 1418 elongaretur,
1346 1348 1437 1403 eonati
1462 1351 1538 1405 sunt.
1560 1349 1721 1420 Stephanus
1744 1352 1836 1407 Venu-

193 1435 301 1490 Beinde
321 1437 466 1508 propriam
485 1439 630 1496 basilicam
654 1447 751 1498 sancto
772 1443 888 1498 Nicolao
915 1460 969 1500 cor·
1020 1439 1090 1494 siam
1106 1439 1228 1507 divertit,
1239 1440 1336 1512 ibique
1349 1441 1466 1496 timidus
1478 1441 1566 1498 latere
1579 1443 1675 1498 volens
1686 1443 1836 1515 hiemavit,

159 1533 274 1599 perunt,
291 1534 476 1603 sanctumque
492 1549 593 1603 corpus
614 1537 643 1588 et
664 1535 822 1591 oblationes
842 1536 970 1592 fidelium
1021 1535 1592 1607 1111111111]11111111111113111111
1607 1537 1701 1608 coepit.
1716 1537 1834 1606 Deinde,

158 1624 187 1676 et
201 1623 409 1693 opusbasilicee
423 1626 586 1681 venerando
601 1626 688 1682 ileliae
706 1628 801 1684 abbati
818 1630 968 1686 commise·
1020 1624 1170 1681 deficiente
1197 1626 1250 1681 sibi
1273 1643 1360 1683 consu
1384 1627 1553 1696 necessario,
1580 1632 1692 1684 coactns
1717 1634 1760 1686 cst
1783 1646 1835 1701 pro

156 1716 235 1782 runt,
244 1714 397 1787 ipsumque
406 1718 754 1788 praepositum‚00nsensu
765 1722 969 1795 archiepiscopi
981 1697 1007 1768 B
1019 1719 1094 1773 victu
1114 1719 1270 1775 distrahere
1291 1727 1445 1792 argentum
1466 1722 1500 1777 de
1520 1725 1618 1778 sancto
1638 1722 1768 1778 brachio.
1789 1725 1834 1778 ln-

158 1809 291 1864 etlavore
300 1810 439 1878 omnium,
449 1827 535 1881 super
543 1812 674 1867 omnibus
683 1830 746 1885 quae
756 1816 865 1886 agenda
876 1819 967 1885 erant,
1018 1815 1096 1866 terea
1114 1828 1165 1883 per
1182 1816 1270 1868 totam
1288 1814 1397 1869 ltaliam
1416 1818 1445 1869 et
1465 1814 1590 1870 Siciliam
1609 1815 1689 1870 fama
1710 1816 1837 1871 volitavit

155 1901 374 1957 constituerunt.
403 1904 537 1959 Protinus
563 1905 681 1961 diversae
707 1908 905 1964 multitudines
933 1910 968 1965 ab
1019 1905 1094 1975 quod
1120 1921 1138 1959 o
1164 1905 1247 1960 Gallis
1276 1907 1448 1977 subreptum
1476 1911 1551 1964 osset
1575 1908 1727 1964 brachium
1755 1908 1836 1965 boeti

153 1995 294 2050 universis
316 1995 401 2051 totius
425 1999 568 2069 Hesperiae
590 2000 739 2070 provinciis
762 2008 967 2060 convenerunt.
1018 1997 1132 2053 Nicolai·
1153 1999 1289 2071 Denique,
1308 1999 1376 2054 (111111
1396 2001 1431 2055 de
1454 2001 1504 2056 toli
1520 2000 1598 2057 forto
1614 2001 1714 2057 crebro
1727 2002 1834 2058 locutio

156 2090 310 2144 111111111
326 2106 438 2162 quoque
454 2092 533 2163 signa
550 2099 579 2149 et
594 2094 729 2149 miracula
750 2096 878 2167 qnotidie
895 2097 967 2152 divi·
1019 2091 1140 2163 populos
1166 2096 1300 2160 moveret,
1327 2096 1356 2148 et
1380 2110 1397 2149 o
1420 2093 1590 2165 quibusdem
1617 2096 1835 2151 venusiensibus

155 2183 231 2237 nitus
246 2184 325 2239 liunt.
342 2184 413 2239 Nam
430 2186 459 2239 in
480 2185 642 2256 primodie,
661 2188 732 2243 dum
753 2196 882 2245 sanorum
906 2208 966 2246 cor.
1018 2184 1189 2256 famulisque
1210 2186 1417 2242 monachorum
1436 2191 1575 2259 argentea
1592 2191 1706 2244 textura
1727 2189 1786 2244 visa
1807 2194 1835 2245 et

155 2292 209 2348 pus
234 2277 263 2332 11
290 2278 405 2333 11111111
430 2280 523 2335 Sancti
549 2281 701 2349 Benedicti,
730 2288 760 2336 ut
785 2282 892 2339 dictum
916 2290 966 2355 est,
1019 2277 1832 2349 1081111θῦ11111111101111111111101111110111111011111·

157 2369 318 2441 dcpositnm
345 2371 418 2441 fuit,
447 2373 569 2444 amplius
594 2391 679 2446 quam
708 2391 761 2431 xxx
787 2375 965 2434 infirmantes
1015 2371 1176 2443 juscemodi
1189 2376 1389 2444 perstreperet,
1404 2373 1596 2443 Brembertus,
1610 2374 1735 2446 impiger
1744 2392 1834 2430 coeno

156 2463 304 2535 utriusque
319 2481 403 2520 sexus
417 2471 444 2521 et
460 2467 552 2523 omnis
568 2467 660 2523 atatis
674 2485 690 2523 1
704 2469 881 2525 multimodis
891 2472 968 2526 infir·
1018 2465 1092 2534 bita,
1119 2481 1185 2520 cum
1208 2465 1322 2520 famulis
1349 2466 1513 2521 monasterii
1544 2467 1581 2521 ed
1606 2469 1833 2524 ex·monachum

156 2557 304 2612 mitatibus
319 2557 488 2630 liberantur,
501 2560 684 2633 perlectoque
701 2562 822 2618 sanitate
843 2567 966 2636 recepta,
1019 2558 1203 2628 languentem
1227 2559 1358 2626 occurrit,
1381 2558 1531 2631 subitoque
1553 2560 1689 2616 frendens
1711 2561 1831 2632 impetu,

154 2665 220 2704 eum
235 2651 390 2721 gratiarum
404 2653 514 2709 actione
527 2654 584 2710 loeti
598 2659 625 2710 et
635 2655 791 2711 incolumes
801 2657 837 2712 ad
854 2657 967 2729 propria
1016 2649 1165 2706 brachium
1178 2652 1266 2707 sancti
1279 2651 1394 2718 Nicolai,
1406 2669 1437 2706 ac
1451 2653 1474 2706 11
1488 2652 1581 2708 eidem
1593 2654 1831 2724 commendasset,

154 2749 295 2799 remeant.
317 2745 386 2800 Aliis
404 2762 517 2819 quoque
537 2747 636 2802 diebus
655 2750 798 2820 sequentis
817 2751 965 2821 temporis,
1017 2744 1154 2799 atrociter
1167 2743 1301 2815 exposcit.
1317 2748 1353 2799 At
1366 2744 1424 2813 ille,
1439 2749 1471 2800 ut
1486 2744 1697 2817 deprehensum
1710 2764 1741 2802 se
1756 2748 1831 2816 vidit,

154 2843 224 2908 quot
246 2838 413 2894 daemoniaci
434 2839 477 2895 vel
496 2840 584 2909 surdi,
607 2844 675 2912 quot
690 2842 780 2898 claudi
805 2859 855 2897 seu
879 2844 964 2910 muti,
1016 2839 1045 2891 et
1058 2837 1087 2891 in
1108 2841 1188 2892 tanto
1208 2837 1323 2892 turbine
1337 2837 1466 2893 nesciens
1481 2854 1537 2909 quo
1554 2854 1583 2893 se
1601 2844 1734 2908 verteret,
1750 2841 1832 2912 palli-

153 2929 210 2984 sivc
223 2931 299 2998 caeci,
314 2937 382 3003 quot
396 2933 520 3004 denique
536 2934 585 2988 alii
603 2934 769 3006 multigenis
784 2935 965 3006 egritudini·
1016 2930 1070 2985 dus
1083 2935 1112 2985 et
1126 2933 1253 2986 tremens
1265 2931 1433 3002 perurgenti
1447 2932 1587 2987 monacho
1601 2933 1762 3004 pretiosum
1775 2935 1833 3007 pig-

154 3023 207 3077 bus
221 3026 360 3096 oppressi,
377 3027 490 3097 penitus
508 3026 633 3082 alleviati
647 3031 714 3082 sunt
728 3031 757 3083 et
777 3029 876 3096 sanati,
893 3030 1003 3128 notisC
1016 3040 1071 3078 nns
1084 3023 1209 3092 exhibet,
1226 3023 1303 3095 qn0d
1319 3023 1366 3078 ille
1382 3040 1447 3078 111111
1465 3023 1575 3095 ingenti
1589 3025 1698 3095 8⁸¹¹le
1714 3026 1831 3099 recepit,

153 3118 348 3188 particulatim
368 3119 481 3190 signare
503 3121 679 3192 negavimus,
694 3126 722 3176 et
740 3137 903 3177 numerare.
918 3123 965 3176 ln·
1016 3122 1045 3172 et
1066 3133 1131 3173 mox
1152 3117 1186 3171 ad
1206 3116 1366 3171 coenobium
1386 3116 1498 3204 Sanctae
1513 3117 1666 3185 Trinitatis,
1687 3120 1833 3176 monachis

151 3209 250 3265 linitus
264 3211 340 3266 enim
356 3220 408 3278 cst,
422 3213 655 3285 utaequipollenti
669 3213 876 3285 significatione
892 3231 964 3286 prae·
1016 3215 1044 3265 et
1058 3209 1166 3264 cunctis
1186 3209 1293 3264 civibus
1312 3209 1403 3263 [lenm
1423 3209 1614 3277 laudantibus,
1634 3210 1762 3280 devehit,
1778 3213 1831 3269 ibi·

151 3304 327 3360 ostendimus
341 3312 369 3360 11
382 3306 464 3361 nohis
478 3307 641 3379 incognitus
654 3324 802 3363 numerus.
1015 3319 1071 3375 que
1086 3306 1200 3357 sauctus
1212 3301 1342 3358 Nicolaus
1356 3318 1445 3373 usqae
1460 3302 1546 3357 hodie
1560 3304 1684 3374 pignora
1697 3321 1749 3361 sun
1761 3307 1831 3362 lide-

152 3407 185 3463 x,
215 3409 344 3465 prurimae
370 3410 485 3466 ecdem
510 3411 641 3480 scripuras
671 3413 701 3467 g,
728 3412 835 3468 pecoraq
870 3414 965 3481 acqui.
1015 3396 1081 3452 liter
1102 3395 1283 3466 poscentibffl
1305 3395 1333 3449 in
1357 3395 1453 3450 multis
1476 3395 1691 3452 necessitatibus
1712 3399 1832 3454 mirifice

517 3495 595 3546 runt.
1015 3489 1163 3545 succurrit.
1178 3487 1313 3543 Praelatus
1331 3492 1430 3543 eutem
1442 3487 1625 3544 Erembertus
1638 3495 1703 3546 erat
1716 3492 1831 3547 natione

188 3581 324 3637 Praefatae
349 3583 488 3650 loannes,
515 3583 643 3639 Berensis
667 3583 904 3650 archidiaconus,
930 3599 965 3638 ex
1015 3582 1211 3648 Normannus,
1239 3585 1304 3636 ante
1331 3580 1546 3636 conversionem
1573 3582 1655 3637 miles
1683 3586 1831 3654 strennus,

149 3675 229 3745 quus
242 3674 315 3731 libro
329 3674 456 3731 breviter
476 3677 529 3732 boc
543 3678 682 3748 excerpsi,
698 3694 735 3732 111
756 3677 892 3749 praeclara
909 3675 963 3731 mi·
1015 3674 1195 3747 postmodum
1214 3688 1280 3729 vero
1300 3673 1456 3728 monachus
1476 3673 1506 3727 in
1521 3674 1622 3730 ordine
1636 3677 1773 3735 lervidus.

150 3769 248 3823 recula
272 3768 378 3841 scripto
400 3770 535 3840 signavit.
558 3770 612 3826 Sed
635 3786 686 3826 nec
713 3771 785 3842 ipse,
808 3785 862 3824 nec
890 3768 965 3824 alius
1051 3767 1166 3822 Bisdem
1180 3765 1366 3838 temporibus,
1378 3766 1494 3837 quidam
1504 3766 1588 3822 111111
1597 3769 1632 3824 de
1644 3770 1830 3841 Normannia,

151 3877 251 3918 omnes
266 3863 401 3918 sanitates
415 3867 444 3917 et
459 3864 515 3918 alia
533 3863 657 3918 subsidia
678 3863 800 3935 posteris
820 3861 965 3917 notificare
1015 3860 1200 3926 Guillelmus,
1229 3864 1422 3930 cognomento
1448 3858 1611 3929 Pantulius,
1638 3861 1668 3916 in
1699 3864 1832 3936 Apuliam

150 3955 253 4026 potuit,
269 3972 333 4026 quae
349 3957 422 4011 Beue
438 3956 631 4027 omnipotens,
647 3971 699 4026 pro
722 3955 831 4010 meritis
845 3954 964 4010 sanctis·
1015 3952 1095 4021 abiit,
1116 3956 1145 4007 et
1164 3951 1241 4023 quod
1263 3956 1393 4006 sanctum
1412 3950 1559 4007 Nicolaum
1581 3952 1662 4008 valde
1685 3953 1831 4028 diligebat,

150 4048 215 4103 simi
230 4048 372 4119 pontilicis
386 4049 501 4115 Nicolai,
516 4049 602 4104 servis
617 4049 675 4103 suis
695 4047 819 4103 fideliter
843 4047 964 4119 petenti·
1015 4046 1051 4101 de
1069 4044 1197 4116 reliquiis
1209 4044 1270 4115 ejus
1284 4044 1407 4098 multum
1425 4044 1565 4115 quesivit,
1582 4046 1700 4119 Beoque
1715 4049 1832 4120 juvente

148 4141 203 4195 bus
217 4157 309 4212 nsque
324 4141 409 4196 hodie
422 4141 740 4197 clementinsexhibuit.
753 4141 892 4212 Denique,
904 4156 966 4211 per·
1014 4137 1243 4209 procurationem
1270 4137 1341 4207 ejus,
1364 4151 1382 4190 1
1405 4136 1591 4209 reliquiarum
1616 4141 1833 4198 translatoribus

149 4234 282 4290 mittente
307 4236 374 4302 Beo,
391 4234 488 4306 plnres
509 4235 634 4290 ecclesie
654 4235 690 4289 de
713 4235 817 4290 sanctis
837 4233 965 4305 reliquiis
1015 4248 1105 4287 unum
1118 4231 1244 4300 dentem,
1259 4233 1288 4285 11
1301 4230 1359 4286 duo
1373 4230 1464 4285 lrusta
1481 4230 1518 4285 de
1536 4247 1701 4289 marmoreo
1721 4236 1831 4291 tumulo

147 4328 260 4402 praefati
273 4329 402 4399 presulis
417 4328 616 4385 obtinuerunt.
630 4330 663 4383 El
678 4346 735 4386 non
749 4329 842 4383 solum
857 4327 920 4383 Itali
937 4330 966 4382 et
1015 4324 1147 4380 obtinuit.
1161 4325 1227 4380 Erat
1239 4323 1316 4378 enim
1332 4323 1362 4378 in
1376 4322 1462 4378 armis
1475 4327 1617 4393 strennus,
1630 4325 1750 4398 ingenio
1763 4344 1833 4400 pre·

148 4423 268 4494 Pelasgi,
282 4421 332 4477 sed
349 4425 379 4477 et
397 4422 457 4476 aliae
479 4428 589 4494 gentes,
604 4422 708 4478 sanctis
729 4420 898 4495 pignoribus
913 4416 1098 4488 he·l)dilns,
1123 4418 1198 4473 inter
1219 4416 1425 4473 collimitaneos
1449 4433 1533 4472 sensu
1557 4417 1721 4492 divitiisque
1744 4422 1832 4477 maxi·

147 4516 225 4583 bilis,
249 4517 304 4572 Bao
326 4517 431 4587 gratias
451 4516 616 4571 concinunt.
637 4516 855 4587 christophorus
874 4513 962 4583 enim,
1015 4511 1068 4567 mis
1092 4510 1199 4582 Angliae
1232 4509 1377 4582 lteliaeque
1406 4510 1528 4565 dominis
1553 4511 1729 4568 notissimus.
1758 4515 1830 4571 Ben-

149 4610 266 4682 qnidam
289 4610 382 4680 miles,
397 4609 447 4682 qui
468 4610 649 4665 translationi
669 4609 772 4665 nobilis
794 4607 899 4662 Nicolai
920 4606 964 4661 in·
1014 4608 1074 4659 tem
1094 4603 1189 4675 itaque
1210 4603 1281 4659 lauti
1302 4603 1419 4659 baronis
1438 4607 1547 4670 nactus,
1564 4605 1770 4663 Normanniam
1786 4625 1830 4663 re·

147 4704 255 4771 teriuit,
270 4720 356 4758 unam
378 4710 484 4759 costam
508 4703 537 4758 in
560 4703 739 4759 manicaeus
759 4701 811 4756 sibi
834 4699 963 4767 retinuit,
1015 4698 1077 4766 diit,
1093 4702 1120 4753 et
1133 4697 1170 4752 ad
1183 4696 1332 4770 proprium
1345 4697 1495 4768 praedium,
1505 4697 1582 4768 quod
1595 4698 1703 4754 Norom
1716 4699 1829 4770 dicitur,

149 4814 202 4853 nec
224 4799 314 4853 multo
337 4803 401 4870 post
423 4798 591 4864 infirmatus,
615 4797 650 4851 ad
675 4796 845 4851 venusiense
868 4809 962 4849 coeno·
1014 4792 1108 4864 plures
1126 4806 1271 4864 personas,
1291 4794 1325 4845 ut
1345 4806 1471 4861 congrue
1486 4789 1622 4862 reliquias
1638 4793 1828 4866 susciperent,

147 4892 227 4947 bium
246 4893 386 4964 confugit,
413 4891 614 4947 monachatum
633 4907 650 4944 a
673 4888 847 4960 Berengario
868 4887 962 4942 archi·
1014 4884 1183 4941 denuntiato
1197 4884 1243 4939 die
1256 4883 1393 4939 accersiit.
1595 4880 1602 4895 ’

148 4985 293 5041 mandrita
302 4985 451 5057 requisivit
462 4988 491 5040 et
504 4983 674 5055 impetravit,
689 4997 843 5053 secumque
854 4985 963 5035 costam
1049 4981 1130 5034 Anno
1143 4977 1237 5049 itaque
1257 4976 1412 5033 Dominicae
1424 4976 1631 5033 lucarnetionis
1646 4981 1728 5049 toea,
1742 4980 1828 5036 indic·

149 5080 237 5134 sancti
257 5079 362 5135 Nicolai
383 5080 494 5135 Sanctae
518 5077 650 5134 Trinitati
670 5075 863 5149 praesentavit,
885 5073 964 5130 etde
1014 5072 1091 5127 tione
1111 5087 1156 5141 xv,
1180 5071 1249 5126 dens
1271 5069 1338 5125 almi
1359 5069 1526 5125 contessoris
1545 5070 1662 5139 Nicolai,
1682 5088 1751 5129 curn
1771 5072 1829 5129 aliis

150 5172 248 5227 morbo
261 5173 414 5228 convaluit,
1014 5168 1179 5220 sanctorum
1194 5163 1323 5235 reliquiis
1335 5179 1352 5217 a
1366 5162 1516 5218 Gnillelmo
1530 5162 1662 5219 Pantulio
1678 5164 1716 5220 de
1730 5165 1829 5238 Apulia

183 5265 289 5322 Eodem
304 5271 435 5338 tempore
448 5265 619 5339 Stephanus,
634 5265 734 5319 cantor
746 5261 867 5317 coenobii
884 5260 963 5332 quod
1013 5258 1122 5313 delatus
1146 5259 1197 5324 est,
1220 5259 1249 5312 et
1272 5256 1302 5310 in
1325 5255 1441 5311 basilica
1460 5255 1640 5324 Noromensi,
1664 5256 1696 5312 in
1719 5258 1828 5315 honore

148 5360 232 5416 Fulco
252 5358 355 5426 senior,
379 5374 487 5426 comes,
503 5358 580 5431 apud
601 5357 788 5429 Andegavam
808 5353 911 5410 urbem
932 5353 963 5410 in
1013 5350 1102 5407 sancti
1127 5350 1203 5405 Petri
1229 5349 1322 5422 prisco
1352 5352 1483 5421 tempore
1512 5347 1643 5413 condita,
1672 5350 1829 5408 honorilice

147 5454 260 5510 honore
278 5452 368 5508 sancti
389 5448 863 5521 11111111111111111111111111
879 5446 961 5519 abiit,
1013 5448 1169 5516 susceptus.
1183 5444 1224 5500 ld
1241 5443 1317 5500 hanc
1334 5442 1434 5515 utique
1451 5442 1663 5515 susceptionem
1678 5444 1827 5519 Bogerius,

147 5549 176 5604 et
190 5563 244 5621 per
263 5546 407 5602 licentiam
427 5546 525 5602 domni
545 5545 652 5601 Natalis
673 5543 782 5600 abbatis
796 5541 840 5598 sui
860 5556 962 5597 mona·
1013 5537 1149 5593 Uticensis
1176 5536 1272 5607 abbas,
1298 5539 1327 5594 et
1350 5534 1496 5604 liedulfus,
1519 5538 1587 5592 tunc
1612 5537 1757 5611 temporis
1780 5540 1827 5597 Sa-

147 5640 222 5698 chile
236 5641 353 5697 schema
367 5657 402 5697 ex
417 5639 558 5696 industria
572 5638 690 5711 dimisit,
705 5637 812 5694 deinde
829 5640 861 5691 ut
880 5632 963 5690 cleri·
1013 5630 1119 5705 3111111
1135 5630 1232 5699 abbas,
1246 5630 1295 5687 sed
1309 5628 1497 5702 postmodum
1507 5628 1724 5689 cantuariensis
1734 5632 1827 5689 arehi-

146 5751 197 5792 rns
217 5735 285 5794 Bari
305 5734 453 5805 habitarit,
467 5749 659 5810 magnamque
680 5729 915 5800 familiaritatem,
930 5743 963 5784 ac
1012 5725 1172 5799 episcopus,
1197 5723 1323 5782 accersiti
1348 5726 1426 5788 sunt,
1452 5725 1484 5781 et
1508 5736 1574 5781 cunr
1599 5722 1715 5801 ingenti
1737 5724 1829 5785 stadio
