3750 6046
35 136 87 195 bbb
714 130 873 187 ORDERlCl
891 128 1020 187 Virilis
1660 129 1712 186 bbt

37 256 192 333 prehensos
205 256 368 326 vinxerunt,
379 255 583 311 etBuamunda
596 257 847 327 presentaverunt.
860 255 993 339 APceem
1007 267 1068 322 erqo
1087 268 1147 309 cum
1162 254 1218 309 iltis
1236 255 1381 321 faciamus,
1399 259 1425 310 et
1442 264 1504 329 qua
1523 252 1604 312 rura
1622 234 1713 311 abstu-

38 349 210 422 lnterragati
223 365 274 404 cur
287 354 346 405 tam
361 347 495 420 nequiter
507 350 635 421 agerent,
649 364 715 403 cum
730 364 851 404 sunnon
903 347 1001 409 lerunt,
1016 348 1053 403 eis
1066 347 1224 403 reddamus.

40 443 236 500 inimicaretur
262 442 442 515 imperatori,
467 441 678 514 responderunt
701 459 707 497 :
730 445 797 505 Nes,
821 444 851 497 in
936 449 1054 505 Coactus
1081 451 1124 504 est
1149 449 1247 521 itaque
1270 465 1355 521 sagax
1383 448 1566 505 buamundus
1590 447 1714 504 consiliis

37 552 106 608 rapu
127 538 299 607 inperatoris
322 536 412 599 beati,
432 537 503 591 mitit
517 535 594 591 atiud
615 550 693 606 apere
710 550 852 606 passumus
901 542 1072 597 Francorum
1088 546 1121 598 ut
1134 557 1232 614 pacem
1246 542 1352 599 iaceret
1369 558 1435 598 cum
1448 542 1623 614 imperatore
1639 541 1713 597 Grae·

38 646 123 702 quam
149 629 222 700 qaod
247 631 304 701 ipse
329 631 454 702 imperat.
480 629 538 684 llac
566 628 602 683 ab
630 628 725 684 invitis
746 628 852 685 bellum
901 650 1009 705 corum,
1020 635 1056 690 ad
1070 638 1372 708 magnum‚ntpostca
1381 635 1490 700 claruit,
1504 633 1713 691 detrimentum

38 721 201 797 peregrinis
218 722 325 778 lactum
342 727 385 777 est
397 738 422 775 rr
438 720 509 777 feria
523 721 553 776 in
568 722 658 793 capite
673 721 852 793 jejuniorum
902 728 1139 785 Christianarum.
1159 726 1320 801 Requisitus
1341 729 1496 801 imperator
1511 726 1615 785 iuratis
1630 726 1715 799 gasti.

42 813 100 891 [die
116 818 148 872 lb
162 815 310 871 Februarii
325 814 414 886 1097].
901 822 955 877 bus
968 822 1062 877 savera
1074 819 1244 878 nostratibus
1258 821 1372 894 sategit,
1391 827 1420 877 et
1437 820 1640 893 Carpulatium,
1661 819 1716 876 sibi

77 917 272 986 normandus,
291 916 427 990 nequitiae
446 918 564 974 Caesaris
583 916 747 990 indignatus
765 934 795 973 sa
815 924 854 972 ta·
901 915 985 971 valde
1002 914 1183 985 familiarem,
1196 931 1262 970 cum
1279 914 1339 970 aliis
1355 914 1467 987 legatis,
1487 914 1657 970 Bnamunda
1676 912 1734 968 ‹li--

42 1025 112 1067 man
132 1011 277 1081 repressit,
300 1015 398 1082 captas
421 1009 536 1081 quidam
557 1009 715 1083 impunitas
735 1010 853 1079 dimisit,
902 1010 986 1078 rexit,
1001 1010 1191 1081 quicumper
1205 1008 1403 1067 terramillam
1416 1023 1513 1065 secure
1525 1006 1715 1074 deducerent,

10 1090 13 1095 ⁸
42 1101 94 1158 sed
107 1119 144 1158 na
157 1102 216 1157 suis
231 1102 265 1158 de
278 1106 381 1157 catara
394 1107 538 1171 uocarent,
553 1103 766 1160 interminando
781 1120 854 1160 cam·
903 1103 996 1159 ateis
1022 1102 1129 1174 ubique
1154 1106 1310 1158 marcatum
1335 1100 1545 1174 impenderent.
1568 1099 1712 1172 lienique,

43 1195 164 1267 pascuit.
179 1197 242 1263 Nos,
257 1194 350 1266 inquit
362 1196 419 1249 suis
433 1195 629 1265 familiaribus,
644 1199 790 1253 transituri
805 1213 855 1269 per
904 1200 1115 1268 prauitampus
1128 1195 1315 1268 pascebatis
1328 1194 1439 1251 lacoad
1452 1194 1546 1250 lacum
1559 1196 1650 1250 castra
1659 1208 1717 1249 ma

42 1290 241 1360 imperatorem,
261 1293 390 1344 tumorem
407 1291 493 1345 animi
508 1304 713 1362 compescamus,
733 1296 758 1345 et
776 1307 810 1345 aa
823 1291 856 1346 it·
904 1289 956 1344 tati
978 1292 1054 1360 sunt,
1078 1292 1108 1344 at
1128 1304 1180 1360 per
1201 1288 1342 1344 mutuum
1364 1289 1478 1345 Serram
1497 1302 1589 1359 usque
1611 1286 1720 1341 liusam

45 1381 101 1437 tum
118 1380 216 1451 amase
233 1382 429 1445 caecabamur,
448 1389 533 1453 prout
547 1397 697 1454 passumus,
717 1385 854 1440 evitemus.
905 1381 1047 1439 civitatem
1059 1385 1211 1438 venerunt.
1224 1381 1265 1437 lbi
1277 1397 1355 1450 rara,
1369 1395 1546 1453 quacunque
1559 1379 1720 1436 necessaria

42 1476 177 1532 iirtrcma
199 1476 343 1545 imperitia
367 1490 449 1545 penas
471 1481 526 1539 est,
554 1477 684 1532 homiuem
708 1477 748 1531 ibi
771 1482 857 1533 tatum
906 1478 997 1543 arant,
1011 1492 1028 1530 a
1041 1475 1142 1533 Graecis
1154 1473 1328 1531 sufficienter
1339 1474 1523 1546 comparatis,
1536 1488 1603 1529 suos
1623 1475 1719 1529 tatan-

45 1569 138 1636 efflare
153 1570 289 1638 spiritum,
303 1568 351 1622 ubi
368 1573 510 1624 commotus
529 1572 636 1625 unimus
654 1570 855 1626 auliumbabe-
906 1569 1010 1625 derant
1035 1568 1195 1641 papiliones
1218 1567 1292 1623 laria
1316 1584 1345 1624 rr
1368 1571 1433 1624 ante
1458 1567 1576 1623 Coenam
1603 1565 1720 1620 Domini

46 1661 86 1716 bit
106 1660 235 1730 effectum.
261 1663 353 1726 Parra,
376 1661 531 1731 prementia
550 1661 644 1718 modus
665 1668 702 1718 est
719 1628 894 1734 potestatiB
909 1661 1010 1735 [Μέθη.
1027 1662 1114 1717 Parra
1134 1660 1328 1729 buamundus,
1350 1659 1391 1714 ihi
1409 1675 1460 1716 sua
1479 1664 1565 1732 genta
1586 1659 1719 1728 dimissa,

44 1768 110 1808 aum
135 1751 266 1808 bominem
291 1768 319 1808 se
342 1755 431 1824 ipsum
458 1754 638 1818 dissimulare,
665 1756 713 1811 ubi
734 1760 858 1827 potentie
906 1769 971 1811 cum
985 1754 1082 1826 paucis
1098 1754 1134 1810 ad
1152 1757 1311 1826 Augustum
1325 1752 1404 1826 loqui
1417 1753 1562 1825 proiectus
1580 1754 1636 1808 ast.
1649 1753 1721 1807 Tan-

45 1861 96 1902 sua
119 1847 215 1916 aequit
238 1847 374 1916 appetitui
400 1848 566 1914 satisfacere.
590 1848 744 1904 Pruderrtiae
767 1856 806 1905 est
829 1852 858 1906 in
907 1849 1007 1905 aradus
1024 1850 1119 1903 autem
1141 1846 1324 1917 Christianos,
1339 1847 1370 1902 in
1386 1845 1720 1918 expeditiauapanpera·

47 1943 152 2008 tempus
172 1938 297 2009 differre,
317 1939 391 2009 quod
410 1941 536 1996 continua
558 1957 611 1996 aaa
632 1945 718 2012 passis
740 1945 857 2014 capiere.
906 1946 959 2010 tas,
973 1941 1123 2013 paraliam
1136 1939 1367 1997 riaminrallam
1377 1939 1507 2009 uberem,
1520 1937 1721 1995 etnutdmen·

46 2032 150 2088 Rursus
174 2031 302 2088 socordia
324 2037 352 2087 et
373 2034 490 2101 maevia
511 2034 714 2105 redarguendus
739 2042 788 2100 est,
812 2039 860 2107 qui
907 2035 945 2091 tis
956 2033 1150 2106 corporalibus
1161 2033 1307 2101 refertam,
1323 2033 1472 2100 conduxit3
1486 2031 1535 2088 ubi
1547 2031 1655 2088 Pascha
1669 2032 1723 2087 lio·

46 2139 107 2180 cam
118 2124 194 2179 ultra
209 2139 261 2179 aaa
271 2127 364 2195 possit,
381 2127 487 2181 intonat
499 2128 595 2195 mima,-
614 2143 747 2185 eumaem
762 2133 857 2201 possit,
907 2128 979 2183 mini
990 2126 1213 2184 celebraverunt.
1224 2125 1348 2194 alexius,
1358 2126 1485 2193 erudiens,
1497 2141 1583 2197 quem
1595 2124 1723 2181 nimium

47 2217 134 2273 illata
159 2217 326 2273 obliviscitur
350 2220 542 2289 improbitatis.
567 2221 598 2276 Si
620 2237 776 2292 possemus,
800 2225 858 2279 Au·
908 2220 1068 2288 verebatur,
1091 2219 1236 2275 advenisse
1264 2218 1475 2289 Buamundum,
1499 2234 1516 2273 a
1540 2234 1596 2290 qua
1620 2217 1723 2273 bisin

47 2315 157 2382 qustum
172 2311 304 2381 beneflciis
321 2325 491 2382 superemus3
509 2315 552 2369 sia
570 2318 670 2378 autem
691 2317 766 2371 mutu
784 2318 859 2372 nobis
908 2330 1007 2387 pugna
1018 2317 1165 2385 superatus
1177 2313 1280 2383 iuerat,
1295 2312 1452 2370 honorifica
1471 2312 1604 2384 suscepit,
1626 2316 1657 2367 st
1672 2328 1722 2366 ex·

46 2404 129 2460 ittma
147 2405 335 2474 equanimiter
356 2404 565 2463 dissimulemus.
584 2408 650 2463 iloec
667 2407 716 2477 ait,
736 2414 766 2464 et
785 2409 859 2465 iram
909 2412 955 2464 tra
979 2406 1136 2475 civitatem,
1164 2410 1248 2478 prout
1275 2408 1427 2477 utrumque
1453 2404 1584 2474 decebat,
1608 2404 1724 2477 copiose

49 2495 140 2552 animi
159 2496 261 2552 tacitus
278 2496 427 2569 conducit,
446 2501 475 2554 et
486 2499 596 2572 legatos
608 2500 644 2557 ad
657 2501 860 2575 imperatorem
909 2500 1079 2574 procuravit.

48 2604 101 2661 pra
123 2589 303 2662 impetranda
322 2592 481 2663 peregrinis
499 2595 564 2651 lesu
585 2594 688 2650 Christi
710 2596 860 2653 securitate
946 2606 1060 2660 interea
1077 2601 1136 2658 dur
1151 2601 1333 2670 Godairedns,
1353 2601 1428 2657 ultra
1445 2601 1597 2657 Brachium
1615 2599 1725 2656 relictis

50 2680 163 2738 ffifflit·
910 2697 1002 2765 sociis,
1026 2695 1299 2767 Constantinopolim
1322 2695 1452 2762 redierat,
1475 2694 1611 2767 quoniam
1627 2693 1724 2765 impe·

85 2789 165 2842 Anna
177 2785 212 2840 ab
226 2787 424 2843 incarnatione
437 2788 551 2844 Domini
567 2793 646 2861 1097,
663 2792 818 2848 indictione
833 2810 860 2862 v,
909 2796 997 2858 rator,
1011 2795 1042 2845 ut
1054 2789 1081 2844 ci
1094 2789 1249 2860 pepigerat,
1263 2792 1423 2844 marcatum
1443 2789 1555 2844 nullum
1575 2787 1724 2843 transmit·

49 2878 219 2947 Radbertus,
245 2879 300 2935 dux
321 2881 559 2951 Narmnnnorum,
583 2887 612 2940 et
632 2886 712 2957 lluga
732 2887 860 2957 ilagnus,
911 2883 997 2940 tabat.
1021 2883 1175 2954 Episcopus
1197 2897 1264 2936 vera
1286 2880 1432 2937 Padicnsis
1453 2887 1482 2937 et
1503 2877 1660 2936 Tolosanus'
1679 2896 1727 2936 ca·

50 2969 210 3041 Stephanus
240 2972 390 3042 blesensis,
420 2976 449 3029 at
478 2975 637 3032 Radbertus
667 2977 983 3061 Flandrensis,Cmas,
1002 2991 1053 3030 sua
1076 2975 1180 3030 iterum
1202 2978 1269 3045 past
1289 2991 1319 3029 sa
1342 2974 1503 3030 intermissa
1527 2973 1724 3041 multitudine,

50 3062 156 3134 aliique
172 3080 315 3135 proceras,
335 3067 385 3139 qui
405 3067 440 3122 de
463 3068 560 3123 multis
577 3070 729 3141 provinciis
746 3087 859 3143 procas·
910 3070 1039 3127 aderant.
1061 3069 1214 3139 imperator
1227 3072 1333 3137 summ,
1347 3067 1462 3123 consilia
1478 3067 1653 3136 Graecarum,
1674 3067 1726 3140 qui

51 3161 157 3225 serant,
172 3159 200 3213 at
213 3158 244 3212 in
257 3159 337 3215 ltalia
354 3176 418 3216 cum
439 3162 557 3217 catervis
576 3163 632 3218 suis
654 3163 860 3235 hiemaverant,
909 3162 991 3220 ualde
1009 3161 1210 3234 precavebant
1228 3176 1264 3217 na
1286 3159 1360 3216 farta
1383 3160 1483 3216 Franci
1504 3163 1674 3232 congregati
1694 3167 1726 3216 in

52 3248 183 3306 alacriter
212 3253 317 3323 parati,
344 3252 456 3324 placida
483 3271 547 3311 vere
577 3257 694 3329 pelagus
724 3259 862 3315 sulcantes
911 3273 958 3313 eas
975 3255 1169 3327 insurgerent,
1191 3254 1328 3326 bonisque
1349 3253 1406 3309 suis
1429 3268 1475 3309 aas
1495 3254 1652 3325 privarent,
1673 3254 1726 3311 ha·

51 3342 234 3413 Adriaticum,
253 3345 516 3417 transfretaverunt,
533 3351 562 3404 et
580 3350 673 3405 ilarca
694 3351 861 3408 buamundo
911 3366 975 3405 raas
992 3348 1118 3421 singulas
1133 3364 1186 3419 per
1202 3347 1394 3404 internuntios
1412 3346 1551 3403 allocutus
1570 3351 1614 3402 est
1632 3348 1725 3403 bomi-

52 3435 82 3490 in
99 3436 260 3494 blacedonia
278 3440 376 3496 sociati
401 3445 476 3497 sunt.
493 3442 564 3497 llum
586 3447 667 3500 tanta
685 3444 817 3501 nobilitas
831 3446 862 3501 in
911 3443 1050 3514 niumqua
1065 3440 1101 3497 ab
1116 3440 1159 3496 eis
1172 3444 1201 3496 et
1215 3439 1380 3496 fidelitatem
1394 3441 1498 3512 exegit.
1513 3440 1592 3505 Quod
1610 3440 1634 3497 si
1647 3440 1726 3496 iace·

51 3546 143 3586 unum
171 3533 317 3603 convenit,
343 3537 371 3588 at
398 3533 625 3606 incomparabilis
650 3537 775 3608 probitas
802 3538 863 3594 sine
912 3540 987 3603 rant,
1014 3539 1172 3590 marcatum
1191 3536 1221 3588 et
1238 3532 1420 3601 conductum,
1440 3549 1526 3605 seque
1546 3533 1640 3605 ipsum
1664 3539 1728 3606 past

51 3627 165 3685 fictione
186 3627 222 3682 ad
241 3643 312 3698 opus
334 3626 381 3683 liei
403 3644 432 3683 se
452 3629 564 3700 obtulit,
585 3629 686 3702 ingens
705 3632 813 3688 cunctis
830 3633 864 3687 ti-
913 3645 962 3684 cos
976 3628 1093 3697 iturum‚
1111 3626 1208 3698 eisquc
1227 3642 1293 3682 cum
1315 3627 1447 3681 amnibus
1467 3626 1556 3698 capiis
1576 3626 1636 3682 suis
1657 3627 1726 3683 sub-

39 3721 197 3777 mentibus
207 3720 367 3792 bcum‚qui
377 3721 503 3790 aderant,
515 3722 672 3793 tripudium
682 3723 745 3780 suit.
753 3725 864 3781 alexius
912 3726 1066 3778 venturum
1087 3718 1228 3792 promisit.
1244 3718 1486 3791 angustiabantur
1506 3719 1616 3787 Franci,
1637 3724 1667 3776 et
1682 3720 1729 3791 ju·

54 3819 151 3870 antem
159 3814 326 3886 imperator,
338 3813 562 3885 quijamdudum
572 3814 776 3888 Cisalpinorum
785 3834 865 3874 arma
913 3830 979 3871 rara
991 3813 1140 3882 nolebant,
1156 3828 1208 3868 nec
1219 3811 1300 3867 aliter
1313 3813 1354 3868 ais
1368 3811 1480 3883 Pelasgi
1493 3811 1644 3868 transitum
1661 3828 1727 3885 par·

54 3906 177 3979 graviter
189 3911 321 3977 expertus
334 3909 385 3973 est,
399 3905 496 3962 audita
513 3908 636 3963 adventu
653 3911 798 3965 tantorum
813 3911 864 3967 ba·
914 3906 1075 3962 mittebant.
1091 3906 1191 3962 Franci
1204 3911 1303 3961 cantra
1315 3904 1489 3961 Christianos
1502 3921 1630 3977 pugnare
1644 3906 1726 3962 nale·

54 4015 159 4056 ronam
184 3998 270 4053 nimis
295 3998 409 4053 territus
432 4003 484 4066 est,
508 4001 538 4054 et
560 4005 709 4072 perspecta
730 4006 790 4058 arte
814 4020 865 4075 per
914 4000 993 4067 bant,
1011 3999 1162 4055 transbum
1177 3998 1280 4053 habere
1299 3997 1407 4069 paciilci
1427 4013 1485 4053 nan
1503 4002 1648 4070 poterant.
1668 4000 1727 4055 lm·

55 4108 141 4165 quam
153 4090 310 4163 periculum
323 4090 463 4156 eraderet,
480 4091 532 4147 sub
545 4093 638 4163 specie
652 4094 728 4165 pacis
741 4111 790 4150 eos
802 4095 865 4152 dolo
914 4092 1041 4164 perfecta
1049 4091 1086 4147 ad
1099 4092 1175 4164 quad
1188 4091 1280 4146 ierant
1292 4091 1419 4163 negotio,
1431 4091 1467 4147 ad
1479 4091 1596 4163 propria
1610 4093 1728 4164 regredi

55 4189 189 4260 decipere
206 4193 323 4244 conatus
343 4192 394 4243 est.
413 4190 478 4243 Erat
492 4189 571 4245 enirn
592 4189 707 4246 callidus
725 4197 754 4248 et
772 4193 866 4248 iacun·
915 4189 1164 4245 abominabantur.
1184 4187 1310 4244 Tandem
1331 4188 1429 4243 multis
1449 4188 1537 4244 coacti
1556 4188 1729 4245 necessitati-

56 4287 121 4355 dus,
138 4286 245 4357 largus,
261 4290 289 4341 at
300 4285 417 4341 labendi
435 4285 535 4341 artilex
554 4286 727 4359 ingeniosus.
746 4291 866 4361 Legatos
915 4285 977 4354 bus,
997 4287 1165 4358 juraverunt
1183 4285 1277 4341 Aleria
1297 4285 1467 4357 imperatori
1487 4286 1574 4341 vitam
1593 4291 1624 4342 et
1638 4287 1729 4343 hano-

56 4384 146 4457 igitur
158 4384 193 4440 ad
207 4382 316 4439 nabiles
329 4381 496 4455 peregrinos
514 4383 602 4452 misit,
617 4389 646 4440 et
660 4401 760 4457 pacem
776 4386 811 4441 ab
827 4349 905 4443 eisD
918 4399 991 4451 rem,
1005 4382 1081 4454 quad
1096 4391 1231 4438 neutrum
1250 4381 1275 4437 ei
1296 4381 1451 4453 auferrent,
1469 4384 1560 4455 quoad
1577 4383 1639 4456 ipsa
1654 4385 1733 4457 quod

57 4481 207 4538 humiliter
220 4480 374 4552 requisivit,
388 4480 568 4553 liberumque
581 4482 733 4538 transitum
747 4500 798 4555 per
811 4487 867 4540 ter·
915 4480 1041 4552 jurabat,
1054 4479 1130 4535 bona
1144 4479 1200 4534 ilde
1217 4483 1336 4535 teneret.
1350 4479 1500 4536 'tolosanus
1517 4484 1612 4537 autem
1632 4496 1733 4538 carnes

55 4596 118 4636 ram
138 4595 229 4647 suam,
247 4584 276 4634 et
295 4578 487 4634 necessarium
509 4580 658 4651 negotium
673 4587 758 4652 atque
777 4582 868 4637 subsi·
919 4578 983 4648 plus
1008 4577 1070 4632 aliis
1093 4576 1283 4644 renitebatur,
1307 4576 1367 4633 imo
1391 4576 1564 4649 irrequietus
1588 4578 1734 4650 cogitabat

56 4678 137 4733 dium
161 4693 191 4733 se
214 4677 269 4732 illis
297 4676 429 4732 daturum
455 4692 520 4732 cum
541 4677 704 4748 juramenta
727 4678 867 4748 promisit.
919 4675 1061 4747 quomado
1074 4675 1296 4746 daimparatara
1314 4675 1505 4731 ulcisceretur.
1522 4675 1673 4732 Prmvaluit
1689 4679 1733 4731 ia·

56 4775 117 4829 Dur
138 4791 206 4830 raro
225 4774 418 4840 buamundus,
440 4773 489 4845 qni
508 4773 623 4829 fraudes
644 4774 704 4845 ejus
723 4775 794 4831 bene
814 4776 867 4830 du·
918 4789 987 4828 men
1006 4771 1168 4827 communis
1188 4771 1309 4826 heroum
1331 4772 1480 4841 sententia,
1504 4778 1535 4827 et
1554 4773 1589 4829 ab
1611 4773 1666 4829 huc
1688 4774 1733 4829 in·

55 4874 124 4927 dum
140 4877 272 4943 expertus
287 4873 357 4938 crat,
371 4886 495 4942 eumque
513 4870 588 4925 bello
605 4870 649 4925 bis
667 4871 817 4940 devicerat,
831 4873 867 4927 si·
918 4870 1046 4926 tentione
1077 4869 1238 4925 animasum
1272 4869 1406 4924 comitam
1440 4871 1484 4924 vir
1517 4879 1731 4929 revocaverant.

55 4969 172 5025 mulctis
199 4967 401 5040 sponsionibus
433 4984 491 5023 nan
520 4967 674 5039 acquievit3
702 4969 749 5024 sed
780 4970 869 5025 socios
919 4967 1025 5024 iurarit
1047 4967 1152 5040 itaque,
1182 4966 1229 5021 sed
1256 4966 1293 5022 ad
1318 4966 1479 5023 hominium
1505 4983 1654 5040 nunquam
1681 4970 1732 5025 da·

57 5083 122 5121 suas
142 5067 177 5121 ad
193 5065 377 5121 obsidendam
398 5064 667 5137 Constantinopolim
687 5065 806 5123 viriliter
822 5067 867 5121 in·
919 5065 1019 5120 ductus
1047 5069 1098 5120 est.
1131 5062 1209 5119 lllico
1239 5063 1328 5137 igitur
1355 5068 1530 5137 preceptum
1557 5068 1600 5121 est
1624 5065 1660 5122 da
1684 5082 1733 5122 na-

59 5162 167 5230 citarit,
195 5161 337 5217 simultis
361 5178 393 5217 ac
410 5160 614 5233 probabilibus,
639 5163 692 5218 hac
717 5161 769 5218 sibi
794 5179 869 5218 cam·
919 5162 1005 5234 rigia.

56 5257 255 5315 modissimnm
278 5273 348 5326 essa,
369 5257 590 5331 allegationibus
609 5260 759 5317 manifeste
778 5263 869 5317 ostan-
953 5259 1116 5315 tancradus
1137 5257 1253 5315 interim
1273 5275 1339 5316 cum
1362 5260 1487 5316 exercitu
1509 5260 1563 5317 sibi
1582 5260 1734 5317 commisso

59 5356 109 5413 dit.
135 5355 235 5412 l'ranci
256 5360 352 5412 autem
373 5355 507 5413 dixerunt
530 5373 537 5411 ι
557 5361 612 5414 Nos
632 5359 744 5416 diuitias
764 5364 870 5418 metrae
901 5357 1080 5415 advenerat.
1102 5357 1225 5414 Audiens
1243 5359 1339 5431 itaque
1360 5359 1438 5433 qnod
1454 5358 1601 5416 alexiusa
1620 5359 1735 5432 majori·

60 5455 263 5524 dereliquimus,
282 5458 308 5508 et
321 5455 567 5524 peregrinationem
584 5461 677 5527 sparte
693 5459 815 5528 aggressi
828 5472 869 5513 su-
918 5454 971 5511 bus
993 5456 1272 5528 natujuramentum
1293 5461 1436 5529 exegerat,
1455 5473 1520 5513 cum
1541 5456 1682 5515 liicbarda
1698 5456 1735 5513 da

58 5565 128 5614 mus,
144 5554 174 5605 ut
190 5566 242 5621 pra
258 5566 348 5607 umore
365 5551 465 5608 Christi
481 5567 601 5623 paperem
618 5555 824 5621 emtundamus
843 5560 870 5613 et
917 5555 1080 5628 principatu
1102 5554 1180 5612 inter
1198 5554 1323 5629 plebeias
1342 5555 1461 5626 delituit,
1480 5562 1510 5611 et
1528 5555 1673 5630 puppibus
1689 5573 1735 5614 aa·

57 5648 223 5707 Christianos
237 5649 387 5706 liberemus.
405 5649 493 5709 Greci
512 5656 605 5709 acum
625 5651 772 5712 caristiam
790 5659 865 5712 scat.
918 5653 1048 5712 celeratis
1062 5668 1202 5728 properos
1218 5653 1394 5730 pertransiit.
1410 5652 1592 5714 mannans
1608 5655 1732 5716 etl'clo·
