3750 6046
46 130 52 137 ’
92 166 127 220 so
771 162 933 222 oauaaru
955 166 1083 223 virius
1472 236 1476 243 ,
1741 174 1775 227 so

92 303 160 359 rege
180 288 338 359 proposuit,
352 286 402 359 qui
417 302 497 343 servo
515 288 685 359 supplicanti
701 287 798 344 decani
820 289 907 344 millia
918 304 945 374 Α
992 291 1075 340 t'r'ueo
1089 290 1159 340 culto
1173 289 1242 353 (uim
1257 290 1371 343 cultores
1383 294 1493 356 praemio
1508 300 1640 357 quaeerit.

92 381 199 437 taleme
221 381 350 448 indulsit,
377 389 405 436 et
429 381 465 436 de
487 381 589 437 eodem
610 398 690 436 servo
713 383 763 454 qui
789 388 906 438 centum
988 371 1049 420 ΝΜ
1064 370 1277 434 ‘⁰1¹⁰'2‘lttllt'b
1292 370 1623 435 aquatiodouosueruut.

91 474 224 531 denarios
245 491 381 531 conservo
403 492 455 531 suo
482 476 643 531 condonare
669 475 761 531 noluit
783 476 905 547 (flattu,
989 451 1278 592 ξέἑιὶᾜθῑῖῖνὲθςῖηρῖῗ,
1292 452 1672 584 ffssfflgwmfflss'am

90 585 166 638 Μ’
182 573 260 636 “353
276 572 374 675 ΜΨ
388 587 425 638 ¹¹’
441 572 539 674 3²⁹4&
558 572 631 632 Μ’
648 586 683 636 '¹’
697 571 803 675 fio-ta).
989 608 1031 658 Sic
1047 611 1114 659 Deus
1127 610 1239 660 osteudit
1253 545 1334 675 qrrqod,
1350 546 1563 677 quandocunque
1576 613 1695 671 uelimus,

125 664 334 719 C⁰¹¹³¹¹¹¹¹¹¹¹⁸l¹⁵
369 663 551 719 ³²i¹¹¹⁰¹¹¹hu⁵
586 668 650 735 lt⁰St
683 664 833 731 fflbfliilfflr
872 665 906 720 de
988 689 1269 754 Aggredioniuropue,
1286 692 1350 741 certi
1364 692 1628 743 demrmeresumus.

92 758 252 814 bumilitate
266 757 491 814 commendanda
506 765 534 812 et
553 758 726 825 innocentia,
740 758 775 813 de
793 774 905 813 eorrec-

90 852 170 907 tione
184 856 212 907 et
225 852 318 922 venia,
334 852 400 923 pius
413 853 541 907 doetora
558 852 672 907 tialilrra
687 852 821 923 migravit
836 859 863 907 et
877 852 906 906 in
1241 864 1312 917 vlll.
1330 864 1485 933 Sequentia.

90 945 163 1001 lines
179 946 283 999 iudane
304 949 382 1000 trans
403 945 556 1000 iordanem
581 946 667 999 venit.
692 944 729 998 lbi
756 952 907 1016 sequentes

91 1040 189 1094 turbas
201 1039 310 1094 curavit
322 1040 442 1107 (diutile,
460 1056 515 1106 xix,
533 1042 558 1105 l,
571 1042 610 1099 6ὶ).
993 1039 1133 1092 Hactenus
1153 1054 1239 1108 opera
1252 1054 1316 1108 quae
1339 1039 1475 1094 Dominus
1491 1040 1519 1094 in
1534 1040 1614 1094 initio
1634 1041 1774 1111 praediea·

128 1132 372 1203 interrogantibus
396 1131 544 1187 pharisaeis
565 1134 588 1185 si
614 1133 681 1188 lieet
705 1132 765 1188 siro
786 1149 905 1188 uxorem
958 1130 1040 1184 tionis
1059 1147 1116 1185 sua
1139 1132 1206 1186 lecit
1219 1148 1272 1203 per
1287 1132 1447 1201 biennium,
1462 1139 1546 1203 prout
1565 1150 1599 1188 ex
1618 1134 1702 1189 dietis
1719 1135 1777 1189 edi-

91 1226 246 1292 dimittere,
261 1228 373 1281 tirmam
389 1227 481 1298 legem
499 1225 626 1297 conjugii
644 1226 772 1297 protulit,
788 1227 904 1282 dicens:
957 1240 1036 1278 scere
1060 1225 1140 1295 potui
1161 1226 1410 1296 evangelistarum,
1433 1243 1485 1297 pro
1510 1226 1616 1281 salubri
1638 1228 1776 1283 exercita·

90 1320 169 1386 Quod
185 1323 252 1375 Deus
265 1320 416 1389 conjuncti,
430 1320 507 1373 bomo
523 1334 576 1373 riori
592 1326 698 1390 separet
711 1321 834 1384 (blatta,
851 1337 905 1386 xix,
956 1317 1033 1371 Duae
1049 1321 1241 1388 perscrutatus
1254 1335 1328 1384 stim,
1339 1320 1475 1390 brevique
1492 1319 1581 1376 relatu
1598 1321 1669 1376 mibi
1685 1322 1776 1377 adno-

90 1416 107 1467 6
119 1430 125 1477 ;
138 1414 234 1475 llari„
248 1430 273 1477 x,
287 1416 325 1481 ut.
341 1416 416 1468 Titne
428 1413 514 1467 oblati
524 1420 589 1468 suut
602 1415 626 1466 ei
636 1414 756 1483 periculi,
767 1420 798 1469 ut
809 1429 907 1469 ananus
959 1415 1019 1464 tare
1043 1416 1160 1465 conatos
1183 1427 1255 1466 sarni.
1276 1412 1387 1467 amodo
1409 1412 1479 1467 libet
1502 1415 1568 1468 anni
1590 1415 1666 1469 tertii
1694 1419 1773 1487 gesta

90 1509 129 1560 eis
151 1509 297 1577 imponeret
318 1514 343 1559 et
369 1512 469 1561 oraret.
488 1508 624 1577 Discipuli
647 1513 736 1561 autem
759 1509 905 1561 comminu-
958 1502 1143 1574 investigare,
1160 1505 1373 1577 insigniumque
1392 1507 1503 1577 pondus
1518 1524 1614 1563 rerum
1633 1524 1772 1579 compen-

91 1602 194 1655 buutur
212 1600 395 1669 offerentibus.
413 1600 494 1654 lesus
513 1615 578 1655 ivero
595 1599 711 1670 indigne
732 1601 824 1655 ferens
841 1600 904 1654 ait:
956 1596 1031 1650 diose
1046 1602 1187 1652 coarctare
1199 1615 1206 1665 ;
1220 1602 1369 1670 postquam
1386 1599 1444 1670 ipse
1460 1600 1596 1655 Dominus
1611 1600 1646 1655 de
1658 1601 1774 1656 Galila‘a

90 1694 178 1749 Sinite
188 1694 318 1763 paruulos
334 1695 426 1747 uenire
439 1693 475 1745 ud
492 1697 570 1747 meet
588 1693 671 1747 nolite
691 1708 734 1747 eos
747 1694 887 1762 probibere
898 1711 905 1760 ;
917 1668 944 1740 B
956 1690 1040 1760 coepit
1057 1691 1086 1744 iu
1102 1690 1228 1745 triduam
1247 1692 1381 1763 migrare,
1404 1697 1435 1747 ut
1456 1694 1624 1764 mysterium
1646 1698 1773 1765 paterne

92 1788 188 1842 iulium
202 1792 241 1843 eet
254 1790 323 1841 eiiim
340 1802 450 1854 regnum
466 1787 591 1841 culorum
605 1787 726 1851 luceru,
741 1803 793 1849 alx,
810 1790 906 1855 l3-l53
956 1783 1173 1854 dispensationis
1187 1785 1215 1839 in
1225 1787 1382 1840 lemaalem
1396 1793 1618 1854 consummaret,
1631 1792 1775 1843 etarcana

90 1884 189 1945 dirim,
217 1898 245 1947 x,
279 1881 468 1944 l3·ld;bue.,
493 1896 572 1947 xviri,
603 1884 701 1943 ts-lr).
724 1882 804 1936 Genu
834 1880 907 1936 Dexo
957 1878 1588 1950 legisetpropbetarumsuanobisineilabili
1605 1882 1774 1954 operatione

90 1975 272 2042 adolescenti,
299 1976 371 2028 viam
401 1973 499 2028 salutis
523 1977 638 2029 aterne
663 1975 812 2045 querenti,
836 1979 907 2045 post·
958 1978 1106 2027 reseraret.
1118 1972 1212 2026 Primo
1224 1973 1339 2044 quidem
1352 1974 1383 2027 in
1397 1974 1495 2030 iudaea
1508 1974 1613 2042 docuit,
1626 1978 1774 2031 transdor-

91 2085 179 2140 «piram
193 2073 336 2140 praeopta
348 2068 421 2138 legis
435 2067 592 2134 intimarat,
606 2067 708 2138 adjecit
723 2087 730 2123 ε
746 2069 778 2123 Si
789 2071 830 2123 sis
840 2085 905 2139 per-
957 2064 1076 2133 danem,
1101 2066 1136 2120 ad
1164 2067 1330 2136 orienlam;
1357 2073 1422 2139 post
1451 2074 1479 2123 et
1507 2069 1577 2124 eitra
1608 2069 1773 2137 iordanem,

89 2165 178 2230 sertio
198 2177 260 2225 esse,
274 2162 354 2227 vom,
370 2160 454 2217 oeude
465 2176 527 2231 quae
543 2162 623 2216 tribes
639 2168 664 2216 et
681 2163 718 2216 do
731 2162 911 2233 pauperibus„
957 2158 1073 2229 quaudo
1086 2158 1162 2213 venit
1169 2159 1279 2214 iericho
1293 2163 1322 2214 et
1334 2161 1502 2216 Jerusalem.
1514 2163 1585 2216 Nam
1600 2178 1667 2217 eum
1678 2163 1773 2219 omnis

89 2263 115 2311 et
127 2256 235 2311 babebis
247 2257 404 2311 thesaurum
416 2257 445 2309 in
458 2255 522 2310 coeto
534 2274 542 2319 ;
553 2261 578 2311 et
590 2258 661 2319 oeni,
674 2270 846 2325 sequererne.
859 2254 906 2311 llle
956 2252 1118 2307 ludaeorum
1140 2253 1285 2325 provincia
1306 2255 1478 2325 generaliter
1501 2254 1537 2309 ad
1560 2256 1775 2313 distinctionem

90 2354 187 2405 autem
214 2349 258 2403 bis
283 2348 397 2415 auditis,
424 2348 491 2420 quia
518 2347 622 2402 multas
647 2348 770 2403 babebat
796 2365 905 2419 posses·
956 2346 1075 2401 aliarum
1091 2347 1222 2417 gentium
1235 2347 1334 2403 iudaea
1352 2348 1397 2417 sit,
1411 2348 1561 2419 specialius
1574 2355 1670 2406 tamen
1685 2351 1774 2406 men'·

90 2443 196 2511 aiones,
216 2441 287 2496 abiit
313 2441 410 2497 tristis.
426 2442 503 2496 Tunc
526 2440 598 2496 dixit
616 2441 717 2495 lesus:
738 2442 824 2496 Amen
847 2443 906 2496 diro
956 2440 1040 2495 diam
1054 2440 1116 2510 ejus
1129 2441 1215 2512 plaga
1230 2441 1430 2514 appellabatur
1440 2442 1538 2498 iudaea
1548 2459 1557 2512 ;
1574 2442 1608 2498 ad
1622 2444 1777 2500 distinotio-

89 2536 163 2591 vobia
179 2538 246 2607 quia
260 2536 334 2591 diues
351 2535 459 2604 difficile
471 2535 588 2589 intrabit
599 2538 628 2589 in
640 2550 753 2604 regnum
770 2536 904 2590 rubrum.
956 2544 1021 2583 nem
1038 2529 1184 2599 Samariae,
1198 2531 1329 2599 Galilaeae,
1343 2532 1498 2604 Neapolis,
1515 2535 1544 2588 et
1564 2538 1731 2589 raetemrtlm
1745 2535 1775 2589 in

92 2630 208 2685 Facilius
217 2634 257 2684 est
268 2630 399 2684 camelum
411 2645 462 2699 per
474 2631 597 2696 soromeu
608 2644 673 2684 creua
685 2631 812 2692 transire,
825 2645 905 2699 quoni
956 2622 1060 2677 ⁰³de
1074 2623 1217 2694 provincie
1234 2626 1395 2696 regionum.

5 2758 12 2771 .
88 2724 200 2779 (diuitem
213 2726 318 2777 intrare
331 2724 361 2777 iu
373 2737 487 2791 reguum
504 2723 629 2777 catorum
649 2723 771 2792 idiotita..
786 2738 840 2783 xix,
859 2728 903 2777 lti-
991 2716 1154 2773 ascendens
1170 2721 1250 2773 iesus
1266 2720 1294 2774 iu
1313 2720 1481 2788 Jerusalem,
1497 2728 1606 2777 secreto
1623 2722 1681 2777 suis
1700 2738 1774 2794 prae·

89 2818 143 2883 ul;
167 2818 263 2877 liare,
287 2832 313 2883 1,
343 2819 438 2883 tid-‘53
463 2818 540 2875 Lite,
567 2832 642 2883 xviri,
668 2818 772 2885 iti-as).
796 2817 905 2882 Petrus,
956 2811 1028 2866 dixit
1055 2812 1201 2884 discipulis
1225 2814 1396 2884 passionem.
1423 2816 1500 2870 Tune
1533 2820 1625 2870 mater
1652 2815 1778 2871 liliomm

90 2909 188 2964 audita
202 2914 368 2981 spontanea
385 2910 563 2981 paupertatis
577 2910 671 2978 laude,
686 2909 808 2965 dulciter
827 2910 903 2965 exlri·
956 2905 1083 2960 Zebedaei
1102 2906 1185 2977 petiit
1202 2912 1235 2962 ut
1255 2924 1328 2963 arnus
1345 2908 1470 2963 liliorum
1488 2910 1551 2979 ejus
1569 2910 1605 2964 ad
1625 2910 1775 2965 dexteram

90 3005 195 3059 lai-atus
205 3003 245 3058 ait
254 3002 291 3057 ad
303 3003 455 3058 Dominum
473 3020 479 3058 ε
493 3004 559 3058 Eece
571 3020 620 3058 uos
633 3005 791 3074 reliquimus
803 3007 903 3070 omitia,
955 3004 983 3054 et
994 2999 1066 3053 alius
1079 2999 1192 3055 sederet
1211 3002 1240 3055 in
1256 3017 1346 3073 regno
1361 3002 1422 3072 ejus
1433 3001 1469 3056 ad
1484 3003 1629 3058 sinistram
1649 3003 1775 3067 illutib„

90 3105 116 3154 et
127 3099 211 3153 secuti
229 3112 321 3152 sumus
334 3102 368 3152 te.
385 3096 456 3163 Quid
470 3113 532 3168 erpo
546 3099 598 3153 erit
610 3098 711 3152 uobis?
722 3100 799 3152 Jesus
817 3102 905 3152 nutem
933 3082 999 3159 ¹x1‚
1016 3094 1112 3163 17-243
1128 3096 1225 3157 liora,
1243 3112 1268 3155 x.
1285 3096 1386 3166 32-45).
1402 3095 1450 3151 llle
1471 3112 1535 3151 vero
1551 3097 1586 3151 ad
1605 3096 1775 3168 patientiam

89 3193 163 3247 dieii
183 3194 220 3248 eis
234 3208 241 3246 ε
257 3193 341 3246 Amen
359 3192 419 3245 dieo
433 3192 509 3245 erotis
521 3191 595 3260 quod
607 3206 663 3254 uos,
676 3194 725 3261 qui
742 3193 827 3246 secreti
845 3192 906 3246 estis
955 3191 983 3241 et
1005 3186 1199 3243 bumilitatem
1224 3204 1273 3243 eos
1298 3189 1436 3255 invitavit,
1462 3196 1491 3245 et
1513 3207 1543 3244 se
1566 3191 1659 3263 ipsum
1686 3190 1778 3246 totius

90 3302 140 3349 me,
151 3288 180 3340 iu
190 3286 388 3364 regeneratione
397 3299 459 3339 eom
469 3285 568 3340 sederit
579 3285 665 3339 Filius
679 3283 833 3340 bominisiu
845 3284 906 3339 sede
955 3282 1119 3351 enevnplum
1140 3282 1258 3351 justitiae
1278 3283 1457 3355 sequendum
1480 3283 1613 3339 ostendit.
1632 3286 1775 3339 ioannem

89 3380 240 3448 mejestatis
258 3392 325 3441 suae,
338 3378 465 3432 sedebitis
478 3383 503 3432 et
520 3392 565 3433 eos
581 3392 663 3448 super
678 3378 752 3433 sedes
768 3378 905 3433 duodecim
956 3375 1049 3429 docuit
1071 3375 1294 3447 interrogantem
1314 3393 1349 3430 nr
1362 3378 1512 3446 prohibeat
1532 3377 1648 3433 virtutes
1665 3378 1692 3432 in
1710 3378 1777 3447 ejus

84 3472 241 3543 judiciarias
262 3472 402 3527 duodecim
419 3473 505 3527 tribus
519 3473 613 3528 lsrael.
629 3474 662 3527 lit
682 3474 768 3527 omnis
786 3474 833 3542 qui
845 3473 906 3526 reli·
956 3469 1249 3525 nomine-iacientem.

88 3568 178 3639 querit
199 3567 318 3628 domitu,
332 3566 374 3619 uel
391 3567 503 3634 iratres,
526 3572 575 3622 out
593 3570 769 3627 sororculam
786 3569 904 3635 putrem,
991 3565 1060 3617 Dum
1082 3563 1135 3617 iret
1155 3564 1183 3617 in
1201 3565 1367 3631 ierusalem,
1388 3569 1456 3619 ante
1480 3572 1664 3637 corispeetum
1686 3583 1776 3622 suum

89 3667 140 3715 out
151 3664 274 3727 mutium,
289 3666 338 3715 out
357 3674 478 3721 uxorem,
495 3666 545 3714 out
561 3660 640 3728 titios,
655 3663 704 3715 out
723 3674 803 3729 apros
822 3675 904 3729 prop·
956 3656 984 3710 in
997 3657 1140 3712 civitatem
1154 3658 1401 3713 Samaritanorum
1415 3659 1492 3714 misit
1502 3660 1617 3715 nuntios
1628 3677 1636 3728 3
1648 3659 1697 3714 sed
1715 3677 1777 3716 nou

89 3762 130 3810 ter
149 3768 245 3809 nuperi
264 3768 360 3816 meum
375 3754 531 3823 ceritupteuu
550 3755 664 3824 accipiet
684 3756 710 3807 et
725 3755 811 3807 eitum
829 3757 903 3807 aur-
957 3760 1128 3824 receperunt
1152 3769 1210 3807 eos.
1233 3753 1369 3809 iacobum
1396 3770 1461 3808 vero
1481 3760 1510 3810 et
1531 3757 1681 3821 ioannem,
1705 3757 1778 3828 quia

88 3863 153 3903 nom
172 3846 330 3917 possidebit.
354 3846 437 3903 llulti
456 3853 547 3902 eutem
568 3853 647 3902 eruut
665 3848 751 3917 prinu
769 3847 907 3901 nouissimi
955 3847 1052 3917 ignem
1073 3846 1108 3901 de
1127 3846 1197 3901 coelo
1212 3863 1299 3917 super
1319 3853 1531 3920 eorrtemptores
1554 3854 1651 3919 petere
1674 3852 1776 3905 varlare-

88 3949 115 3996 et
137 3942 276 3996 umusimi
300 3941 385 4009 primi
409 3941 530 4007 (Marta,
554 3956 608 4009 ιιι,
632 3941 733 4005 brisim
757 3941 854 3999 liure„
878 3955 903 4005 ι,
957 3946 1032 4003 runt,
1059 3940 1225 4010 increpavit,
1252 3940 1350 3996 dicens
1375 3960 1381 3996 :
1410 3945 1523 3999 Nescitis
1550 3945 1627 4011 cujas
1657 3947 1778 4015 spiritus

89 4037 169 4091 uti-al
183 4050 191 4103 ;
206 4036 283 4095 Luc„
299 4049 372 4099 xviii,
387 4034 491 4103 idib).
955 4035 1028 4088 estis.
1047 4035 1132 4088 Filius
1152 4035 1268 4089 liomiuis
1286 4051 1339 4089 uon
1359 4039 1432 4090 reriit
1455 4039 1561 4091 unimus
1581 4039 1705 4107 perdere,
1727 4042 1778 4094 sed

124 4127 229 4185 Deinde
243 4126 407 4199 parabolam
422 4126 570 4198 proposuit
582 4126 617 4181 de
631 4127 844 4199 patrefamilias,
855 4128 905 4199 qui
954 4129 1062 4182 soluere
1076 4130 1158 4193 (lue.
1178 4145 1213 4196 u,
1229 4132 1328 4193 iil-56).

88 4221 223 4279 conduxit
240 4220 386 4293 operarios
404 4220 432 4275 in
450 4221 563 4276 vineam
582 4237 662 4276 suam
682 4221 799 4277 diversis
816 4221 904 4289 boris,
991 4222 1169 4292 Sqituopintu
1190 4224 1258 4278 duos
1272 4224 1435 4293 dmiguorit.
1451 4226 1565 4295 illosque
1582 4226 1657 4281 binos
1676 4229 1704 4280 iu
1720 4242 1778 4282 om-

89 4321 117 4373 et
132 4316 272 4389 aqualm
292 4315 454 4371 mercedem
474 4315 558 4370 unius
573 4314 681 4370 denarii
703 4315 784 4370 dedit
799 4315 905 4371 unicui·
955 4318 1161 4371 nmirioitotem
1173 4322 1199 4370 et
1212 4318 1308 4380 luerim,
1320 4333 1372 4387 quo
1384 4324 1444 4373 eriri
1456 4321 1514 4389 ipse
1522 4325 1664 4384 neuturus,
1675 4323 1750 4375 misit
1767 4338 1775 4376 ι

89 4427 154 4483 que,
165 4410 305 4482 incipiens
316 4426 332 4464 a
347 4408 507 4464 novissimis
518 4424 608 4481 usquo
621 4409 654 4463 ad
667 4410 773 4480 primos
784 4410 903 4479 idiotita„
915 4406 945 4478 Ι)
957 4409 1067 4481 ibisque
1094 4413 1246 4482 praecepta,
1270 4411 1373 4483 quibus
1397 4416 1425 4467 et
1449 4413 1593 4484 quomodo
1614 4412 1775 4485 praedicare

89 4522 134 4574 ss,
157 4508 238 4573 l-lo).
256 4504 415 4560 varietates
435 4503 572 4559 horarum
590 4503 684 4576 typica
706 4503 907 4576 inteDiguntnr
956 4503 1103 4571 deberent,
1117 4502 1268 4559 intimavit.
1284 4504 1444 4561 incredulas
1465 4507 1592 4561 civitates
1605 4507 1775 4578 increpavit.

88 4600 246 4656 secundum
262 4602 359 4654 auus
374 4596 496 4653 labentis
508 4596 614 4652 seculi.
630 4597 710 4652 ldane
725 4597 817 4668 primo
830 4597 906 4652 labo·
955 4598 1142 4670 Septuaginta
1168 4597 1280 4653 duobus
1313 4600 1432 4655 reversis
1459 4602 1545 4672 atque
1572 4600 1775 4673 gaudentibus,

89 4695 162 4751 ravit
177 4693 259 4761 Abel,
275 4691 359 4748 tertia
379 4692 447 4761 Noe,
460 4695 539 4747 sexta
558 4690 712 4758 Abrabam,
728 4707 802 4746 nona
823 4691 905 4763 legis·
955 4691 1090 4764 praecepit
1104 4708 1161 4747 non
1174 4692 1210 4746 de
1221 4692 1396 4764 sirbjeetione
1409 4693 1584 4761 daemonum,
1596 4695 1644 4750 sed
1659 4693 1694 4749 de
1709 4710 1776 4749 suo·

89 4790 165 4844 lator
175 4787 291 4857 ldoyses.
304 4785 460 4841 Undecima
473 4786 543 4840 bora
555 4784 685 4840 Christus
698 4785 784 4851 veuit,
795 4790 823 4839 et
838 4800 905 4855 gen·
955 4800 1019 4839 rum
1034 4786 1063 4841 in
1076 4786 1149 4840 coelo
1164 4787 1314 4841 nominum
1327 4787 1482 4858 scriptione
1502 4787 1638 4859 gaudere.
1651 4788 1774 4843 Contos-

88 4882 153 4936 tiles
161 4880 290 4952 populos,
301 4894 352 4934 cur
365 4878 394 4934 in
408 4880 472 4936 loro
482 4879 567 4949 hujus
581 4877 680 4933 mundi
691 4878 750 4934 otio
760 4882 903 4945 vacarent,
955 4880 997 4934 sio
1014 4879 1103 4934 laudis
1118 4880 1241 4934 refertur
1255 4880 1291 4934 ad
1306 4881 1431 4936 Patrem.
1445 4882 1544 4936 Beatos
1559 4880 1626 4936 dicit
1639 4882 1776 4937 Domimis

88 4973 256 5047 redarguit3
271 4977 300 5028 ei
315 4989 367 5045 per
378 4972 466 5028 fidem
479 4972 509 5029 in
523 4970 654 5028 Ecclesia
669 4988 728 5027 sue
742 4972 824 5027 vinea
837 4988 903 5043 ope·
956 4973 1158 5045 discipulorum
1179 4975 1283 5043 oeulos,
1299 4974 1365 5045 quia
1384 4975 1485 5030 vident
1500 4992 1564 5047 qua
1584 4975 1693 5047 priores
1702 4977 1773 5048 justi

90 5068 145 5126 ran'
163 5067 309 5140 precepit.
325 5066 512 5122 Aliteretiam
531 5072 647 5139 possunt
661 5065 836 5122 diversitates
853 5067 902 5120 bo·
954 5071 984 5123 at
1003 5082 1085 5139 reges
1103 5068 1254 5123 voluerunt
1269 5068 1365 5123 videre
1379 5074 1407 5124 et
1420 5085 1476 5124 non
1495 5069 1628 5126 viderunt
1646 5072 1729 5137 (buu,
1746 5086 1774 5138 x,

90 5179 186 5221 rarum
205 5162 243 5218 ad
264 5176 500 5233 unumquemque
524 5160 664 5233 distingui
685 5177 739 5233 per
759 5165 904 5216 momenta
957 5161 1038 5229 r-eu.
1060 5161 1192 5215 Tentanti
1213 5161 1286 5231 legis
1308 5161 1400 5233 perito
1424 5163 1561 5234 dogmata
1580 5178 1653 5218 verae
1677 5163 1776 5219 salutis

89 5259 218 5314 aetatum.
238 5255 330 5327 Dana,
353 5253 476 5328 pueritia
495 5261 538 5311 eat
548 5272 557 5323 ;
577 5255 673 5325 tertia,
694 5254 903 5323 adolescentia3
955 5254 1120 5324 insinuavit,
1132 5257 1161 5309 et
1175 5255 1346 5327 paradigma
1359 5255 1395 5312 de
1409 5257 1526 5314 bomine
1536 5256 1730 5313 descendente
1739 5259 1775 5312 de

89 5357 182 5419 sem,
204 5350 363 5423 juventus3
389 5364 480 5417 nona,
506 5352 660 5417 senorium
687 5348 839 5405 undecima
863 5355 904 5406 eat
953 5349 1110 5405 ierusalem
1125 5347 1153 5403 in
1171 5349 1282 5406 iericho
1297 5356 1325 5407 et
1337 5350 1373 5406 de
1385 5351 1495 5407 ossibus
1515 5350 1578 5422 ejas
1591 5350 1729 5423 protulit;
1744 5353 1775 5407 et

89 5444 235 5519 decrepita
248 5450 328 5515 atas,
342 5442 384 5499 rel
401 5447 544 5499 veterana.
555 5442 590 5497 ln
607 5442 651 5498 bis
669 5441 809 5503 omnibus·
815 5442 904 5517 aliqui
955 5442 1163 5499 samaritanum
1178 5443 1237 5516 qui,
1249 5444 1463 5502 transeuntibus
1475 5445 1624 5502 sacerdote
1634 5452 1664 5501 et
1677 5444 1773 5513 levita,

88 5540 126 5597 ud
137 5538 354 5597 couversionem
373 5536 578 5611 perducuntur,
591 5539 621 5592 et
635 5537 755 5595 denario
773 5537 906 5611 parennis
955 5536 1104 5593 vulnerato
1125 5554 1142 5593 a
1160 5538 1320 5596 latronibus
1338 5537 1481 5610 subvenit,
1501 5539 1667 5612 proximum
1685 5536 1774 5594 miae·

88 5634 153 5691 vitai
166 5636 398 5692 mmrrneraotur.
415 5632 453 5689 De
472 5630 660 5689 similitudine
677 5631 731 5689 bae
750 5630 905 5690 modorum
955 5631 1108 5688 ricordiam
1136 5631 1267 5690 iaciendo
1299 5632 1340 5689 illi
1365 5630 1453 5689 tuisse
1479 5632 1573 5706 palam
1606 5632 1777 5691 monstravit

94 5727 367 5793 urdflmtursicait
384 5728 425 5785 zi·
488 5760 491 5765 ,
522 5762 527 5769 -
754 5778 760 5785 .
956 5725 1079 5792 lauru„
1098 5742 1164 5799 xxvi,
1177 5726 1278 5801 atem
1297 5726 1456 5801 utum,
1470 5728 1569 5797 itan
1587 5728 1663 5795 dua,
1682 5744 1712 5800 a,
1725 5730 1774 5785 aa·
