3750 6046
150 174 218 241 lddd
835 180 976 239 aunum
994 180 1028 237 ll
1047 180 1145 237 PAPAE
1777 180 1840 239 tout

494 306 621 366 ccxxix.
977 322 1073 395 Asnoe
1100 309 1206 380 absque
1228 308 1455 365 contradictione
1476 308 1572 381 aliqua
1596 308 1762 365 obtineret.
1791 312 1838 363 t'os

150 404 197 461 Ad
211 403 411 459 Narbonensem
423 403 655 473 archiepiscopum
668 407 694 455 et
713 401 769 469 ejns
781 400 966 470 suffropuneos
1014 407 1110 457 autem
1127 418 1183 457 non
1199 404 1292 458 solum
1308 403 1475 458 mandatum
1490 409 1624 459 nostrum
1639 404 1671 457 in
1691 404 1749 458 hac
1765 418 1838 474 parte

185 504 220 515 -
236 474 407 530 Guiltelmum
423 474 663 543 Montispessutoui
675 473 814 526 dominnm
833 478 858 527 ct
879 471 964 526 hono·
1014 511 1072 550 non
1084 495 1202 551 eumq,
1216 496 1326 552 effectui
1342 497 1505 570 mancipare
1517 514 1524 527 .
1536 513 1642 553 ,erum
1652 497 1748 551 etjam
1767 496 1838 568 quod

185 561 228 600 res
250 544 306 613 ejus
331 560 362 597 oc
388 546 487 610 {rolris
508 546 594 614 ipsius
615 544 827 609 Hierosolymam
848 544 965 613 pereuri-
1516 538 1525 566 '
1752 539 1760 563 ’

187 617 289 679 martiis,
306 614 456 682 detendunt
471 615 507 668 ud
528 615 780 683 impumtatiouibus
800 616 963 683 irriquorum
1015 588 1141 644 dederim
1165 594 1216 656 “tr
1236 590 1265 643 5¹¹
1284 595 1413 645 ”Mirum
1434 593 1463 645 θῑ
1486 592 1652 661 ἃ909ῑοῙί0ίέ
1673 589 1754 645 ’θῶθ
1775 606 1838 644 ⁰⁰¹¹·

187 688 324 740 intentato
338 687 621 740 excommunicationis
635 686 779 739 sustantia.
1015 685 1166 754 temptum,
1182 699 1247 738 curn
1266 683 1344 754 prius
1363 684 1504 755 integram
1527 683 1689 751 habuisset,
1707 691 1836 756 postmo-

418 786 568 856 (Latmnq
581 785 646 841 Maii
659 788 696 856 5‚)
1015 774 1083 830 dnm
1097 776 1122 831 ei
1137 776 1331 841 medietatem,
1346 777 1418 832 sicut
1430 777 1542 847 dicitnr,
1554 778 1752 833 subtraxistis.
1764 778 1838 834 t'nde

324 887 366 959 [Β.
382 889 522 956 nouom,
534 889 651 950 Rem-1,
666 888 718 955 XV,
732 885 804 958 383¹]
1016 869 1070 923 uisi
1090 869 1253 940 apostolicas
1273 869 1348 925 sedis
1367 876 1502 926 consueta
1519 870 1692 942 benignitas
1708 875 1838 926 nostrum

1015 963 1145 1017 animum
1161 964 1315 1035 mitigaret,
1337 966 1486 1021 manusb.
1508 965 1584 1021 Petri
1605 980 1726 1035 graves,
1743 965 1774 1019 in
1795 982 1838 1019 ros

1015 1072 1104 1127 usquc
1119 1055 1190 1111 adeo
1204 1057 1357 1125 sentiretis,
1365 1057 1442 1130 quod
1452 1059 1480 1113 in
1491 1062 1697 1128 contemptum
1707 1064 1837 1113 nostrum

1016 1165 1074 1204 non
1098 1150 1310 1220 praesumeretis
1333 1151 1451 1205 ulterius
1471 1152 1527 1206 tale
1549 1151 1663 1223 aliquid
1684 1158 1835 1206 attentare.

1016 1243 1055 1297 be
1070 1243 1158 1314 igitur
1170 1246 1204 1298 dc
1219 1243 1323 1299 merito
1337 1248 1436 1299 restra
1453 1245 1569 1300 malitia
1579 1261 1727 1316 cogamur
1742 1246 1772 1298 in
1793 1263 1837 1300 vos

1016 1336 1261 1392 animadversione
1285 1337 1452 1407 gravissima
1473 1338 1633 1405 vindicare,
1658 1339 1835 1393 universitati

1016 1432 1115 1483 vestrm
1137 1447 1190 1500 per
1201 1430 1302 1485 iterata
1316 1432 1421 1502 scripta
1435 1430 1631 1503 praecipiendo
1652 1432 1834 1493 mandamus,

1017 1530 1044 1577 et
1062 1524 1221 1577 mandando
1238 1525 1428 1595 praecipimus,
1444 1529 1586 1596 quatenns
1599 1525 1641 1579 ita
1654 1525 1801 1597 integram
1813 1526 1836 1580 ci

1017 1616 1214 1687 praehendam,
1232 1619 1296 1673 licet
1309 1617 1409 1673 absens
1423 1619 1516 1686 luerit,
1533 1618 1693 1674 decaetero
1707 1621 1836 1674 conceda-

978 1692 1006 1764 B
1019 1710 1064 1777 tis,
1081 1716 1217 1781 tauquam
1233 1712 1256 1765 si
1270 1712 1400 1765 assiduus
1415 1712 1444 1766 in
1459 1713 1518 1783 ipsa
1534 1712 1656 1766 ecclesia
1672 1712 1835 1767 deserviret.

1020 1803 1164 1875 Quidquid
1181 1821 1245 1859 vero
1258 1806 1283 1860 ei
1297 1805 1399 1860 exinde
1418 1806 1557 1860 hacteuus
1577 1812 1623 1860 est
1645 1806 1834 1873 subtractum,

1019 1897 1093 1952 infra
1108 1901 1142 1952 20
1156 1897 1215 1952 dies
1233 1902 1296 1969 post
1310 1899 1518 1970 susceptionem
1532 1900 1725 1969 praesentinus
1741 1900 1836 1954 littera·

1019 2007 1095 2058 rum,
1121 1992 1200 2045 onrui
1227 1993 1374 2047 occasione
1401 1996 1430 2046 et
1451 1991 1639 2047 excusatione
1666 1994 1835 2064 postposita,

1019 2084 1112 2138 eidem
1128 2085 1265 2140 studeatis
1278 2085 1307 2139 in
1321 2086 1465 2156 integrum
1476 2086 1640 2140 restituere.

1056 2180 1157 2232 Datum
1174 2179 1315 2246 Laterani,
1331 2195 1367 2232 vu
1381 2179 1446 2233 Idus
1460 2179 1533 2233 uati.

1360 2273 1490 2328 ccxxxi.

187 1001 325 1053 hortanus
344 995 502 1066 episcopus,
522 1011 618 1050 servus
636 1010 781 1049 serrorum
806 994 867 1060 noi,
882 1008 965 1048 vene·

151 1091 289 1146 rabilibus
305 1088 439 1143 iratribus
452 1087 627 1143 Narbonensi
646 1087 869 1158 archiepiscopo,
888 1088 964 1158 ejus·

152 1199 207 1255 que
223 1182 420 1253 suffraganeis,
430 1184 459 1237 et
469 1183 617 1236 ttsrucnoo
628 1180 820 1250 magalonensi
834 1181 967 1252 episcopo

153 1279 186 1333 n.
201 1276 303 1349 priori,
313 1276 521 1330 archidiaconis
531 1282 559 1329 et
569 1275 699 1329 universo
709 1273 838 1329 Ecclesia
849 1274 965 1346 populo,

152 1371 273 1426 salutem
287 1374 315 1424 et
328 1369 513 1441 apostolicam
529 1368 767 1423 benedictionem.

189 1465 326 1519 Dilectum
347 1463 436 1516 lilium
458 1466 586 1516 nostrum
604 1461 785 1515 Guilletmnm
808 1462 843 1515 de
860 1461 966 1515 Morale-

152 1557 304 1628 pessulano
320 1572 384 1610 com
401 1554 534 1610 omnihus
548 1554 605 1607 suis
619 1554 669 1608 sub
685 1554 713 1606 tt.
729 1553 803 1608 Petri
824 1560 851 1607 et
871 1558 968 1608 nostra

152 1648 329 1721 protectione
349 1649 520 1718 suscipimus
536 1669 541 1700 :
557 1646 673 1701 undeet
691 1662 743 1700 sna
756 1647 854 1702 omnia
868 1647 894 1700 ei
913 1647 966 1700 illi-

153 1743 219 1798 bata
243 1744 373 1796 volumus
401 1744 430 1796 et
457 1742 569 1811 integra
591 1756 768 1795 conservare.
790 1742 969 1810 Quapropter

152 1835 334 1892 universitati
352 1840 453 1889 restrae
474 1850 524 1905 per
545 1834 696 1905 apostolica
718 1834 823 1903 scripta
846 1833 967 1887 ruenda·

154 1946 220 1985 mus
235 1932 377 2000 quatenus
391 1931 450 1982 tarn
469 1928 560 1998 ipsam
575 1943 662 1999 qnam
680 1932 784 1981 terram
796 1934 824 1981 ct
840 1926 969 1981 homines

154 2039 227 2089 suos,
247 2027 371 2077 castrum
393 2037 508 2093 quoque
527 2022 563 2075 de
582 2021 688 2077 Castris
708 2027 736 2075 et
757 2021 827 2074 alios
846 2021 969 2074 honores

154 2117 238 2171 etde
260 2117 374 2169 Tortosa
399 2114 562 2186 tGuillelmi't
587 2115 683 2168 lratris
703 2115 755 2180 sui,
779 2114 828 2184 qni
852 2117 970 2184 propter

152 2226 271 2265 suorum
287 2209 399 2264 veniam
416 2208 582 2263 delictorum
597 2214 625 2263 et
644 2209 748 2262 animae
769 2224 827 2262 sum
848 2208 968 2261 salutem

154 2302 381 2373 Hierosolymam
395 2302 529 2369 visitavit,
545 2302 642 2372 ibique
666 2317 719 2372 per
740 2317 848 2355 annum
868 2300 970 2354 divinis

154 2396 298 2468 obsequiis
312 2396 457 2466 proposuit
473 2396 623 2463 inherere,
641 2411 692 2465 pro
709 2396 738 2449 B.
749 2394 824 2448 Petri
836 2399 863 2448 et
873 2397 970 2448 nostra
1019 2365 1065 2420 M
1079 2368 1215 2445 'dudm'im
1229 2368 1566 2450 frad⁶i³i⁰‘¹”⁶‘³m¹si²¹m·
1582 2396 1618 2406 “
1638 2367 1767 2422 Amisit
1783 2383 1835 2419 ‘’m''

1055 2452 1072 2488 u
1079 2443 1236 2505 Jurrrmculo
1249 2444 1275 2491 ct
1286 2439 1384 2491 rllrctto
1402 2438 1554 2491 conditione
1567 2454 1625 2507 qno
1644 2454 1706 2491 rum
1728 2440 1833 2494 Atratu-

154 2491 312 2546 fevefefliia
328 2489 548 2555 manniflui-'stiffi
566 2495 593 2543 θῑ
616 2488 643 2543 Ῑῐ]
663 2489 766 2560 ‘inii’us
784 2504 855 2559 (ΨΜ
873 2487 968 2553 suerit»
1056 2510 1139 2561 trusis
1154 2512 1291 2578 opiscopus
1310 2508 1487 2577 oblipotcrut,
1501 2524 1562 2562 curn
1583 2509 1834 2564 orclridiocomdum

155 2584 191 2639 ab
204 2583 367 2655 iniquorum
381 2581 647 2654 impugnationibus
658 2581 796 2637 studeatis
807 2579 968 2646 defensare,
1056 2579 1143 2632 duret.

154 2677 341 2750 parochianos
355 2692 470 2748 quoque
484 2682 590 2730 vestros
601 2676 636 2729 ab
648 2676 755 2730 tt'atttae
776 2680 805 2730 et
821 2675 970 2729 hominum
1278 2649 1429 2719 (mmuh
1442 2650 1504 2704 miii
1524 2651 1579 2717 Ἣ

154 2788 272 2828 suorum
296 2770 478 2826 infestatione
495 2775 581 2840 atque
604 2769 716 2840 injuriis
738 2768 924 2840 compescatis
942 2770 971 2821 et
1219 2741 1445 2813 iM³³⁵¹rc⁰n⁰fiu
1471 2744 1537 2811 xxiv
1563 2745 1641 2811 ⁸⁰4d

153 2867 263 2921 nullam
281 2865 305 2919 ei
320 2865 363 2918 vel
385 2864 469 2919 rebus
488 2863 545 2917 suis
567 2863 775 2933 hominumque
796 2878 913 2917 suorum
936 2861 971 2913 ab
1057 2851 1199 2905 Autttnrttts
1213 2849 1480 2920 eltiscoplls‚set'tllls
1495 2866 1650 2905 seriorum
1666 2851 1728 2913 Dei,
1741 2851 1832 2905 diletis}

157 2960 264 3015 eisdem
291 2956 473 3028 parochianis
494 2956 591 3010 vestris
612 2957 769 3011 molestiam
789 2955 969 3025 permittatis,
1022 2944 1079 2998 lilio
1101 2946 1209 2999 ltroonr
1227 2943 1383 2997 charissimi
1399 2944 1449 2998 tilii
1472 2943 1561 2998 nostri
1575 2944 1715 2999 Ludovici
1731 2945 1832 2999 illustris

158 3058 209 3108 aut
222 3052 354 3121 injuriam
379 3051 510 3121 irrogari,
526 3049 552 3103 Si
568 3049 631 3119 quis
652 3052 747 3103 aurem
764 3053 869 3103 sermm
896 3049 968 3118 ipso.
1022 3038 1190 3092 Francorum
1207 3036 1601 3109 regiscancellario,salutem
1616 3042 1644 3093 et
1658 3039 1830 3111 apostolicam

155 3161 220 3202 rum
243 3149 271 3200 et
296 3144 448 3198 memorati
481 3143 575 3197 fratris
598 3142 642 3196 sni
669 3149 697 3197 et
718 3141 869 3196 hominum
895 3141 968 3212 ipso·
1021 3132 1258 3187 benedictionem·

155 3255 232 3304 rum,
254 3245 352 3292 contra
372 3235 513 3307 justitiam
536 3236 750 3306 praesumpserit
771 3236 920 3302 infestare,
940 3235 971 3289 in
1057 3225 1134 3281 lilius
1162 3224 1320 3280 devotionis
1345 3230 1373 3280 et
1400 3224 1569 3281 sinceritatis
1596 3226 1728 3295 intuitu,
1758 3244 1830 3300 quom

155 3346 307 3406 personam
347 3330 408 3401 ejus
440 3328 763 3396 excommunicationis,
803 3329 831 3382 in
864 3333 971 3382 terram
1021 3319 1096 3374 circa
1124 3325 1332 3373 sacrosanctam
1360 3320 1516 3374 Romanam
1543 3320 1698 3374 ecclesiam
1734 3325 1762 3375 et
1790 3337 1830 3375 nos

155 3442 223 3481 vero
272 3424 360 3496 ipsius
411 3423 551 3478 interdicti
598 3423 765 3477 sententiam
809 3422 970 3493 proferatis.
1021 3413 1096 3483 ipsos
1121 3413 1250 3466 anrrtltis
1270 3412 1417 3467 retroactis
1437 3413 1619 3482 temporibus
1643 3416 1769 3469 nosceris
1789 3415 1830 3468 ha-

158 3519 313 3577 statuimus
337 3521 477 3589 praeterea
500 3534 535 3572 ne
556 3517 585 3571 in
606 3518 666 3588 ipsa
688 3516 805 3571 ecclesia
826 3518 853 3572 s,
879 3515 972 3570 Mariae
1021 3506 1125 3569 baisse,
1142 3524 1192 3576 pro
1207 3511 1261 3560 ture
1276 3522 1390 3577 quoqne
1405 3506 1553 3560 honestate
1566 3511 1597 3561 et
1615 3508 1762 3578 probitate
1779 3524 1831 3578 per·

158 3620 187 3668 et
210 3617 238 3667 S.
266 3613 393 3679 l'irmini,
414 3619 499 3683 atque
522 3611 550 3665 in
574 3612 635 3665 aliis
657 3610 764 3665 eisdem
785 3611 916 3674 eeclesiis,
937 3625 972 3662 ex
1022 3616 1112 3666 sonte,
1146 3599 1283 3668 majorem
1312 3590 1592 3681 archidiacqnat'um‚
1628 3601 1721 3656 tratre
1750 3610 1832 3656 nostro

157 3706 375 3778 eatrsactculpa
388 3704 711 3772 excommunicatorum,
724 3709 847 3758 castrum
860 3703 973 3759 blentis-
1023 3694 1055 3749 G·
1079 3692 1254 3763 [liodestido]
1277 3693 1456 3749 Atrebatcnsi
1483 3693 1619 3764 episcopo
1645 3693 1743 3765 ipsum
1768 3695 1833 3766 prius

156 3800 298 3874 pessulani
324 3798 495 3870 quandoque
522 3814 590 3852 casn
615 3798 845 3864 introeuntium,
876 3797 973 3851 divina
1023 3787 1194 3858 spondente,
1207 3787 1313 3857 absque
1326 3786 1833 3860 omniconditione‚etalicujuspacti

157 3894 365 3967 prohibeantur
378 3892 481 3947 officia.
497 3891 649 3961 iudignum
665 3892 742 3945 enim
763 3894 807 3944 est
827 3894 858 3944 ut
878 3896 973 3945 tantus
1022 3880 1206 3952 obligatione,
1231 3880 1282 3937 tihi
1307 3897 1358 3935 nos
1384 3880 1538 3936 recolimus
1562 3880 1635 3936 olim
1664 3881 1696 3936 iu
1726 3882 1833 3937 Atreba-

157 3988 281 4061 populus
293 4003 328 4040 ea
339 3986 423 4056 eulpa
436 3990 464 4039 et
478 3985 622 4039 maleticiis
636 3985 831 4056 cujuscunque
844 4000 973 4055 personas
1024 3975 1096 4030 tensi
1119 3974 1241 4030 Ecclesia
1262 3974 1443 4044 postmodum
1468 3973 1636 4029 contulisse.
1661 3978 1727 4047 lpse
1749 3980 1834 4031 aulem

159 4097 176 4136 a
191 4080 293 4136 divinis
306 4079 409 4133 dehent
422 4077 523 4133 officiis
536 4078 687 4133 abstinere,
1023 4068 1219 4125 Atrebatensis
1232 4069 1383 4140 episcopus
1399 4073 1497 4123 contro
1519 4068 1681 4139 puritatem
1702 4071 1834 4141 episcope

196 4174 297 4228 [tatum
314 4171 455 4239 Laterani,
471 4189 500 4226 nr
513 4173 606 4226 Nonas
618 4171 690 4226 Maii.
1024 4163 1092 4229 lem,
1106 4165 1131 4216 el
1147 4162 1230 4215 nimis
1244 4161 1401 4216 secundum
1415 4160 1561 4216 hominem
1577 4161 1748 4229 ambulans,
1761 4165 1836 4234 impe

514 4279 630 4335 ccxxx,
1025 4255 1186 4311 dimcntum
1201 4255 1254 4309 tihi
1276 4255 1373 4310 volens
1385 4271 1470 4326 super
1492 4255 1546 4309 hac
1566 4258 1757 4313 concessione
1772 4274 1835 4329 prar-

159 4377 205 4434 Λα
228 4377 368 4431 canonicos
391 4374 419 4430 g,
444 4373 535 4429 prum-3
555 4373 767 4428 Aurelianensis,
790 4401 825 4412 -
848 4371 974 4441 pumat
1024 4352 1108 4416 stare,
1129 4355 1156 4404 te
1173 4350 1347 4418 juramento,
1367 4349 1439 4403 sicut
1458 4348 1571 4415 dicitur,
1593 4348 1745 4422 obligarit,
1768 4349 1837 4423 quod

197 4449 269 4518 quod
290 4449 399 4513 llupout
420 4445 582 4498 turicellnrio
606 4443 760 4515 prebenda
782 4445 1091 4527 inthrttotcm,l)eum
1113 4441 1166 4496 sibi
1189 4443 1324 4513 placeret,
1348 4441 1543 4498 cancellariam
1563 4442 1678 4514 absque
1701 4444 1837 4500 contradi·

195 4535 256 4602 cum
276 4519 458 4584 (recautum
481 4518 666 4569 concesserint.
689 4515 766 4597 lubet
788 4518 816 4568 in
838 4520 976 4584 posterum
1026 4536 1112 4591 pionis
1140 4535 1286 4592 obstaculo
1311 4536 1479 4606 ,mgnum
1510 4535 1592 4591 Unde
1619 4539 1763 4609 quonjam
1788 4545 1838 4594 ,am

196 4592 312 4658 saman
329 4595 354 4643 et
367 4588 441 4659 qm
455 4592 494 4641 ρει
507 4587 675 4695 mitraeus&
688 4590 842 4640 resmwm’
1026 4630 1154 4685 illicitum
1164 4629 1360 4701 juramentum
1372 4629 1448 4683 nulla
1460 4629 1545 4683 dehet
1554 4630 1696 4685 firmitate
1708 4638 1840 4695 c‹mstare,

411 4686 565 4756 (Laiemm'
591 4686 653 4740 Mffl'
682 4685 720 4756 9')
1025 4723 1061 4777 oh
1084 4723 1171 4793 ipsius
1186 4723 1339 4793 jttmmenti
1354 4722 1459 4789 debite,
1481 4724 1653 4778 auctoritate
1676 4725 1757 4780 sedis
1783 4742 1841 4797 apo

446 4789 540 4859 [Mu
555 4788 609 4843 ⁰⁰¹·
624 4787 696 4860 ⁸⁰5¹}
1026 4816 1133 4870 stelicce
1155 4820 1184 4868 te
1206 4815 1387 4881 alrsolvimus,
1400 4821 1428 4870 et
1450 4815 1630 4871 conditiones
1656 4818 1687 4872 in
1717 4819 1840 4889 ejusdem

196 4904 337 4957 ”MANUS
352 4895 512 4968 elli⁸⁰⁰i³⁰⁵⁸s
523 4910 621 4949 ⁸0sV¹¹³
634 4910 780 4949 Seslffl'llm
793 4894 852 4962 ⁰⁰5,
867 4894 976 4949 ‘fillebi-³
1026 4910 1271 4965 archidiaconatus
1286 4909 1435 4965 collatione
1456 4913 1557 4965 contra
1582 4918 1766 4985 preceptum
1789 4932 1841 4969 nos-

160 4994 359 5058 tiliisdecono,
382 4996 411 5045 et
432 4989 563 5044 universo
581 4989 705 5059 capitulo
723 4988 848 5043 ecclesius
868 4992 976 5045 Sanctae
1026 5008 1102 5058 rrum
1132 5003 1237 5075 positas
1262 5003 1355 5058 mim
1382 5003 1473 5058 modi,
1496 5005 1634 5058 omnibus
1661 5023 1725 5062 esse
1753 5025 1841 5064 ceme-

161 5088 258 5146 Crucis
269 5084 440 5151 Aurelianis,
456 5083 621 5137 salutemet
637 5081 820 5152 apostolicam
839 5081 975 5137 benedic-
1027 5113 1098 5152 mus¹

162 5183 280 5238 tionem.
1061 5191 1162 5246 Datum
1177 5192 1269 5247 Later.
1284 5193 1376 5247 vidus
1390 5192 1462 5248 uati.

197 5276 332 5333 hliramur
345 5272 502 5345 plurimum
519 5272 549 5326 et
562 5271 712 5325 adversum
726 5286 777 5325 uos
797 5286 855 5325 non
876 5285 976 5341 possu-
1361 5291 1503 5347 (302⁹qu

161 5386 228 5426 mus
240 5385 300 5424 non
313 5362 419 5423 rboveri
433 5365 519 5437 quod,
533 5381 597 5419 cum
621 5364 700 5420 vobis
722 5364 791 5419 olim
812 5363 976 5420 dederimus
1026 5380 1071 5436 Aa
1082 5378 1271 5435 flodegcarfflm
1282 5381 1435 5450 mamm
1447 5380 1667 5438 mmmm,
1683 5414 1719 5425 -
1743 5386 1783 5441 pe
1795 5385 1843 5441 aa.

162 5463 193 5520 in
216 5460 368 5528 mandatis,
389 5462 421 5513 ut
444 5459 512 5514 licet
535 5458 656 5514 dilectus
674 5458 750 5513 lilius
776 5461 871 5513 noster
895 5459 976 5530 llngo
1071 5453 1802 5527 solutolluporusoomettorttraulrmmtostqntpcot.

162 5554 318 5614 charissimi
340 5553 392 5608 titii
405 5552 493 5608 nostri
514 5551 645 5609 Ludorioi
666 5552 784 5607 illustris
802 5552 973 5607 Francorum
1276 5545 1429 5618 (laterani,
1450 5545 1512 5602 nur
1535 5549 1590 5613 ut

161 5651 239 5724 regis
248 5646 443 5717 articularios,
456 5646 485 5701 iu
497 5645 613 5701 ecclesia
626 5650 719 5702 vestra
739 5662 795 5701 non
817 5651 891 5701 esset
908 5646 976 5701 assi·
1309 5637 1402 5713 [leta.
1415 5639 1471 5697 col.
1485 5636 1563 5715 doh]

155 5745 233 5805 dnus
242 5760 253 5816 ,·
277 5739 466 5800 nihilominus
488 5742 584 5797 tamen
599 5738 797 5815 integritatem
815 5740 976 5815 pretende
1061 5743 1203 5801 tustanus
1218 5741 1377 5817 episcopos,
1394 5758 1492 5801 terrm
1511 5757 1666 5803 serrorum
1682 5744 1746 5819 hei,
1762 5762 1843 5807 κῃ.-
