3750 6046
143 186 207 243 iasa
685 146 1266 247 ononisurinarisuoniuuaunasrs.
1761 184 1824 238 reas

143 312 203 365 tare
214 326 221 365 ι
233 308 312 380 pium
327 326 399 380 opus
412 311 441 365 et
453 308 578 381 ingentis
591 309 696 380 meriti,
709 292 759 366 sed
771 312 957 383 periculosior
968 324 996 397 ,q
1007 313 1064 368 rios
1086 311 1182 379 mittit,
1204 311 1300 383 prima
1319 325 1373 381 per
1396 307 1537 365 unitatem
1557 305 1638 375 fidei,
1662 306 1754 362 tertia
1778 324 1825 379 per

143 408 184 460 est
194 404 298 459 animae
311 403 472 471 infirmitas,
488 420 573 474 quam
587 404 715 473 corporis
730 405 846 460 morbus
860 425 867 461 c
882 406 957 460 unde
1007 405 1144 460 fiduciam
1158 405 1228 476 spei,
1242 409 1321 459 sexta
1336 420 1388 475 per
1399 419 1487 473 opera
1501 402 1676 470 dilectionis,
1688 418 1768 455 nona
1780 417 1825 472 per

143 498 332 554 visitationem
347 497 491 565 exhibere,
511 501 541 552 et
560 497 701 552 medelam
717 499 744 553 ei
760 499 864 554 habere
886 499 958 553 dilh-
1006 499 1140 553 virtutem
1166 496 1342 564 humilitatis,
1364 495 1516 552 undecima
1538 511 1592 565 per
1616 494 1824 565 plenitudinem

145 591 248 646 cilioris
261 591 367 647 laboris
382 595 440 657 est;
455 590 506 645 sed
520 590 629 645 fructus
646 591 675 645 in
695 607 728 646 eo
743 592 912 663 propensior
930 595 959 647 et
1007 591 1196 664 perfectionis.
1217 590 1274 646 Sed
1296 590 1389 645 missis
1411 589 1548 661 operariis
1573 605 1631 643 non
1658 593 1703 642 est
1727 595 1825 644 secun·

145 685 284 741 mcrcedis
303 689 331 740 ct
348 685 450 739 laudis.
465 684 661 740 miserabiliter
677 685 754 739 enim
770 686 867 740 animo
882 702 959 758 aeger
1009 686 1078 740 dum
1091 687 1190 754 otium,
1205 685 1254 740 sed
1266 684 1354 739 viuere
1367 684 1555 739 exercendum
1573 682 1741 753 negotium,
1755 685 1825 754 quod

144 783 196 848 est,
218 779 266 850 qui
289 779 467 850 propositum
485 795 569 833 suum
592 779 719 849 segniter
742 780 915 851 exsequitur,
931 783 959 834 et
1010 780 1093 851 qualc
1111 780 1147 833 sit
1164 780 1305 850 propheta
1322 779 1403 833 docet
1421 777 1504 832 lsaias
1519 794 1526 832 ε
1540 778 1649 847 Sapirit
1669 793 1733 831 evim
1747 777 1824 845 {baud

144 873 287 928 voluntate
302 873 449 939 instabilis,
466 872 559 926 studio
574 873 653 940 levis,
669 872 779 927 actione
795 874 958 942 dissolutus,
1010 874 1128 928 dubium
1146 876 1189 928 cst
1209 874 1278 944 quin
1293 873 1406 927 vineam
1422 871 1515 943 suam)
1529 873 1678 933 Dominus,
1693 877 1720 924 ct
1733 871 1825 941 lapides

146 966 239 1037 pravis
268 966 341 1021 cedit
365 965 607 1036 suggestionibus,
633 966 806 1021 irruentibus
832 967 960 1021 obruitur
1010 969 1089 1035 clepit
1104 984 1137 1023 cn
1149 983 1198 1034 en‚·
1213 970 1350 1022 eestruuit
1368 968 1476 1028 turrim,
1493 972 1518 1020 et
1535 966 1688 1033 edifivmvit
1705 967 1824 1031 torculur,

147 1060 367 1127 tentationibus,
394 1060 478 1114 variis
507 1061 640 1114 vitiorum
673 1059 859 1131 languoribus
888 1062 960 1116 lecto
1011 1067 1036 1116 et
1054 1064 1145 1131 posuit
1166 1077 1225 1116 evim
1247 1062 1358 1116 electum
1375 1063 1460 1131 (lsai,
1479 1064 1516 1129 vl.
1536 1059 1627 1131 Sepes
1649 1063 1695 1113 est
1714 1058 1826 1113 diversa·

147 1153 261 1208 desidiae
274 1153 390 1207 incubat
405 1153 553 1207 semivivus
571 1175 576 1206 ε
593 1154 681 1207 talem
698 1153 789 1207 visitat
807 1154 962 1224 spiritualis
1012 1171 1075 1209 rum
1093 1155 1239 1225 virgarum
1256 1154 1338 1208 firma
1352 1154 1499 1222 connexio,
1515 1170 1581 1225 quae
1604 1168 1673 1207 sues
1687 1159 1717 1207 et
1729 1152 1825 1207 feres

148 1247 288 1315 medicus3
311 1252 338 1301 ct
358 1246 479 1301 allerens
499 1262 595 1301 secum
619 1252 766 1316 unguenta
787 1248 960 1302 exhortatio·
1012 1250 1100 1304 vineae
1121 1255 1198 1303 arcet
1217 1248 1333 1303 introitu
1350 1265 1357 1303 :
1374 1247 1548 1303 assimilatur
1567 1251 1671 1302 autem
1693 1246 1824 1301 variarum

147 1356 217 1394 num
234 1346 262 1395 et
277 1340 467 1395 medicamina
480 1340 641 1394 divinarum
655 1340 866 1411 scripturarum
879 1357 961 1396 acce·
1013 1346 1130 1397 texturae
1152 1339 1298 1404 virtutum,
1313 1358 1377 1412 quae
1392 1341 1427 1395 ad
1448 1341 1610 1396 custodiam
1627 1341 1785 1395 sanctitatis
1801 1342 1825 1395 in

149 1434 190 1488 dit
203 1433 331 1504 propius,
347 1437 376 1487 ct
389 1434 488 1503 alligat
502 1433 617 1488 vulnera
633 1434 704 1504 ejus,
720 1435 814 1488 oleum
831 1436 962 1491 consola·
1013 1452 1099 1490 unam
1119 1434 1291 1507 copulantur
1306 1435 1470 1506 juncturam
1490 1452 1497 1490 ι
1518 1450 1662 1489 connexae
1684 1435 1761 1488 enim
1780 1434 1825 1488 sibi

149 1527 235 1582 tionis
248 1532 276 1581 et
289 1527 388 1580 viuum
406 1527 563 1581 infundens
579 1527 765 1598 correptionis
779 1530 864 1597 (hue,
880 1532 921 1596 ης
936 1533 964 1583 et
1013 1534 1088 1597 sunl,
1108 1533 1354 1599 concatenataeque
1373 1529 1499 1595 virtutes,
1513 1529 1545 1583 in
1561 1528 1673 1600 quibus
1694 1532 1743 1598 qui
1756 1532 1826 1583 sarrit

148 1636 267 1692 operum
290 1636 407 1674 suorum
428 1620 602 1690 adjumento,
624 1637 655 1674 ac
680 1620 702 1673 si
724 1621 753 1674 in
774 1621 899 1691 corporis
921 1621 963 1676 sui
1014 1622 1127 1688 ctu‘sto,
1150 1623 1242 1692 ploret
1267 1625 1320 1676 lieo
1344 1624 1441 1693 (llam,
1465 1624 1518 1689 nvi
1545 1638 1552 1677 :
1576 1624 1637 1676 sinc
1658 1623 1714 1690 tide
1739 1626 1826 1677 autem

144 1714 277 1785 jumento
297 1714 331 1768 ad
352 1713 514 1768 stabilitatis
529 1714 654 1784 quietem
671 1714 748 1768 velut
766 1715 799 1768 ad
821 1691 1175 1786 stabulumssimpossihile
1190 1717 1297 1786 placere
1316 1720 1367 1771 Deo
1388 1717 1491 1785 (Heba,
1512 1715 1715 1785 xi).Primun1
1736 1716 1825 1770 lunda·

148 1812 279 1874 revocat;
296 1806 442 1861 infirmum
456 1806 639 1874 confirmans,
653 1808 745 1862 levem
757 1810 893 1876 statuens,
910 1810 964 1862 col·
1013 1815 1112 1863 mento
1127 1809 1193 1863 fidei
1206 1825 1278 1880 opus
1292 1809 1410 1880 justitiae
1429 1808 1728 1880 superaedificandum
1741 1817 1789 1877 est,
1802 1817 1827 1865 ut

147 1901 241 1972 ligens
262 1900 441 1954 dissolutum.
464 1901 551 1970 llujus
572 1901 699 1971 prolecto
718 1901 842 1955 studium
864 1902 962 1956 minis·
1013 1904 1086 1957 actio
1098 1903 1219 1956 vivilieet
1231 1902 1329 1970 iidem,
1344 1905 1372 1957 et
1386 1902 1455 1957 lidos
1469 1902 1572 1957 fulciat
1585 1903 1733 1957 actionem
1749 1920 1756 1958 ε
1771 1921 1826 1957 riam

148 1994 220 2049 terio
243 2009 386 2064 corporeae
405 1993 571 2047 visitationis
594 1994 773 2064 praeeminet,
795 1995 843 2065 qui
866 1996 964 2050 melio·
1013 1997 1082 2050 lides
1110 1999 1139 2049 et
1168 1996 1240 2050 actio
1268 1995 1350 2065 gradi
1377 1996 1483 2050 debent
1511 1997 1630 2050 tramite
1659 2013 1734 2064 uno;
1762 1998 1825 2050 uude

147 2104 210 2142 rem
226 2091 255 2142 et
269 2089 438 2141 manentem
451 2087 640 2142 substantiam
656 2087 780 2143 visitavit
796 2093 823 2141 et
842 2090 961 2158 sanavit,
1013 2090 1180 2160 significatio
1195 2090 1294 2160 primae
1308 2090 1386 2145 horn
1400 2091 1492 2160 primo
1504 2091 1588 2160 operi
1605 2091 1751 2160 congruit.
1766 2091 1826 2145 Cum

145 2180 313 2238 visitationis
339 2180 465 2235 ollloium
492 2180 656 2248 efficaciter,
685 2182 752 2252 quia
778 2180 964 2252 spiritualiter
1014 2184 1089 2238 euim
1113 2200 1162 2255 per
1180 2182 1317 2237 unitatem
1331 2183 1397 2238 fidei
1412 2184 1447 2237 ad
1468 2184 1584 2238 vineam
1605 2184 1733 2237 caelestis
1751 2184 1825 2237 disci·

147 2274 278 2345 implens.
1013 2276 1099 2348 plinus
1115 2277 1217 2330 missus
1234 2276 1320 2331 fuerit
1338 2278 1410 2349 quis,
1427 2278 1523 2348 primo
1544 2278 1684 2331 omnium
1701 2278 1824 2331 virtutum

181 2371 243 2423 lam
262 2384 339 2423 nunc
360 2368 394 2423 ad
415 2367 621 2422 incarceratum
641 2373 669 2422 et
689 2386 775 2440 opere
789 2370 962 2426 veniendum
1013 2370 1172 2424 munimine
1200 2386 1283 2424 suum
1307 2387 1422 2424 necesse
1448 2376 1490 2425 est
1517 2371 1635 2425 studeat
1661 2371 1824 2441 propositum

147 2466 190 2518 est
214 2465 243 2517 et
268 2478 409 2517 sermone.
437 2462 576 2532 Angustia
602 2462 723 2517 carceris
750 2464 961 2520 tribulationem
1012 2464 1122 2532 fulcire,
1139 2465 1263 2533 utjuxta
1279 2464 1822 2535 prophetamrocoturscpiumuelimu-

147 2556 290 2627 signillcat
305 2561 333 2610 et
353 2555 496 2621 dolorem;
513 2556 541 2608 in
562 2572 617 2626 quo
636 2557 701 2627 quis
720 2558 838 2627 positus,
857 2575 961 2613 moero-
1013 2562 1054 2611 tor
1073 2564 1193 2611 reuertens
1209 2560 1317 2612 semitas
1337 2559 1365 2611 iu
1383 2562 1499 2626 qraietem
1520 2560 1612 2617 ilarii..
1631 2562 1717 2627 ιιιιιξ.
1737 2559 1777 2613 Sic
1794 2559 1822 2611 al

147 2650 186 2704 ris
208 2649 340 2704 tenebras
361 2649 479 2721 patitur,
498 2649 560 2703 luce
584 2650 682 2720 gaudii
704 2668 803 2705 carens
826 2669 832 2705 ε
854 2653 903 2723 qui
923 2653 962 2707 sio
1012 2650 1122 2720 relique
1138 2655 1262 2720 quatuor
1284 2667 1380 2721 opera,
1401 2651 1479 2704 hora·
1503 2655 1636 2721 quatuor
1658 2652 1756 2704 relerri
1776 2670 1824 2721 pos

147 2741 248 2798 allecto
263 2743 372 2797 miserit
386 2742 531 2810 allectum,
543 2748 570 2797 et
583 2743 716 2798 allectum
732 2745 832 2815 probat
849 2745 961 2811 ellectu,
1013 2749 1088 2809 sunt,
1105 2742 1223 2812 singule
1237 2743 1364 2813 siugulis.

147 2837 338 2908 operibusque
361 2842 389 2891 et
409 2836 597 2905 sermonibus,
620 2844 647 2891 et
671 2837 728 2891 suis
750 2838 785 2892 ad
809 2840 963 2893 Dominum
1048 2836 1141 2906 Sopita
1155 2836 1249 2906 itaque
1266 2836 1354 2903 vinea,
1372 2837 1482 2907 lapides
1502 2838 1635 2908 eligendi
1652 2842 1721 2892 sunt
1740 2855 1770 2892 cr
1789 2856 1823 2891 aa

147 2948 199 3002 pro
212 2946 247 2984 co
267 2930 397 3000 precibus
413 2930 588 2984 tribulationi
603 2931 698 2984 fratris
715 2933 844 2999 occurrit,
858 2935 886 2987 et
900 2950 961 2986 suc·
1013 2929 1133 2999 Lapides
1153 2928 1298 2997 duritiam,
1313 2931 1504 3001 asperitatem,
1522 2932 1716 3002 gravedinem
1730 2932 1824 3003 siguili·

148 3024 246 3089 currit,
259 3023 313 3076 iste
332 3023 365 3076 ad
382 3023 594 3076 incarceratum
609 3024 686 3077 venit
703 3040 760 3078 vion
783 3030 840 3079 lam
856 3027 961 3097 pedum
1013 3026 1087 3089 cant,
1109 3039 1171 3093 quan
1194 3023 1228 3077 de
1249 3023 1379 3077 cordibus
1402 3025 1508 3078 nostris
1531 3025 1686 3081 evellenda
1711 3032 1782 3092 sunt,
1802 3032 1826 3080 ut

147 3131 272 3182 accessu,
287 3131 376 3185 quam
397 3115 507 3185 pietatis
522 3116 623 3170 ellectu
638 3133 644 3169 :
662 3118 737 3186 quod
752 3118 774 3171 si
788 3119 850 3188 ejus
864 3118 960 3173 indus-
1013 3115 1170 3170 elliciauuu·
1185 3116 1278 3179 mites,
1295 3117 1456 3171 tractabiles
1476 3121 1506 3172 ct
1524 3118 1561 3171 ad
1582 3135 1673 3173 onirre
1696 3137 1767 3190 opus
1782 3120 1824 3173 bo·

145 3208 200 3264 tria
220 3209 255 3263 de
274 3209 404 3279 angustia
426 3208 532 3262 doloris
550 3209 586 3262 ad
603 3209 781 3265 latitudinem
803 3212 910 3283 gaudii,
928 3214 962 3268 de
1012 3226 1081 3264 nuru
1098 3210 1199 3280 parati,
1220 3209 1337 3281 locoque
1357 3210 1483 3280 lapidum
1501 3211 1647 3267 inseratur
1667 3213 1765 3284 planta
1780 3214 1826 3266 rir-

146 3301 275 3357 tcnebris
290 3301 478 3356 tribulationis
497 3302 532 3356 ad
554 3304 646 3357 lucem
666 3305 860 3375 prosperitatis
880 3307 963 3379 eripi·
1014 3306 1122 3371 tutum3
1136 3302 1186 3355 scd
1207 3307 1320 3373 sperata
1337 3305 1447 3375 praemii
1467 3305 1643 3375 magnitudo
1657 3306 1756 3360 subire
1773 3308 1828 3359 luit

148 3400 205 3465 tur,
220 3412 276 3450 non
290 3396 384 3449 solum
399 3395 475 3449 veuit
490 3396 525 3450 ad
546 3413 623 3463 cum,
640 3398 688 3451 sed
701 3404 729 3451 et
743 3398 838 3453 educit
852 3398 886 3453 de
901 3416 961 3454 car·
1013 3412 1079 3449 eum
1102 3395 1240 3462 laborem,
1262 3402 1291 3450 et
1312 3414 1375 3466 spes
1398 3397 1599 3452 retributionis
1626 3399 1682 3453 suh
1706 3400 1829 3453 oneribus

148 3506 213 3544 core
226 3488 354 3543 animam
369 3488 430 3559 ejus
443 3488 478 3542 ad
493 3488 686 3544 conlitoudnm
705 3491 815 3545 nomini
833 3492 963 3548 Durnini‘l
1013 3488 1142 3560 lapidum
1165 3489 1328 3544 consolatur
1348 3490 1535 3555 fatiscentem,
1558 3491 1640 3547 unde
1663 3509 1724 3547 non
1746 3492 1831 3547 delicit

147 3582 233 3654 (Paul.
257 3586 336 3649 exart.
362 3582 449 3652 llujus
476 3582 580 3637 laboris
607 3584 716 3638 fructus
742 3585 913 3653 uberrimus,
936 3591 965 3641 et
1014 3581 1104 3635 dorico
1131 3582 1239 3652 lapides
1267 3582 1399 3637 deliciunt
1423 3600 1430 3637 z
1460 3584 1566 3654 quibus
1594 3586 1699 3656 ejectis
1725 3586 1833 3640 exstruit

146 3675 301 3747 ereptionis
322 3679 409 3730 rante
430 3676 546 3747 copiosa
566 3694 672 3731 merces
693 3678 722 3732 in
746 3678 821 3732 caelis
840 3678 963 3750 (navata,
1014 3676 1138 3729 torcular
1159 3674 1235 3746 quud
1258 3693 1325 3730 uvas
1346 3682 1464 3747 premat,
1488 3680 1518 3731 et
1541 3678 1646 3732 vinum
1672 3679 1832 3750 exprimat:

147 3768 186 3837 r).
203 3770 309 3823 llorum
326 3784 395 3839 orgo
414 3785 534 3839 operum
550 3769 747 3841 spiritualiter,
767 3776 796 3827 et
809 3777 885 3827 certe
901 3789 962 3829 cor·
1015 3769 1139 3823 torcular
1157 3769 1238 3823 enim
1260 3775 1418 3840 opportune
1441 3778 1631 3841 comparatur
1654 3773 1771 3827 allectui
1792 3776 1836 3826 mi·

146 3862 281 3934 poraliter
300 3861 511 3933 implendorum
526 3863 677 3918 voluntatis
693 3868 722 3918 et
736 3867 830 3937 operis
851 3882 961 3937 prmpa-
1013 3861 1245 3933 solutionisque
1266 3861 1380 3917 animus
1395 3863 1535 3933 premitur
1551 3868 1762 3936 compatientis
1779 3871 1834 3920 tau·

147 3955 231 4024 ratio,
245 3955 281 4011 ad
296 3955 410 4009 vineam
425 3961 505 4010 serta
521 3957 590 4011 hora
603 3958 729 4028 egressio
742 3964 792 4013 est.
1014 3972 1099 4027 quarn
1119 3956 1198 4025 prelo
1219 3956 1335 4010 miseria
1355 3955 1489 4027 patientis
1504 3975 1511 4010 ι
1529 3956 1601 4011 hiuc
1624 3958 1732 4013 vinum
1747 3960 1837 4014 delluit

183 4050 264 4104 Nona
287 4064 352 4103 vero
375 4048 446 4103 hora
467 4050 628 4120 assignatur
648 4051 813 4107 humilitati.
835 4054 962 4108 Novena-
1014 4048 1167 4117 charitatis,
1188 4051 1285 4104 vinum
1306 4048 1386 4104 dulce
1403 4055 1432 4104 et
1447 4049 1534 4117 torte,
1551 4051 1635 4121 quod
1658 4053 1781 4121 latificat
1800 4069 1839 4107 oor

148 4142 206 4196 rius
223 4141 299 4195 enim
320 4141 397 4195 nullo
416 4142 512 4197 medio
533 4142 652 4198 denario
676 4145 896 4217 appropinquat,
915 4149 964 4218 qni
1014 4145 1128 4199 hominis
1145 4145 1226 4215 (Psoi.
1248 4148 1316 4211 cru).
1334 4142 1421 4213 llujus
1438 4142 1565 4214 denique
1585 4160 1698 4216 sapore
1718 4154 1838 4218 experta,

149 4234 291 4307 perfectus
304 4238 347 4289 ost
361 4251 507 4304 numerus,
520 4240 548 4290 et
561 4238 589 4290 in
600 4253 658 4307 quo
669 4238 762 4308 prima
777 4255 963 4295 numerorum
1014 4237 1104 4291 cultor
1115 4237 1206 4291 vineae
1218 4235 1366 4290 sollicitius
1380 4235 1537 4290 custodiam
1553 4236 1685 4294 adhibet
1700 4258 1708 4294 :
1724 4240 1838 4295 aedilical

149 4328 319 4400 progressio.
337 4328 381 4384 Sic
399 4329 549 4383 humilitas
568 4347 620 4402 per
642 4332 834 4402 operationem
854 4335 963 4405 perlec-
1015 4329 1110 4402 itaque
1128 4330 1241 4397 turrim,
1259 4345 1293 4384 ex
1308 4329 1389 4400 cujus
1407 4328 1567 4383 onrinentia
1583 4333 1752 4401 praevideat
1771 4334 1840 4388 tures

150 4421 219 4475 tioui
234 4422 453 4494 appropinquat,
470 4439 522 4493 per
539 4424 759 4480 aestimationem
780 4431 873 4481 tamen
890 4417 1042 4489 iulraDct
1065 4423 1139 4477 ieras
1158 4423 1312 4490 venientes,
1330 4425 1361 4476 ut
1376 4438 1392 4475 a
1407 4421 1496 4475 vinee
1514 4422 1635 4479 fructus
1659 4428 1763 4499 rapina
1782 4444 1841 4499 pro·

148 4520 289 4585 romanet.
303 4516 355 4579 Qui
369 4532 437 4587 ergo
452 4519 558 4586 quanto
578 4517 671 4587 major
690 4524 732 4572 est
746 4519 878 4575 humiliat
891 4538 920 4576 se
935 4521 963 4576 in
1014 4516 1120 4572 hbeat.
1149 4515 1342 4571 Eminentiam
1371 4516 1455 4570 turris
1485 4515 1655 4574 humilitati
1689 4537 1842 4593 congruere

147 4608 289 4675 omuibus,
306 4625 390 4664 rionoe
406 4610 485 4664 horu
501 4611 648 4681 operarius
664 4615 717 4665 est.
1014 4610 1142 4665 absoluta
1157 4609 1230 4665 ratio
1244 4608 1336 4674 docet,
1354 4608 1464 4663 dicente
1480 4609 1607 4665 Domino
1627 4631 1636 4667 c
1653 4615 1713 4681 Qui
1729 4632 1757 4671 se
1769 4617 1844 4670 huni

87 4728 90 4736 ·
185 4701 363 4756 lludeuarius
394 4704 492 4758 autern
522 4704 570 4775 aqui
603 4703 752 4759 denarium
783 4706 884 4760 transit
911 4706 961 4761 ali·
1014 4706 1076 4766 lint,
1096 4704 1262 4758 euoltebitur
1284 4701 1405 4774 (hurih,
1426 4703 1531 4773 rainl:
1560 4709 1663 4760 mater
1688 4710 1769 4763 enim
1791 4726 1843 4763 om·

147 4794 262 4868 quamn
290 4796 545 4866 transgressionem
574 4798 787 4866 mandatorum,
813 4799 963 4870 aliquando
1015 4797 1107 4867 nium,
1131 4802 1291 4867 custosque,
1317 4795 1453 4849 virtutum
1478 4795 1650 4854 humilitus.
1679 4803 1764 4857 Unde
1790 4806 1844 4875 post

148 4891 335 4960 spontaneam
357 4889 620 4961 supergressionem
643 4890 790 4962 designat3
812 4892 885 4947 hanc
907 4894 963 4962 hic,
1014 4890 1101 4962 hujus
1135 4889 1352 4961 acquisitionem
1382 4890 1462 4942 cinea
1494 4890 1621 4960 ponitur
1654 4895 1762 4960 electu,
1788 4896 1845 4967 qaia

148 4981 229 5036 illam
251 4981 319 5036 alibi
345 5000 350 5035 :
373 4983 421 5054 qui
444 4998 513 5055 ergo
536 5001 622 5055 supra
643 4984 671 5038 id
693 4986 767 5056 quod
792 4986 962 5056 imperatum
1015 4986 1140 5056 perlecta
1164 5000 1171 5038 t
1194 4983 1293 5039 eadem
1315 4982 1390 5037 enim
1413 4981 1581 5039 humilitate
1604 4989 1779 5058 perlicitur,
1797 5006 1845 5061 qna

147 5074 235 5130 fuerit
250 5075 356 5147 aliquid
370 5076 417 5147 pia
429 5078 575 5132 voluntate
591 5094 657 5132 cum
677 5078 781 5149 gaudio
796 5079 884 5133 sancti
898 5080 961 5151 Spi·
1014 5078 1171 5133 inchoatur.

146 5168 219 5223 ritus
232 5168 317 5224 offert
330 5171 394 5238 beo,
410 5171 524 5226 denario
540 5171 746 5243 superaddidit,
762 5176 790 5227 et
813 5172 964 5229 undecima
1051 5172 1141 5244 igitur
1162 5170 1284 5243 operarii
1303 5169 1390 5225 nostri
1411 5168 1637 5240 patrisfamilias
1661 5176 1763 5246 prima
1784 5177 1845 5231 hon

146 5260 218 5316 hora
239 5263 276 5317 ad
295 5263 408 5319 vineam
423 5264 580 5337 egreditur,
599 5265 634 5321 de
652 5266 752 5321 merito
770 5266 869 5337 primae
887 5266 964 5323 horae
1015 5266 1045 5320 in
1063 5265 1174 5321 vineam
1193 5268 1329 5321 excuntes
1348 5261 1505 5334 perfidem
1529 5279 1600 5320 eam
1617 5268 1760 5341 sepiunt;
1775 5270 1844 5326 tertia

147 5354 278 5425 operario
288 5357 400 5427 pondus
414 5358 471 5414 dici
480 5365 508 5414 ct
521 5361 606 5414 cestus
616 5359 740 5431 portanti
752 5376 809 5415 non
822 5360 964 5431 inaequale
1015 5376 1065 5432 per
1078 5374 1168 5431 spem,
1185 5357 1293 5431 eligunt
1313 5356 1423 5429 lapides
1436 5372 1470 5411 ex
1485 5371 1538 5425 αις
1554 5364 1642 5415 sextu
1659 5364 1844 5434 perdilectus

147 5445 267 5502 sortitur
280 5451 432 5520 praemium
443 5470 452 5522 ;
466 5453 571 5525 quippe
590 5452 655 5525 plus
675 5453 810 5509 omuibus
827 5470 887 5509 uon
901 5453 964 5510 dico
1014 5469 1093 5520 nem,
1118 5457 1267 5508 exstruunt
1288 5450 1426 5519 toreular3
1451 5466 1532 5506 noua
1556 5468 1616 5523 per
1641 5454 1841 5519 humilitatem,
1869 5480 1871 5493 =

145 5538 298 5611 laboravit,
313 5542 363 5599 sed
377 5545 567 5602 rrueuflearit.
1014 5547 1116 5602 turrim
1130 5546 1288 5615 aedilloaut;
1298 5544 1329 5601 iu
1342 5542 1506 5612 undecima,
1519 5560 1615 5618 opere
1625 5550 1763 5620 perlecto
1777 5566 1841 5607 cour

180 5632 229 5691 His
246 5632 344 5706 itaque
364 5637 492 5709 quinque
513 5640 592 5696 horis
610 5656 742 5697 summus
757 5641 963 5715 paterfamilias
1014 5642 1123 5713 pletur;
1150 5640 1225 5695 lacto
1251 5636 1356 5695 deinde
1380 5652 1511 5710 vespera,
1540 5637 1634 5697 adem
1662 5642 1839 5717 dispeusator

138 5726 178 5789 ud
200 5728 388 5793 excolendam
412 5731 568 5815 disciplinae
590 5735 710 5803 eoelestis
731 5735 845 5793 vineam
864 5752 965 5811 opera·
1015 5732 1238 5813 patrisfamilias,
1262 5739 1288 5793 ct
1313 5733 1447 5807 mamurra
1471 5746 1490 5789 o
1511 5735 1678 5796 misem
1702 5734 1836 5815 uque&
