3750 6046
66 215 120 273 bib
483 215 640 278 HISTORIA
659 212 924 280 ecelesiastica.
939 251 975 264 -
987 222 1074 280 etas
1093 223 1135 281 lll.
1149 254 1183 267 -
1198 225 1263 283 tta.
1285 224 1331 283 lll.
1697 236 1749 290 650

66 357 137 414 gam
150 341 215 399 laus
229 345 337 400 aterna
350 345 386 402 sit
398 361 449 418 per
463 349 566 404 saecula
578 349 760 422 sempiterna!
778 355 879 408 Amen.
892 351 1042 439 parbem,
1055 368 1120 424 quae
1131 353 1288 425 antIquitus
1300 353 1433 409 Amcrnis
1444 352 1518 410 dictu
1528 358 1579 423 est,
1591 357 1745 413 concilium

125 447 158 503 ll.
175 450 262 506 Varia
273 453 423 520 presagia.
440 452 656 509 curamontense
670 455 822 510 tenatiam,
930 445 1033 517 iugens
1048 445 1149 503 tenuit.
1161 448 1245 503 llulta
1258 463 1334 514 vero,
1345 463 1409 519 quer
1424 448 1462 504 cis
1475 450 1558 520 Alpes
1572 449 1743 521 agebantur,

98 546 184 600 Anno
199 545 235 601 ab
249 546 444 604 lneernatione
456 549 572 604 nomini
589 553 667 621 1094,
682 552 835 607 indictione
850 569 880 623 η,
931 539 1063 607 conexit,
1080 544 1107 594 et
1122 541 1211 595 multa
1228 541 1263 594 ad
1282 541 1513 597 emendationem
1531 558 1644 598 morum
1663 544 1745 600 utilia

63 637 221 695 seditiones
239 644 267 696 et
285 642 426 697 tumultus
445 641 585 699 bellorum
604 660 676 715 pene
697 661 748 716 pgr
766 644 879 701 univer.
931 633 1085 688 coustituit.
1099 635 1129 689 Iu
1144 634 1251 706 synodo
1263 635 1435 691 llrrerneusl
1452 651 1501 692 riu
1518 635 1635 692 luerunt
1651 637 1744 693 archi·

62 749 128 788 sum
154 732 256 789 orbem
280 735 507 809 perstrepebant,
530 740 559 792 et
582 736 707 793 immites
730 738 881 811 terrigena
931 727 1055 798 episcopi
1075 729 1104 782 et
1122 745 1205 783 ccxxv
1225 728 1358 801 episcopi,
1376 746 1442 784 cum
1460 729 1645 786 multitudiue
1659 731 1744 786 abba·

61 826 196 898 ingentia
208 827 260 884 sibi
275 828 399 885 caedibus
411 835 440 885 et
454 830 560 902 rapinis
573 831 675 887 damna
690 837 790 888 mutuo
805 833 881 888 inte·
931 823 993 876 tum
1007 819 1187 894 9589991999
1202 838 1400 895 lemmatum,
1415 823 1518 895 quihus
1530 841 1546 879 ³
1560 826 1614 880 ⁰⁰⁰
1631 831 1746 881 599913·

61 919 177 976 rebant.
193 921 324 994 Nequitia
341 923 486 995 multiplex
505 924 589 979 nimis
607 925 779 995 abundabat,
795 931 824 982 et
836 927 881 981 in·
932 916 1521 988 9919999999198999599999919999919·

60 1028 204 1070 numeras
223 1015 402 1073 calamitates
423 1017 573 1074 clientibus
592 1019 650 1075 suis
671 1020 880 1092 suppeditabat.
968 1010 1084 1065 0999999
1095 1025 1161 1065 ’1990
1172 1011 1292 1079 9099919,
1303 1010 1379 1083 apud
1389 1011 1634 1069 Clsslllfflfflffllitm
1645 1012 1744 1082 habiit,

58 1108 140 1166 Tunc
155 1125 263 1183 magna
279 1109 388 1185 siccitas
407 1111 537 1184 gramina
552 1118 636 1169 terra
650 1113 780 1186 perussit,
797 1130 881 1187 sege·
931 1105 998 1156 tuni
1012 1101 1211 1173 h⁰l⁰⁵00m⁰dl
1227 1121 1234 1159 ²

60 1208 104 1259 tes
118 1206 149 1258 et
161 1203 307 1276 tegumina
323 1202 410 1274 taestt3
426 1204 528 1276 quibus
545 1197 740 1278 pereuntibus,
758 1208 883 1265 maxima
967 1197 1140 1252 Ecclesiaste
1158 1198 1302 1261 catboliea,
1320 1206 1396 1255 casta
1412 1203 1437 1256 et
1456 1199 1550 1263 libera,
1564 1200 1697 1256 catbotiea
1715 1203 1746 1257 in

62 1296 156 1353 fames
169 1298 312 1353 snccessil.
931 1289 985 1358 Itde
998 1294 1023 1346 et
1036 1293 1219 1346 communione
1232 1298 1397 1357 sanctorum,
1415 1299 1490 1349 easta
1508 1294 1542 1348 ab
1561 1297 1636 1350 omni
1653 1299 1745 1352 conm-

96 1385 237 1442 llenricus
252 1387 405 1458 imperator
417 1389 581 1444 Romanam
599 1388 752 1444 Ecclesiam
766 1388 882 1461 Impug-
933 1385 1010 1451 aione
1025 1384 1188 1446 mailliaci
1203 1387 1289 1441 libero
1303 1386 1336 1440 ab
1351 1389 1424 1442 omni
1435 1387 1560 1442 seculari
1568 1392 1709 1458 potestate.

62 1480 162 1547 nubat,
179 1479 334 1552 multisque
348 1482 449 1537 merito
462 1481 492 1536 in
506 1482 642 1537 eumdem
658 1482 881 1554 insurgentibus,
969 1478 1104 1548 Episcopi,
1118 1479 1160 1533 vet
1174 1479 1294 1543 abbates,
1307 1484 1357 1536 aut
1371 1481 1471 1551 ationis
1484 1481 1518 1536 de
1531 1482 1610 1549 ctera,
1626 1483 1748 1554 aliquem

63 1573 117 1629 llei
145 1576 219 1629 nutu
244 1574 455 1631 succumbebat.
481 1575 609 1631 Urbanus
635 1592 709 1648 papa
734 1575 884 1632 Placentiae
934 1570 1138 1626 tutteuustt'cam
1165 1572 1326 1642 dione'tatern
1350 1574 1384 1628 de
1408 1589 1490 1629 manu
1511 1576 1681 1647 principum,
1706 1577 1750 1632 uel

63 1667 218 1723 concilium
243 1668 347 1737 tenuit,
370 1669 455 1724 etde
479 1686 548 1741 pace
571 1669 691 1741 aliisque
713 1669 884 1725 utilitatibus
934 1665 1116 1733 quorumlibet
1130 1665 1269 1729 batumum,
1283 1681 1336 1721 uun
1350 1668 1498 1736 aumant-

63 1766 174 1817 sanctia
186 1761 317 1818 Ecclesia
333 1761 484 1834 diligenter
498 1763 638 1819 tractarit.
896 1758 923 1830 Β
970 1757 1068 1813 Clerici
1084 1761 1114 1814 in
1132 1759 1238 1814 dntibus
1258 1760 1412 1816 civilatibus
1425 1761 1467 1816 aet
1483 1761 1598 1818 ecclesiis
1607 1764 1747 1833 prelatio-

98 1858 184 1912 Auno
205 1855 240 1911 ab
265 1846 464 1912 lucarnatioue
487 1857 601 1912 llomini
626 1859 704 1925 tota,
728 1856 884 1914 indictione
934 1866 981 1906 uti
994 1867 1040 1907 uu
1051 1853 1210 1923 ptubtudus
1223 1869 1278 1908 aon
1292 1853 1422 1910 babeant.

61 1964 105 2019 ui,
120 1949 213 2022 pridie
228 1949 577 2022 Nouastprilis,leria1v,
591 1950 657 2006 luna
668 1967 731 2020 xxv,
748 1951 777 2006 iu
790 1952 885 2007 Galliis
970 1947 1052 2001 Nemo
1067 1948 1206 2018 episcopus
1217 1952 1244 2003 et
1254 1946 1338 2002 abtas
1351 1948 1435 2003 sinat
1445 1950 1491 2003 sit.

61 2044 99 2099 ab
124 2043 380 2100 innumerabilibus
400 2043 607 2116 inspectoribus
627 2044 704 2100 risus
724 2048 767 2100 est
789 2047 884 2101 tantus
969 2040 1121 2109 Presbyter,
1137 2041 1276 2106 diaconus,
1292 2041 1473 2097 subdiaconus
1486 2042 1529 2096 vet
1540 2043 1685 2098 conculcas
1698 2057 1747 2099 au·

62 2137 212 2193 stellarum
235 2137 387 2206 discursus,
411 2142 443 2192 ut
467 2138 586 2210 maudo,
610 2139 664 2194 uisi
688 2140 808 2208 luceret,
832 2154 883 2210 pro
928 2131 1043 2201 jutttbet
1055 2133 1168 2198 urdiut't,
1182 2135 1292 2189 curuati
1304 2137 1459 2191 commuuio
1472 2139 1645 2191 uouututur.

64 2230 209 2287 debellate
228 2234 407 2302 putarentur.
427 2231 505 2288 llulti
526 2232 613 2287 etiam
633 2232 730 2288 stellas
751 2232 884 2289 cecidisse
968 2226 1119 2297 Presbyter,
1133 2226 1272 2292 diaconus,
1286 2228 1477 2292 subdiaconus,
1494 2233 1556 2299 pout
1571 2229 1678 2301 lapsum
1693 2243 1748 2285 auu

64 2323 178 2396 opinati
200 2325 280 2394 sunt3
302 2327 334 2380 ut
358 2324 502 2396 Scriptura
524 2324 705 2397 impleretur,
728 2341 792 2396 quae
815 2323 884 2380 dicit
933 2321 1078 2375 ministret.

63 2417 144 2490 quia,
167 2417 340 2490 quandoque
368 2418 457 2474 stellae
481 2417 586 2474 cadent
610 2417 645 2474 de
670 2416 738 2474 eoelo
763 2417 881 2488 lltattb„
968 2415 1159 2470 Ecclesiastico
1171 2415 1329 2485 diqndates,
1341 2415 1384 2470 oet
1398 2417 1543 2480 samniae,
1559 2431 1576 2471 a
1590 2416 1667 2472 nullo
1680 2431 1747 2474 uen-

64 2527 145 2578 xxiv,
160 2512 216 2580 ast.
934 2505 1045 2570 dantur,
1060 2508 1103 2563 aet
1116 2513 1253 2564 meatur.

99 2598 881 2674 Gislebertus,Leroriensisepiscopus,senexmedicus,
968 2601 1027 2656 Illis
1049 2605 1165 2666 tanturn,
1190 2605 1247 2672 qui,
1272 2604 1427 2672 iqnnantes
1447 2617 1579 2659 canonum
1602 2606 1750 2660 auctorita·

63 2693 223 2748 multarum
237 2693 342 2749 artium
354 2694 550 2766 peritissimus,
565 2695 686 2768 singulis
699 2697 830 2753 noctibus
845 2698 881 2753 si·
933 2698 994 2758 tem,
1007 2695 1146 2763 astruisse
1157 2696 1335 2767 probitatum,
1347 2697 1491 2753 canonicas
1508 2703 1640 2761 annunt,
1654 2698 1747 2754 indul·

64 2787 135 2842 dara
159 2785 208 2841 dio
232 2787 424 2859 contemplari
449 2788 568 2858 solebat,
594 2794 623 2844 et
646 2807 744 2847 cursus
771 2807 881 2860 eorum,
933 2792 991 2843 tum
1006 2791 1053 2844 sit.

63 2883 164 2952 utpote
181 2896 269 2953 sagax
284 2881 470 2954 horoscopus,
487 2881 586 2938 callide
606 2882 771 2941 denotabat.
788 2886 812 2939 ls
827 2885 882 2941 ita·
967 2882 1027 2937 Illis
1044 2898 1115 2950 uero,
1129 2885 1178 2954 qai
1193 2885 1308 2940 scienter
1321 2899 1339 2938 a
1351 2897 1379 2940 se
1391 2883 1434 2941 oet
1444 2899 1462 2939 a
1473 2883 1633 2954 parentibus
1645 2890 1750 2957 emptas

63 2989 123 3046 qne
151 2973 315 3046 prodigium
343 2981 485 3031 astrorum
509 2975 645 3048 physicus
670 2976 788 3034 sollicite
812 2995 882 3051 pro·
930 2976 1078 3046 metunt,
1092 2978 1266 3045 naseuntur.

63 3068 169 3140 spexit,
191 3067 378 3142 vigilemque,
405 3069 455 3142 qui
480 3069 588 3125 curiam
614 3087 706 3140 suam,
731 3071 793 3127 aliis
816 3072 881 3129 dor·
968 3071 1049 3127 Nemo
1059 3071 1189 3126 nnumin
1199 3071 1750 3144 postmceptosctneresincapitejejuntt

62 3161 230 3232 mieutibns,
252 3163 439 3232 custodiebat,
457 3163 611 3221 advocavit.
632 3165 755 3229 Videsne,
776 3165 881 3239 lnquit,
893 3127 921 3203 C
934 3177 1022 3233 usque
1035 3164 1072 3219 ad
1085 3164 1190 3220 Pnsebu
1201 3179 1309 3220 carnem
1322 3166 1452 3221 mmedat.

63 3256 200 3326 titutum,
223 3257 271 3313 boc
292 3258 436 3329 spectabile
456 3260 584 3326 emnam
605 3260 639 3313 tlt
664 3259 710 3314 illa
736 3276 742 3314 :
763 3262 884 3324 Domine,
970 3257 1049 3314 Omni
1060 3261 1175 3329 tempore
1184 3260 1305 3330 menum
1312 3259 1451 3328 inanium
1460 3260 1582 3327 orminor
1592 3261 1750 3331 recuperem

63 3350 158 3417 uidem
172 3350 221 3407 sed
238 3351 305 3422 quid
317 3353 476 3422 portendat,
490 3354 587 3408 nescia
603 3351 695 3409 Senex
710 3353 749 3408 ait
765 3375 771 3408 :
789 3357 885 3411 bane
932 3353 1024 3421 prima
1036 3351 1203 3407 bebdomada
1216 3351 1436 3422 Quadrupestme
1447 3353 1605 3408 celebretur.

61 3446 192 3513 salwode
206 3445 371 3516 populorum
389 3446 422 3502 de
438 3462 521 3517 regno
540 3448 570 3501 tn
586 3462 711 3518 regnum,
727 3452 757 3504 ut
776 3451 882 3519 opinor,
969 3445 1083 3502 Ordines
1098 3447 1171 3501 omni
1186 3451 1301 3516 tempore
1317 3451 1366 3500 out
1386 3448 1416 3501 in
1436 3461 1548 3517 saepem
1560 3445 1683 3516 sabbati,
1699 3450 1750 3504 aut

59 3540 266 3608 preponeretur.
290 3539 374 3595 llulti
397 3546 490 3596 auten
516 3540 643 3605 abibunt,
668 3543 719 3612 qut
743 3557 884 3613 nunquam
930 3545 1118 3610 perseverante
1129 3538 1233 3608 jejunio
1247 3541 1387 3595 Dominus
1401 3540 1575 3596 mlebrentur.

61 3630 202 3696 reddenti,
224 3631 308 3688 donec
326 3633 364 3689 ad
384 3636 511 3706 proprias
532 3635 635 3691 neae
657 3640 734 3690 astru
755 3636 882 3701 redeant,
968 3634 1001 3687 In
1024 3632 1142 3689 Sabbata
1165 3632 1276 3688 Pacete
1296 3633 1416 3702 officium
1441 3648 1496 3688 non
1520 3634 1575 3688 nisi
1595 3637 1658 3704 post
1681 3632 1747 3690 satis

62 3725 138 3782 unde
149 3740 231 3791 nune,
247 3733 279 3782 ut
291 3728 365 3784 nobes
379 3728 497 3792 otdetm,
515 3729 619 3800 liquido
633 3729 738 3784 labant.
750 3728 811 3785 Alii
821 3745 883 3787 vero
933 3741 1054 3782 mesum
1066 3728 1191 3796 liniatur.

58 3820 263 3890 pensatum
283 3822 313 3876 in
332 3822 387 3877 Ioco
406 3822 517 3878 sublimi
537 3827 564 3878 et
583 3829 686 3888 sancto,
706 3823 781 3879 uelut
800 3824 884 3881 stella
966 3819 1101 3890 leonium
1121 3819 1269 3876 secundam
1292 3834 1393 3892 semper
1415 3822 1447 3876 in
1468 3820 1632 3878 bebdomada
1654 3825 1747 3878 Pente·

60 3913 200 3983 mtqentes
219 3915 249 3969 tn
267 3917 446 3985 prmamema
468 3916 627 3973 Gualterius
649 3917 744 3989 itaque
764 3920 881 3975 Corma·
932 3919 1021 3970 costen
1034 3914 1192 3970 celebretur.

60 4006 160 4063 liensis
173 4014 237 4080 post
253 4008 377 4065 multum
398 4015 511 4082 tempos
525 4011 599 4066 mihi
614 4011 710 4067 retulit
723 4012 789 4081 hoc,
805 4012 882 4084 quod
967 4008 1012 4063 Ab
1026 4007 1154 4064 Adventu
1170 4011 1279 4065 Domini
1297 4024 1380 4081 usque
1397 4010 1435 4066 ad
1455 4016 1562 4067 octaaat
1577 4010 1748 4080 matema,

60 4100 97 4157 ab
110 4117 160 4158 ore
173 4103 320 4175 prudentis
332 4103 466 4159 archiatri
483 4105 518 4160 de
532 4105 658 4162 discursu
673 4106 822 4161 stellarum
834 4123 882 4162 au·
932 4108 958 4157 et
979 4118 998 4157 a
1016 4104 1221 4174 septuagesima
1242 4119 1326 4175 taque
1347 4104 1385 4159 ad
1408 4110 1518 4161 atavos
1539 4105 1657 4170 Pescla,
1681 4108 1707 4160 et
1729 4119 1748 4159 a

61 4194 303 4266 diuturnam
320 4197 478 4271 modoque
494 4213 539 4254 res
554 4204 734 4256 monstruosa
748 4200 878 4273 contigit.
928 4199 1023 4268 priato
1038 4196 1082 4252 dte
1092 4199 1274 4266 &pactionum
1290 4214 1375 4268 usque
1393 4199 1431 4255 ad
1447 4204 1555 4256 minoas
1567 4200 1747 4264 Pentecosten,

97 4289 257 4364 PhiIIppus,
277 4307 329 4348 rex
350 4292 533 4361 Francorum,
554 4294 731 4363 Bertradam,
748 4293 880 4367 llndega·
932 4296 958 4347 et
975 4294 1179 4361 omnitempore
1194 4295 1420 4362 aqunrtoteria,
1437 4293 1750 4363 monstrabatque

60 4384 195 4441 sensium
209 4383 397 4454 comitissam,
411 4386 516 4458 rapuit,
530 4402 638 4460 suaque
651 4388 742 4444 nobili
757 4389 881 4461 conjuge
932 4385 970 4440 ad
987 4385 1132 4441 secundam
1150 4386 1262 4452 seriam,
1281 4389 1381 4442 edente
1399 4387 1464 4450 sote,
1487 4389 1573 4443 neuin
1595 4388 1643 4441 Ilei
1662 4389 1749 4442 amre

60 4478 171 4548 rellcte,
189 4479 332 4535 moecham
353 4481 474 4552 turpiter
490 4480 680 4554 desponsavit.
696 4484 719 4537 t
738 4482 878 4554 pontilici-
890 4502 920 4576 D
931 4478 1037 4534 duitor.

59 4572 115 4629 bns
138 4572 236 4629 Gallice
257 4572 419 4646 casIIgatus,
443 4572 521 4647 quod
544 4575 590 4631 ille
613 4592 744 4645 uxorem,
769 4580 798 4632 et
820 4577 882 4649 ipsa
966 4572 1306 4644 Qutepiscopaneepen't,
1319 4572 1519 4629 omninoeatea
1531 4571 1674 4652 babeatur.

60 4667 202 4723 maritum
223 4667 299 4724 ultro
324 4666 491 4736 deseruerit,
515 4685 532 4723 a
554 4669 630 4725 foedo
653 4671 732 4726 reatu
756 4670 880 4743 resipere
967 4668 1019 4735 oui
1039 4667 1191 4731 meones,
1212 4668 1255 4723 oet
1276 4668 1396 4734 clauos,
1418 4668 1460 4722 oet
1481 4668 1700 4724 sanctimoniales
1722 4665 1748 4724 et

59 4761 170 4832 noluit3
184 4760 233 4818 sed
246 4761 325 4818 senio
341 4764 369 4819 et
381 4761 551 4835 egritudine
566 4763 690 4833 tabidus,
705 4765 733 4820 iu
747 4764 881 4821 adulterii
931 4777 1022 4820 eorum
1034 4763 1140 4818 comites
1151 4763 1260 4834 ceperit,
1271 4761 1314 4817 vel
1326 4762 1526 4832 enepotiaoerit,
1541 4762 1686 4818 ‹rnatbema
1698 4764 1745 4820 sit.

60 4859 187 4912 maore
199 4855 335 4912 flebililer
347 4856 532 4928 computruit.
967 4856 1019 4923 Qui
1037 4858 1219 4928 episcoporum
1234 4857 1407 4912 morientium
1424 4856 1503 4920 bona,
1521 4855 1563 4912 aet
1579 4857 1746 4928 emonem,

95 4944 228 5002 Urbanus
240 4962 324 5018 papa,
337 4952 475 5019 regnante
488 4947 628 5020 Philippo,
639 4949 669 5003 in
680 4947 782 5004 Gallias
792 4949 880 5015 venit,
931 4951 1087 5023 diripuerit,
1102 4951 1249 5006 anatliema
1265 4951 1312 5004 stt.

59 5040 199 5097 etaltera
221 5040 249 5097 S.
273 5037 349 5097 Petri
371 5039 447 5114 epod
467 5041 634 5100 cluniacum
656 5043 828 5113 coenobium,
852 5045 882 5100 et
968 5046 1021 5113 Qui
1034 5060 1117 5116 usque
1131 5045 1169 5099 ad
1186 5046 1327 5115 sepbmam
1342 5045 1541 5113 amentiorem
1555 5047 1747 5116 sumserint·

60 5134 166 5189 multas
180 5138 344 5190 sauctorum
361 5134 490 5191 basilicas
510 5134 658 5205 dedicarit,
674 5140 704 5192 et
723 5136 881 5210 privilegiis
934 5141 987 5194 tati
998 5154 1024 5194 se
1040 5139 1216 5209 copulaverit,
1230 5138 1378 5193 anutbcma
1389 5140 1435 5194 sit.

58 5227 224 5300 apostolica
240 5227 416 5284 auctoritatis
433 5228 470 5284 ad
490 5229 608 5286 laudem
625 5230 728 5286 Christi
745 5231 880 5287 subliura·
966 5235 1047 5291 Nono
1059 5234 1088 5287 in
1100 5235 1253 5303 episcopum
1265 5233 1392 5300 eligatur,
1407 5235 1461 5289 nati
1472 5239 1523 5289 aut
1533 5233 1682 5306 presbyter,
1697 5239 1747 5290 aut

59 5321 109 5378 vit.
124 5322 203 5378 Tunc
216 5321 246 5378 iu
258 5323 435 5380 Normannia
450 5326 480 5378 et
492 5323 609 5380 Francia
622 5325 777 5382 mortalitas
791 5324 881 5383 bomi-
931 5327 1070 5390 ducenas,
1089 5332 1138 5381 aut
1157 5326 1347 5390 subdiacones,
1364 5331 1391 5383 et
1407 5330 1452 5383 cui
1468 5327 1592 5398 dandas
1611 5328 1748 5384 natalium

60 5430 131 5473 num
159 5413 304 5484 satiebat,
331 5417 488 5491 domosque
511 5417 650 5490 plurimas
673 5419 882 5477 babilatoribus
930 5422 1105 5494 remanetur,
1120 5422 1175 5477 nid
1186 5421 1307 5476 mamae
1319 5422 1512 5477 neoeedtateet
1528 5422 1751 5479 licentiosammi

60 5509 221 5566 evacuabat
233 5516 262 5565 et
276 5506 404 5566 maxima
417 5510 508 5567 tames
523 5512 642 5570 miseros
658 5514 830 5569 macerabat.
928 5518 1075 5588 pontificis.

94 5602 205 5660 Eodem
226 5619 302 5660 anno
322 5605 401 5676 toea,
419 5604 576 5663 indictione
592 5623 627 5678 rr,
645 5623 742 5664 mense
757 5609 880 5664 Novem·
966 5611 1030 5666 Filii
1047 5609 1273 5681 presbyterorum,
1286 5610 1330 5666 oet
1344 5610 1563 5674 maeatmaram,
1582 5612 1621 5668 od
1634 5614 1748 5682 presta·

58 5696 266 5772 bri,proelatns
279 5715 353 5772 papa
365 5714 464 5755 omues
476 5698 624 5773 episcopos
636 5702 732 5758 Galliae
745 5707 772 5759 et
785 5701 881 5775 llispa·
932 5708 1049 5760 aaaron
1070 5717 1125 5759 non
1145 5703 1339 5776 provebuntur,
1362 5707 1418 5761 nisi
1437 5708 1516 5777 prius
1538 5706 1575 5761 ad
1595 5706 1756 5772 reliquentes

59 5793 116 5851 nia
129 5793 324 5867 emgregevit,
338 5798 368 5851 et
382 5793 459 5866 apud
472 5795 727 5869 clarummontem,
741 5797 881 5857 Alternia
930 5799 1021 5857 eitam
1037 5800 1213 5861 adamat.

225 5889 361 5957 Peraea.
386 5890 595 5987 CLXXXVIII,
1592 5891 1640 5949 <tt
