<?xml version="1.0" encoding="UTF-8"?>
<!DOCTYPE html PUBLIC "-//W3C//DTD XHTML 1.0 Transitional//EN"
    "http://www.w3.org/TR/xhtml1/DTD/xhtml1-transitional.dtd">
<html xmlns="http://www.w3.org/1999/xhtml" xml:lang="en" lang="en">
 <head>
  <title>
</title>
<meta http-equiv="Content-Type" content="text/html;charset=utf-8" />
  <meta name='ocr-system' content='tesseract 3.04.00' />
  <meta name='ocr-capabilities' content='ocr_page ocr_carea ocr_par ocr_line ocrx_word'/>
</head>
<body>
  <div class='ocr_page' id='page_1' title='image "./patrologiaecurs67unkngoog_0201.png"; bbox 0 0 3750 6046; ppageno 0'>
   <div class='ocr_carea' id='block_1_1' title="bbox 78 232 215 283">
    <p class='ocr_par' dir='ltr' id='par_1_1' title="bbox 78 232 215 283">
     <span class='ocr_line' id='line_1_1' title="bbox 78 232 215 283; baseline -0.029 0"><span class='ocrx_word' id='word_1_1' title='bbox 78 252 81 259; x_wconf 75' lang='grc'><strong>’</strong></span> <span class='ocrx_word' id='word_1_2' title='bbox 164 232 215 283; x_wconf 73' lang='lat' dir='ltr'>‘tta</span> 
     </span>
    </p>
   </div>
   <div class='ocr_carea' id='block_1_2' title="bbox 816 228 1841 291">
    <p class='ocr_par' dir='ltr' id='par_1_2' title="bbox 816 228 1841 291">
     <span class='ocr_line' id='line_1_2' title="bbox 816 228 1841 291; baseline -0.004 -3"><span class='ocrx_word' id='word_1_3' title='bbox 816 228 976 291; x_wconf 73' lang='lat' dir='ltr'>cubantes</span> <span class='ocrx_word' id='word_1_4' title='bbox 998 233 1127 290; x_wconf 82' lang='lat' dir='ltr'>l&#39;lTALlS</span> <span class='ocrx_word' id='word_1_5' title='bbox 1788 235 1841 287; x_wconf 72' lang='lat' dir='ltr'>eutr</span> 
     </span>
    </p>
   </div>
   <div class='ocr_carea' id='block_1_3' title="bbox 161 348 1842 442">
    <p class='ocr_par' dir='ltr' id='par_1_3' title="bbox 161 348 1842 442">
     <span class='ocr_line' id='line_1_3' title="bbox 161 348 1842 442; baseline 0.002 -38"><span class='ocrx_word' id='word_1_6' title='bbox 161 348 346 419; x_wconf 78' lang='lat' dir='ltr'>ierosolymis</span> <span class='ocrx_word' id='word_1_7' title='bbox 369 352 534 422; x_wconf 79' lang='lat' dir='ltr'>reportavit,</span> <span class='ocrx_word' id='word_1_8' title='bbox 564 356 592 407; x_wconf 90' lang='lat' dir='ltr'>et</span> <span class='ocrx_word' id='word_1_9' title='bbox 617 368 718 409; x_wconf 88' lang='lat' dir='ltr'>omnes</span> <span class='ocrx_word' id='word_1_10' title='bbox 741 353 913 412; x_wconf 80' lang='lat' dir='ltr'>Christianos</span> <span class='ocrx_word' id='word_1_11' title='bbox 939 357 974 413; x_wconf 90' lang='lat' dir='ltr'>de</span> <span class='ocrx_word' id='word_1_12' title='bbox 984 358 1117 442; x_wconf 65' lang='lat' dir='ltr'>Atrvcule</span> <span class='ocrx_word' id='word_1_13' title='bbox 1133 355 1333 426; x_wconf 89' lang='lat' dir='ltr'>contemplari.</span> <span class='ocrx_word' id='word_1_14' title='bbox 1348 356 1379 409; x_wconf 94' lang='lat' dir='ltr'>ln</span> <span class='ocrx_word' id='word_1_15' title='bbox 1392 355 1480 423; x_wconf 91' lang='lat' dir='ltr'>ltalia,</span> <span class='ocrx_word' id='word_1_16' title='bbox 1497 354 1630 425; x_wconf 90' lang='lat' dir='ltr'>Ariperto</span> <span class='ocrx_word' id='word_1_17' title='bbox 1643 369 1711 425; x_wconf 87' lang='lat' dir='ltr'>rege</span> <span class='ocrx_word' id='word_1_18' title='bbox 1730 360 1797 424; x_wconf 89' lang='lat' dir='ltr'>post</span> <span class='ocrx_word' id='word_1_19' title='bbox 1816 370 1842 409; x_wconf 86' lang='lat' dir='ltr'>rx</span> 
     </span>
    </p>
   </div>
   <div class='ocr_carea' id='block_1_4' title="bbox 163 441 461 513">
    <p class='ocr_par' dir='ltr' id='par_1_4' title="bbox 163 441 461 513">
     <span class='ocr_line' id='line_1_4' title="bbox 163 441 461 513; baseline 0.01 -17"><span class='ocrx_word' id='word_1_20' title='bbox 163 441 323 513; x_wconf 69' lang='lat' dir='ltr'>captivitate</span> <span class='ocrx_word' id='word_1_21' title='bbox 339 444 461 499; x_wconf 84' lang='lat' dir='ltr'>reduxit.</span> 
     </span>
    </p>
   </div>
   <div class='ocr_carea' id='block_1_5' title="bbox 161 548 976 1554">
    <p class='ocr_par' dir='ltr' id='par_1_5' title="bbox 167 548 933 704">
     <span class='ocr_line' id='line_1_5' title="bbox 167 548 885 620; baseline 0.013 -19"><span class='ocrx_word' id='word_1_22' title='bbox 167 548 208 601; x_wconf 82' lang='lat' dir='ltr'>va.</span> <span class='ocrx_word' id='word_1_23' title='bbox 267 548 383 604; x_wconf 75' lang='lat' dir='ltr'>Seruatus</span> <span class='ocrx_word' id='word_1_24' title='bbox 397 553 544 613; x_wconf 74' lang='lat' dir='ltr'>Romaanus,</span> <span class='ocrx_word' id='word_1_25' title='bbox 557 551 689 620; x_wconf 80' lang='lat' dir='ltr'>praetere</span> <span class='ocrx_word' id='word_1_26' title='bbox 703 553 799 609; x_wconf 83' lang='lat' dir='ltr'>nobilis</span> <span class='ocrx_word' id='word_1_27' title='bbox 812 559 885 620; x_wconf 87' lang='lat' dir='ltr'>actu,</span> 
     </span>
     <span class='ocr_line' id='line_1_6' title="bbox 270 630 933 704; baseline 0.008 -21"><span class='ocrx_word' id='word_1_28' title='bbox 270 630 390 685; x_wconf 77' lang='lat' dir='ltr'>Maribam</span> <span class='ocrx_word' id='word_1_29' title='bbox 405 632 524 694; x_wconf 79' lang='lat' dir='ltr'>emicuit,</span> <span class='ocrx_word' id='word_1_30' title='bbox 537 633 609 686; x_wconf 84' lang='lat' dir='ltr'>socri</span> <span class='ocrx_word' id='word_1_31' title='bbox 619 648 724 704; x_wconf 85' lang='lat' dir='ltr'>quoque</span> <span class='ocrx_word' id='word_1_32' title='bbox 737 635 836 690; x_wconf 84' lang='lat' dir='ltr'>lumine</span> <span class='ocrx_word' id='word_1_33' title='bbox 849 636 933 691; x_wconf 86' lang='lat' dir='ltr'>verbi.</span> 
     </span>
    </p>

    <p class='ocr_par' dir='ltr' id='par_1_6' title="bbox 161 729 976 1554">
     <span class='ocr_line' id='line_1_7' title="bbox 163 729 974 806; baseline 0.009 -20"><span class='ocrx_word' id='word_1_34' title='bbox 163 729 213 786; x_wconf 89' lang='lat' dir='ltr'>ilic</span> <span class='ocrx_word' id='word_1_35' title='bbox 226 747 274 788; x_wconf 83' lang='lat'>1111</span> <span class='ocrx_word' id='word_1_36' title='bbox 294 733 386 802; x_wconf 92' lang='lat' dir='ltr'>annis,</span> <span class='ocrx_word' id='word_1_37' title='bbox 400 737 531 806; x_wconf 90' lang='lat' dir='ltr'>tempore</span> <span class='ocrx_word' id='word_1_38' title='bbox 551 735 678 805; x_wconf 77' lang='lat' dir='ltr'>honorii,</span> <span class='ocrx_word' id='word_1_39' title='bbox 691 736 819 793; x_wconf 79' lang='lat' dir='ltr'>Severini</span> <span class='ocrx_word' id='word_1_40' title='bbox 840 741 869 793; x_wconf 89' lang='lat' dir='ltr'>et</span> <span class='ocrx_word' id='word_1_41' title='bbox 887 740 974 795; x_wconf 82' lang='lat' dir='ltr'>loan-</span> 
     </span>
     <span class='ocr_line' id='line_1_8' title="bbox 163 825 976 900; baseline 0.01 -20"><span class='ocrx_word' id='word_1_42' title='bbox 163 825 208 881; x_wconf 92' lang='lat' dir='ltr'>nis</span> <span class='ocrx_word' id='word_1_43' title='bbox 223 841 373 898; x_wconf 87' lang='lat' dir='ltr'>paparum,</span> <span class='ocrx_word' id='word_1_44' title='bbox 385 828 512 883; x_wconf 84' lang='lat' dir='ltr'>Heraclio</span> <span class='ocrx_word' id='word_1_45' title='bbox 528 834 679 900; x_wconf 77' lang='lat' dir='ltr'>regnante,</span> <span class='ocrx_word' id='word_1_46' title='bbox 690 831 834 887; x_wconf 83' lang='lat' dir='ltr'>miraculis</span> <span class='ocrx_word' id='word_1_47' title='bbox 848 848 976 889; x_wconf 89' lang='lat' dir='ltr'>eorusca-</span> 
     </span>
     <span class='ocr_line' id='line_1_9' title="bbox 163 918 975 998; baseline 0.011 -25"><span class='ocrx_word' id='word_1_48' title='bbox 163 919 213 989; x_wconf 89' lang='lat' dir='ltr'>vit,</span> <span class='ocrx_word' id='word_1_49' title='bbox 230 918 397 993; x_wconf 84' lang='lat' dir='ltr'>decimoque</span> <span class='ocrx_word' id='word_1_50' title='bbox 414 921 476 979; x_wconf 90' lang='lat' dir='ltr'>llal.</span> <span class='ocrx_word' id='word_1_51' title='bbox 493 923 657 979; x_wconf 91' lang='lat' dir='ltr'>Novembris</span> <span class='ocrx_word' id='word_1_52' title='bbox 678 924 714 979; x_wconf 91' lang='lat' dir='ltr'>ad</span> <span class='ocrx_word' id='word_1_53' title='bbox 738 926 892 981; x_wconf 83' lang='lat' dir='ltr'>Dominum</span> <span class='ocrx_word' id='word_1_54' title='bbox 915 927 975 998; x_wconf 92' lang='lat' dir='ltr'>glo·</span> 
     </span>
     <span class='ocr_line' id='line_1_10' title="bbox 162 1013 975 1092; baseline 0.009 -24"><span class='ocrx_word' id='word_1_55' title='bbox 162 1014 237 1068; x_wconf 89' lang='lat' dir='ltr'>riose</span> <span class='ocrx_word' id='word_1_56' title='bbox 262 1013 381 1069; x_wconf 88' lang='lat' dir='ltr'>transiit.</span> <span class='ocrx_word' id='word_1_57' title='bbox 397 1015 475 1070; x_wconf 77' lang='lat' dir='ltr'>Tarne</span> <span class='ocrx_word' id='word_1_58' title='bbox 496 1015 527 1070; x_wconf 91' lang='lat' dir='ltr'>in</span> <span class='ocrx_word' id='word_1_59' title='bbox 548 1016 636 1072; x_wconf 91' lang='lat' dir='ltr'>Gallia</span> <span class='ocrx_word' id='word_1_60' title='bbox 658 1017 811 1074; x_wconf 85' lang='lat' dir='ltr'>Christiani</span> <span class='ocrx_word' id='word_1_61' title='bbox 832 1018 975 1092; x_wconf 82' lang='lat' dir='ltr'>principes</span> 
     </span>
     <span class='ocr_line' id='line_1_11' title="bbox 162 1107 973 1188; baseline 0.007 -27"><span class='ocrx_word' id='word_1_62' title='bbox 162 1107 298 1188; x_wconf 80' lang='lat' dir='ltr'>vigebant</span> <span class='ocrx_word' id='word_1_63' title='bbox 309 1107 486 1179; x_wconf 86' lang='lat' dir='ltr'>Dagobertas</span> <span class='ocrx_word' id='word_1_64' title='bbox 498 1115 526 1165; x_wconf 93' lang='lat' dir='ltr'>et</span> <span class='ocrx_word' id='word_1_65' title='bbox 540 1110 697 1167; x_wconf 78' lang='lat' dir='ltr'>lodoveus.</span> <span class='ocrx_word' id='word_1_66' title='bbox 714 1113 744 1167; x_wconf 93' lang='lat' dir='ltr'>ln</span> <span class='ocrx_word' id='word_1_67' title='bbox 764 1113 865 1185; x_wconf 89' lang='lat' dir='ltr'>Anglir</span> <span class='ocrx_word' id='word_1_68' title='bbox 878 1113 973 1169; x_wconf 88' lang='lat' dir='ltr'>Osval·</span> 
     </span>
     <span class='ocr_line' id='line_1_12' title="bbox 161 1199 973 1278; baseline 0.009 -23"><span class='ocrx_word' id='word_1_69' title='bbox 161 1200 223 1266; x_wconf 89' lang='lat' dir='ltr'>dus,</span> <span class='ocrx_word' id='word_1_70' title='bbox 247 1199 366 1255; x_wconf 89' lang='lat' dir='ltr'>Osvinas</span> <span class='ocrx_word' id='word_1_71' title='bbox 389 1207 418 1258; x_wconf 92' lang='lat' dir='ltr'>et</span> <span class='ocrx_word' id='word_1_72' title='bbox 439 1201 549 1258; x_wconf 90' lang='lat' dir='ltr'>Osvius.</span> <span class='ocrx_word' id='word_1_73' title='bbox 569 1204 599 1259; x_wconf 89' lang='lat' dir='ltr'>ln</span> <span class='ocrx_word' id='word_1_74' title='bbox 625 1205 705 1261; x_wconf 86' lang='lat' dir='ltr'>ltalia</span> <span class='ocrx_word' id='word_1_75' title='bbox 726 1205 874 1278; x_wconf 85' lang='lat' dir='ltr'>Agilullus,</span> <span class='ocrx_word' id='word_1_76' title='bbox 901 1208 973 1262; x_wconf 88' lang='lat' dir='ltr'>Ada-</span> 
     </span>
     <span class='ocr_line' id='line_1_13' title="bbox 163 1294 974 1365; baseline 0.01 -17"><span class='ocrx_word' id='word_1_77' title='bbox 163 1294 282 1357; x_wconf 85' lang='lat' dir='ltr'>loaldus,</span> <span class='ocrx_word' id='word_1_78' title='bbox 296 1295 456 1365; x_wconf 89' lang='lat' dir='ltr'>Arioaldus,</span> <span class='ocrx_word' id='word_1_79' title='bbox 471 1297 603 1353; x_wconf 86' lang='lat' dir='ltr'>Rotarith</span> <span class='ocrx_word' id='word_1_80' title='bbox 617 1303 644 1354; x_wconf 88' lang='lat' dir='ltr'>et</span> <span class='ocrx_word' id='word_1_81' title='bbox 657 1299 829 1355; x_wconf 81' lang='lat' dir='ltr'>liodoaldus.</span> <span class='ocrx_word' id='word_1_82' title='bbox 844 1301 974 1357; x_wconf 92' lang='lat' dir='ltr'>Arioaldo</span> 
     </span>
     <span class='ocr_line' id='line_1_14' title="bbox 161 1388 973 1465; baseline 0.007 -22"><span class='ocrx_word' id='word_1_83' title='bbox 161 1389 310 1460; x_wconf 79' lang='lat' dir='ltr'>regnante,</span> <span class='ocrx_word' id='word_1_84' title='bbox 323 1388 424 1445; x_wconf 91' lang='lat' dir='ltr'>beatus</span> <span class='ocrx_word' id='word_1_85' title='bbox 437 1390 630 1447; x_wconf 89' lang='lat' dir='ltr'>Columbanus</span> <span class='ocrx_word' id='word_1_86' title='bbox 651 1408 757 1465; x_wconf 80' lang='lat' dir='ltr'>genere</span> <span class='ocrx_word' id='word_1_87' title='bbox 775 1394 884 1462; x_wconf 89' lang='lat' dir='ltr'>Scotus,</span> <span class='ocrx_word' id='word_1_88' title='bbox 897 1397 973 1465; x_wconf 90' lang='lat' dir='ltr'>post-</span> 
     </span>
     <span class='ocr_line' id='line_1_15' title="bbox 162 1480 974 1554; baseline 0.007 -17"><span class='ocrx_word' id='word_1_89' title='bbox 162 1498 249 1554; x_wconf 89' lang='lat' dir='ltr'>quam</span> <span class='ocrx_word' id='word_1_90' title='bbox 270 1480 297 1536; x_wconf 93' lang='lat' dir='ltr'>in</span> <span class='ocrx_word' id='word_1_91' title='bbox 320 1483 409 1538; x_wconf 90' lang='lat' dir='ltr'>Gallia</span> <span class='ocrx_word' id='word_1_92' title='bbox 428 1485 605 1541; x_wconf 85' lang='lat' dir='ltr'>Luxoviense</span> <span class='ocrx_word' id='word_1_93' title='bbox 620 1486 831 1543; x_wconf 88' lang='lat' dir='ltr'>monasterium</span> <span class='ocrx_word' id='word_1_94' title='bbox 845 1494 974 1544; x_wconf 89' lang='lat' dir='ltr'>constru-</span> 
     </span>
    </p>
   </div>
   <div class='ocr_carea' id='block_1_6' title="bbox 1025 447 1842 1555">
    <p class='ocr_par' dir='ltr' id='par_1_7' title="bbox 1025 447 1842 1555">
     <span class='ocr_line' id='line_1_16' title="bbox 1026 447 1842 522; baseline -0.002 -18"><span class='ocrx_word' id='word_1_95' title='bbox 1026 466 1116 505; x_wconf 90' lang='lat' dir='ltr'>annos</span> <span class='ocrx_word' id='word_1_96' title='bbox 1131 449 1208 522; x_wconf 88' lang='lat' dir='ltr'>apud</span> <span class='ocrx_word' id='word_1_97' title='bbox 1222 449 1351 505; x_wconf 84' lang='lat' dir='ltr'>Ticinum</span> <span class='ocrx_word' id='word_1_98' title='bbox 1367 449 1509 518; x_wconf 84' lang='lat' dir='ltr'>defuncto,</span> <span class='ocrx_word' id='word_1_99' title='bbox 1524 449 1580 504; x_wconf 90' lang='lat' dir='ltr'>duo</span> <span class='ocrx_word' id='word_1_100' title='bbox 1601 448 1650 503; x_wconf 90' lang='lat' dir='ltr'>lilii</span> <span class='ocrx_word' id='word_1_101' title='bbox 1668 448 1729 519; x_wconf 77' lang='lat' dir='ltr'>eJ&#39;ns</span> <span class='ocrx_word' id='word_1_102' title='bbox 1748 447 1842 502; x_wconf 90' lang='lat' dir='ltr'>adhuc</span> 
     </span>
     <span class='ocr_line' id='line_1_17' title="bbox 1025 540 1842 613; baseline -0.001 -15"><span class='ocrx_word' id='word_1_103' title='bbox 1025 544 1231 600; x_wconf 80' lang='lat' dir='ltr'>adolescentuli</span> <span class='ocrx_word' id='word_1_104' title='bbox 1268 548 1483 609; x_wconf 79' lang='lat' dir='ltr'>successerunt3</span> <span class='ocrx_word' id='word_1_105' title='bbox 1515 541 1693 597; x_wconf 88' lang='lat' dir='ltr'>Godebertus</span> <span class='ocrx_word' id='word_1_106' title='bbox 1724 540 1842 613; x_wconf 88' lang='lat' dir='ltr'>quidem</span> 
     </span>
     <span class='ocr_line' id='line_1_18' title="bbox 1025 635 1840 705; baseline -0.005 -12"><span class='ocrx_word' id='word_1_107' title='bbox 1025 637 1123 705; x_wconf 89' lang='lat' dir='ltr'>Ticini,</span> <span class='ocrx_word' id='word_1_108' title='bbox 1139 637 1282 693; x_wconf 82' lang='lat' dir='ltr'>[tertarith</span> <span class='ocrx_word' id='word_1_109' title='bbox 1304 654 1371 692; x_wconf 90' lang='lat' dir='ltr'>vero</span> <span class='ocrx_word' id='word_1_110' title='bbox 1392 637 1421 691; x_wconf 93' lang='lat' dir='ltr'>in</span> <span class='ocrx_word' id='word_1_111' title='bbox 1442 635 1553 691; x_wconf 91' lang='lat' dir='ltr'>civitate</span> <span class='ocrx_word' id='word_1_112' title='bbox 1575 635 1778 690; x_wconf 82' lang='lat' dir='ltr'>Mediolanensi</span> <span class='ocrx_word' id='word_1_113' title='bbox 1797 652 1840 690; x_wconf 90' lang='lat' dir='ltr'>se·</span> 
     </span>
     <span class='ocr_line' id='line_1_19' title="bbox 1026 728 1840 805; baseline -0.004 -18"><span class='ocrx_word' id='word_1_114' title='bbox 1026 732 1091 787; x_wconf 89' lang='lat' dir='ltr'>dem</span> <span class='ocrx_word' id='word_1_115' title='bbox 1109 731 1209 787; x_wconf 90' lang='lat' dir='ltr'>habuit</span> <span class='ocrx_word' id='word_1_116' title='bbox 1224 731 1315 805; x_wconf 90' lang='lat' dir='ltr'>regni.</span> <span class='ocrx_word' id='word_1_117' title='bbox 1332 733 1394 787; x_wconf 90' lang='lat' dir='ltr'>Non</span> <span class='ocrx_word' id='word_1_118' title='bbox 1412 730 1503 786; x_wconf 91' lang='lat' dir='ltr'>multo</span> <span class='ocrx_word' id='word_1_119' title='bbox 1522 732 1585 801; x_wconf 90' lang='lat' dir='ltr'>post</span> <span class='ocrx_word' id='word_1_120' title='bbox 1597 728 1777 786; x_wconf 83' lang='lat' dir='ltr'>Grimoaldns</span> <span class='ocrx_word' id='word_1_121' title='bbox 1792 730 1840 784; x_wconf 82' lang='lat' dir='ltr'>lie-</span> 
     </span>
     <span class='ocr_line' id='line_1_20' title="bbox 1025 823 1841 895; baseline -0.002 -15"><span class='ocrx_word' id='word_1_122' title='bbox 1025 831 1249 881; x_wconf 88' lang='lat' dir='ltr'>neventanorum</span> <span class='ocrx_word' id='word_1_123' title='bbox 1263 829 1394 882; x_wconf 88' lang='lat' dir='ltr'>strenuus</span> <span class='ocrx_word' id='word_1_124' title='bbox 1407 824 1462 879; x_wconf 82' lang='lat' dir='ltr'>dur</span> <span class='ocrx_word' id='word_1_125' title='bbox 1475 823 1666 881; x_wconf 87' lang='lat' dir='ltr'>Godebertum</span> <span class='ocrx_word' id='word_1_126' title='bbox 1679 838 1747 879; x_wconf 87' lang='lat' dir='ltr'>ease</span> <span class='ocrx_word' id='word_1_127' title='bbox 1763 839 1841 895; x_wconf 91' lang='lat' dir='ltr'>pere·</span> 
     </span>
     <span class='ocr_line' id='line_1_21' title="bbox 1025 918 1839 991; baseline -0.005 -17"><span class='ocrx_word' id='word_1_128' title='bbox 1025 920 1088 988; x_wconf 87' lang='lat' dir='ltr'>mit,</span> <span class='ocrx_word' id='word_1_129' title='bbox 1103 923 1131 975; x_wconf 88' lang='lat' dir='ltr'>et</span> <span class='ocrx_word' id='word_1_130' title='bbox 1151 919 1292 987; x_wconf 82' lang='lat' dir='ltr'>Beriarith</span> <span class='ocrx_word' id='word_1_131' title='bbox 1315 918 1435 991; x_wconf 83' lang='lat' dir='ltr'>fugavit,</span> <span class='ocrx_word' id='word_1_132' title='bbox 1452 933 1608 990; x_wconf 88' lang='lat' dir='ltr'>eorumque</span> <span class='ocrx_word' id='word_1_133' title='bbox 1634 933 1756 989; x_wconf 88' lang='lat' dir='ltr'>regnum</span> <span class='ocrx_word' id='word_1_134' title='bbox 1776 933 1839 971; x_wconf 91' lang='lat' dir='ltr'>cum</span> 
     </span>
     <span class='ocr_line' id='line_1_22' title="bbox 1026 1012 1840 1085; baseline -0.006 -16"><span class='ocrx_word' id='word_1_135' title='bbox 1026 1030 1120 1069; x_wconf 92' lang='lat' dir='ltr'>sorore</span> <span class='ocrx_word' id='word_1_136' title='bbox 1140 1029 1239 1068; x_wconf 90' lang='lat' dir='ltr'>eorum</span> <span class='ocrx_word' id='word_1_137' title='bbox 1261 1013 1379 1085; x_wconf 84' lang='lat' dir='ltr'>accepit,</span> <span class='ocrx_word' id='word_1_138' title='bbox 1395 1018 1422 1069; x_wconf 93' lang='lat' dir='ltr'>et</span> <span class='ocrx_word' id='word_1_139' title='bbox 1445 1029 1496 1084; x_wconf 83' lang='lat' dir='ltr'>per</span> <span class='ocrx_word' id='word_1_140' title='bbox 1516 1028 1542 1068; x_wconf 85' lang='grc' dir='ltr'>ιι</span> <span class='ocrx_word' id='word_1_141' title='bbox 1554 1027 1643 1067; x_wconf 91' lang='lat' dir='ltr'>annos</span> <span class='ocrx_word' id='word_1_142' title='bbox 1661 1013 1793 1083; x_wconf 89' lang='lat' dir='ltr'>potenter</span> <span class='ocrx_word' id='word_1_143' title='bbox 1812 1012 1840 1066; x_wconf 91' lang='lat' dir='ltr'>et</span> 
     </span>
     <span class='ocr_line' id='line_1_23' title="bbox 1026 1104 1839 1173; baseline -0.005 -11"><span class='ocrx_word' id='word_1_144' title='bbox 1026 1107 1132 1163; x_wconf 88' lang='lat' dir='ltr'>utiliter</span> <span class='ocrx_word' id='word_1_145' title='bbox 1145 1106 1278 1163; x_wconf 89' lang='lat' dir='ltr'>obtinuit.</span> <span class='ocrx_word' id='word_1_146' title='bbox 1295 1106 1357 1172; x_wconf 88' lang='lat' dir='ltr'>Quo</span> <span class='ocrx_word' id='word_1_147' title='bbox 1379 1109 1504 1173; x_wconf 80' lang='lat' dir='ltr'>mortam,</span> <span class='ocrx_word' id='word_1_148' title='bbox 1521 1104 1663 1161; x_wconf 89' lang='lat' dir='ltr'>Bertarith</span> <span class='ocrx_word' id='word_1_149' title='bbox 1677 1120 1742 1160; x_wconf 82' lang='lat' dir='ltr'>xvnv</span> <span class='ocrx_word' id='word_1_150' title='bbox 1758 1104 1839 1159; x_wconf 89' lang='lat' dir='ltr'>annis</span> 
     </span>
     <span class='ocr_line' id='line_1_24' title="bbox 1026 1197 1838 1273; baseline -0.004 -18"><span class='ocrx_word' id='word_1_151' title='bbox 1026 1201 1164 1273; x_wconf 88' lang='lat' dir='ltr'>regnavit,</span> <span class='ocrx_word' id='word_1_152' title='bbox 1192 1207 1221 1256; x_wconf 88' lang='lat' dir='ltr'>et</span> <span class='ocrx_word' id='word_1_153' title='bbox 1246 1200 1433 1273; x_wconf 90' lang='lat' dir='ltr'>Cuaipertnm</span> <span class='ocrx_word' id='word_1_154' title='bbox 1454 1198 1545 1255; x_wconf 75' lang='lat' dir='ltr'>filiium</span> <span class='ocrx_word' id='word_1_155' title='bbox 1572 1214 1666 1267; x_wconf 78' lang='lat' dir='ltr'>sivum,</span> <span class='ocrx_word' id='word_1_156' title='bbox 1692 1213 1779 1270; x_wconf 88' lang='lat' dir='ltr'>quem</span> <span class='ocrx_word' id='word_1_157' title='bbox 1805 1197 1838 1253; x_wconf 93' lang='lat' dir='ltr'>de</span> 
     </span>
     <span class='ocr_line' id='line_1_25' title="bbox 1026 1294 1841 1369; baseline -0.006 -16"><span class='ocrx_word' id='word_1_158' title='bbox 1026 1297 1184 1353; x_wconf 86' lang='lat' dir='ltr'>Rodelinda</span> <span class='ocrx_word' id='word_1_159' title='bbox 1196 1297 1299 1369; x_wconf 89' lang='lat' dir='ltr'>regina</span> <span class='ocrx_word' id='word_1_160' title='bbox 1312 1300 1485 1367; x_wconf 86' lang='lat' dir='ltr'>susceperat,</span> <span class='ocrx_word' id='word_1_161' title='bbox 1501 1298 1663 1351; x_wconf 89' lang='lat' dir='ltr'>consortem</span> <span class='ocrx_word' id='word_1_162' title='bbox 1676 1294 1760 1365; x_wconf 92' lang='lat' dir='ltr'>regni</span> <span class='ocrx_word' id='word_1_163' title='bbox 1774 1310 1841 1349; x_wconf 91' lang='lat' dir='ltr'>con·</span> 
     </span>
     <span class='ocr_line' id='line_1_26' title="bbox 1025 1388 1839 1461; baseline -0.004 -16"><span class='ocrx_word' id='word_1_164' title='bbox 1025 1390 1124 1446; x_wconf 88' lang='lat' dir='ltr'>stituit.</span> <span class='ocrx_word' id='word_1_165' title='bbox 1142 1390 1232 1446; x_wconf 90' lang='lat' dir='ltr'>Ambo</span> <span class='ocrx_word' id='word_1_166' title='bbox 1246 1394 1388 1445; x_wconf 87' lang='lat' dir='ltr'>amatores</span> <span class='ocrx_word' id='word_1_167' title='bbox 1399 1389 1516 1461; x_wconf 81' lang='lat' dir='ltr'>justitia</span> <span class='ocrx_word' id='word_1_168' title='bbox 1538 1390 1665 1456; x_wconf 88' lang='lat' dir='ltr'>inerunt,</span> <span class='ocrx_word' id='word_1_169' title='bbox 1681 1388 1789 1459; x_wconf 86' lang='lat' dir='ltr'>Datque</span> <span class='ocrx_word' id='word_1_170' title='bbox 1812 1392 1839 1442; x_wconf 92' lang='lat' dir='ltr'>et</span> 
     </span>
     <span class='ocr_line' id='line_1_27' title="bbox 1025 1482 1837 1555; baseline -0.002 -16"><span class='ocrx_word' id='word_1_171' title='bbox 1025 1484 1086 1555; x_wconf 88' lang='lat' dir='ltr'>ejus</span> <span class='ocrx_word' id='word_1_172' title='bbox 1106 1483 1237 1540; x_wconf 80' lang='lat' dir='ltr'>Ecclesiae</span> <span class='ocrx_word' id='word_1_173' title='bbox 1258 1483 1387 1540; x_wconf 88' lang='lat' dir='ltr'>benevoli</span> <span class='ocrx_word' id='word_1_174' title='bbox 1407 1483 1539 1553; x_wconf 89' lang='lat' dir='ltr'>cultores,</span> <span class='ocrx_word' id='word_1_175' title='bbox 1554 1497 1773 1554; x_wconf 88' lang='lat' dir='ltr'>pauperumque</span> <span class='ocrx_word' id='word_1_176' title='bbox 1790 1482 1837 1537; x_wconf 91' lang='lat' dir='ltr'>de·</span> 
     </span>
    </p>
   </div>
   <div class='ocr_carea' id='block_1_7' title="bbox 160 1574 1838 2212">
    <p class='ocr_par' dir='ltr' id='par_1_8' title="bbox 161 1574 1838 1839">
     <span class='ocr_line' id='line_1_28' title="bbox 1024 1574 1837 1651; baseline -0.004 -18"><span class='ocrx_word' id='word_1_177' title='bbox 1024 1578 1151 1635; x_wconf 81' lang='lat' dir='ltr'>tensores</span> <span class='ocrx_word' id='word_1_178' title='bbox 1164 1578 1325 1651; x_wconf 87' lang='lat' dir='ltr'>viguerunt.</span> <span class='ocrx_word' id='word_1_179' title='bbox 1339 1576 1486 1633; x_wconf 85' lang='lat' dir='ltr'>Alschecis</span> <span class='ocrx_word' id='word_1_180' title='bbox 1502 1574 1650 1632; x_wconf 86' lang='lat' dir='ltr'>Brixianns</span> <span class='ocrx_word' id='word_1_181' title='bbox 1667 1576 1726 1631; x_wconf 83' lang='lat' dir='ltr'>dux</span> <span class='ocrx_word' id='word_1_182' title='bbox 1741 1579 1837 1631; x_wconf 90' lang='lat' dir='ltr'>contra</span> 
     </span>
     <span class='ocr_line' id='line_1_29' title="bbox 162 1668 1837 1742; baseline -0.002 -16"><span class='ocrx_word' id='word_1_183' title='bbox 162 1670 212 1726; x_wconf 91' lang='lat' dir='ltr'>dit.</span> <span class='ocrx_word' id='word_1_184' title='bbox 1025 1687 1073 1728; x_wconf 90' lang='lat' dir='ltr'>eos</span> <span class='ocrx_word' id='word_1_185' title='bbox 1082 1670 1240 1741; x_wconf 83' lang='lat' dir='ltr'>rebellavit,</span> <span class='ocrx_word' id='word_1_186' title='bbox 1251 1675 1400 1742; x_wconf 89' lang='lat' dir='ltr'>totamque</span> <span class='ocrx_word' id='word_1_187' title='bbox 1410 1670 1560 1742; x_wconf 89' lang='lat' dir='ltr'>regionem</span> <span class='ocrx_word' id='word_1_188' title='bbox 1571 1668 1715 1725; x_wconf 86' lang='lat' dir='ltr'>multoties</span> <span class='ocrx_word' id='word_1_189' title='bbox 1733 1668 1837 1741; x_wconf 89' lang='lat' dir='ltr'>diuque</span> 
     </span>
     <span class='ocr_line' id='line_1_30' title="bbox 161 1740 1838 1839; baseline -0.001 -20"><span class='ocrx_word' id='word_1_190' title='bbox 161 1767 205 1820; x_wconf 79' lang='lat'>20.</span> <span class='ocrx_word' id='word_1_191' title='bbox 265 1766 413 1822; x_wconf 77' lang='lat' dir='ltr'>dadoenus</span> <span class='ocrx_word' id='word_1_192' title='bbox 425 1766 487 1822; x_wconf 80' lang='lat' dir='ltr'>huic</span> <span class='ocrx_word' id='word_1_193' title='bbox 501 1769 640 1833; x_wconf 73' lang='lat' dir='ltr'>succressit,</span> <span class='ocrx_word' id='word_1_194' title='bbox 651 1771 803 1839; x_wconf 71' lang='lat' dir='ltr'>pontificali</span> <span class='ocrx_word' id='word_1_195' title='bbox 983 1740 1012 1812; x_wconf 79' lang='grc' dir='ltr'><strong>Β</strong></span> <span class='ocrx_word' id='word_1_196' title='bbox 1026 1764 1211 1837; x_wconf 87' lang='lat' dir='ltr'>perturbavit,</span> <span class='ocrx_word' id='word_1_197' title='bbox 1233 1764 1334 1833; x_wconf 90' lang='lat' dir='ltr'>donec,</span> <span class='ocrx_word' id='word_1_198' title='bbox 1350 1763 1507 1836; x_wconf 91' lang='lat' dir='ltr'>Cuniperto</span> <span class='ocrx_word' id='word_1_199' title='bbox 1531 1768 1688 1836; x_wconf 86' lang='lat' dir='ltr'>pugnante,</span> <span class='ocrx_word' id='word_1_200' title='bbox 1708 1779 1838 1836; x_wconf 90' lang='lat' dir='ltr'>peremp-</span> 
     </span>
    </p>

    <p class='ocr_par' dir='ltr' id='par_1_9' title="bbox 160 1845 1838 2212">
     <span class='ocr_line' id='line_1_31' title="bbox 268 1845 1838 1932; baseline 0.003 -31"><span class='ocrx_word' id='word_1_201' title='bbox 268 1845 569 1917; x_wconf 73' lang='lat' dir='ltr'>Ordinesptencteseeus,</span> <span class='ocrx_word' id='word_1_202' title='bbox 579 1851 974 1922; x_wconf 74' lang='lat' dir='ltr'>virttttt&#39;bttsatqtterefulgtns.</span> <span class='ocrx_word' id='word_1_203' title='bbox 1025 1864 1071 1914; x_wconf 84' lang='lat' dir='ltr'>tus</span> <span class='ocrx_word' id='word_1_204' title='bbox 1087 1858 1240 1932; x_wconf 77' lang='lat' dir='ltr'>malignari</span> <span class='ocrx_word' id='word_1_205' title='bbox 1254 1857 1345 1914; x_wconf 78' lang='lat' dir='ltr'>desiit.</span> <span class='ocrx_word' id='word_1_206' title='bbox 1363 1857 1472 1929; x_wconf 78' lang='lat' dir='ltr'>Agatho</span> <span class='ocrx_word' id='word_1_207' title='bbox 1490 1874 1575 1930; x_wconf 79' lang='lat' dir='ltr'>papa,</span> <span class='ocrx_word' id='word_1_208' title='bbox 1587 1861 1689 1930; x_wconf 81' lang='lat' dir='ltr'>rogatu</span> <span class='ocrx_word' id='word_1_209' title='bbox 1706 1856 1838 1913; x_wconf 81' lang='lat' dir='ltr'>Constan-</span> 
     </span>
     <span class='ocr_line' id='line_1_32' title="bbox 160 1949 1836 2029; baseline -0.002 -22"><span class='ocrx_word' id='word_1_210' title='bbox 160 1951 211 2007; x_wconf 86' lang='lat' dir='ltr'>llic</span> <span class='ocrx_word' id='word_1_211' title='bbox 231 1969 293 2008; x_wconf 84' lang='grc' dir='ltr'>ιιιιι</span> <span class='ocrx_word' id='word_1_212' title='bbox 313 1951 405 2020; x_wconf 89' lang='lat' dir='ltr'>annis,</span> <span class='ocrx_word' id='word_1_213' title='bbox 428 1958 557 2025; x_wconf 85' lang='lat' dir='ltr'>tempore</span> <span class='ocrx_word' id='word_1_214' title='bbox 575 1954 728 2023; x_wconf 84' lang='lat' dir='ltr'>Theodori,</span> <span class='ocrx_word' id='word_1_215' title='bbox 744 1956 865 2026; x_wconf 89' lang='lat' dir='ltr'>llartini,</span> <span class='ocrx_word' id='word_1_216' title='bbox 881 1958 975 2029; x_wconf 87' lang='lat' dir='ltr'>Euge·</span> <span class='ocrx_word' id='word_1_217' title='bbox 1025 1951 1088 2023; x_wconf 90' lang='lat' dir='ltr'>tini,</span> <span class='ocrx_word' id='word_1_218' title='bbox 1113 1952 1232 2009; x_wconf 90' lang='lat' dir='ltr'>lleraclii</span> <span class='ocrx_word' id='word_1_219' title='bbox 1260 1957 1288 2006; x_wconf 90' lang='lat' dir='ltr'>et</span> <span class='ocrx_word' id='word_1_220' title='bbox 1314 1950 1419 2006; x_wconf 87' lang='lat' dir='ltr'>Tiberii</span> <span class='ocrx_word' id='word_1_221' title='bbox 1444 1950 1606 2022; x_wconf 89' lang='lat' dir='ltr'>principum</span> <span class='ocrx_word' id='word_1_222' title='bbox 1632 1949 1836 2022; x_wconf 89' lang='lat' dir='ltr'>piissimorum,</span> 
     </span>
     <span class='ocr_line' id='line_1_33' title="bbox 160 2044 1835 2119; baseline -0.001 -19"><span class='ocrx_word' id='word_1_223' title='bbox 160 2046 210 2114; x_wconf 89' lang='lat' dir='ltr'>nii,</span> <span class='ocrx_word' id='word_1_224' title='bbox 231 2045 371 2113; x_wconf 76' lang='lat' dir='ltr'>vitaliani,</span> <span class='ocrx_word' id='word_1_225' title='bbox 391 2046 542 2116; x_wconf 90' lang='lat' dir='ltr'>Adeodati,</span> <span class='ocrx_word' id='word_1_226' title='bbox 566 2048 647 2117; x_wconf 83' lang='lat' dir='ltr'>Doni,</span> <span class='ocrx_word' id='word_1_227' title='bbox 672 2048 839 2119; x_wconf 87' lang='lat' dir='ltr'>Agathonis,</span> <span class='ocrx_word' id='word_1_228' title='bbox 861 2050 973 2119; x_wconf 86' lang='lat' dir='ltr'>Leonis,</span> <span class='ocrx_word' id='word_1_229' title='bbox 1024 2048 1163 2103; x_wconf 81' lang='lat' dir='ltr'>loannem</span> <span class='ocrx_word' id='word_1_230' title='bbox 1185 2047 1371 2101; x_wconf 88' lang='lat' dir='ltr'>Portuensem</span> <span class='ocrx_word' id='word_1_231' title='bbox 1389 2044 1555 2117; x_wconf 88' lang='lat' dir='ltr'>episcopum</span> <span class='ocrx_word' id='word_1_232' title='bbox 1569 2050 1598 2101; x_wconf 89' lang='lat' dir='ltr'>et</span> <span class='ocrx_word' id='word_1_233' title='bbox 1617 2046 1758 2101; x_wconf 89' lang='lat' dir='ltr'>loannem</span> <span class='ocrx_word' id='word_1_234' title='bbox 1776 2044 1835 2100; x_wconf 89' lang='lat' dir='ltr'>dia·</span> 
     </span>
     <span class='ocr_line' id='line_1_34' title="bbox 160 2136 1836 2212; baseline -0.001 -18"><span class='ocrx_word' id='word_1_235' title='bbox 160 2139 303 2194; x_wconf 86' lang='lat' dir='ltr'>Benedicti</span> <span class='ocrx_word' id='word_1_236' title='bbox 329 2145 358 2194; x_wconf 91' lang='lat' dir='ltr'>et</span> <span class='ocrx_word' id='word_1_237' title='bbox 384 2140 498 2195; x_wconf 86' lang='lat' dir='ltr'>loannis</span> <span class='ocrx_word' id='word_1_238' title='bbox 525 2157 686 2212; x_wconf 88' lang='lat' dir='ltr'>paparum,</span> <span class='ocrx_word' id='word_1_239' title='bbox 715 2143 889 2199; x_wconf 89' lang='lat' dir='ltr'>Heracleona</span> <span class='ocrx_word' id='word_1_240' title='bbox 915 2144 974 2199; x_wconf 87' lang='lat' dir='ltr'>iilic</span> <span class='ocrx_word' id='word_1_241' title='bbox 1024 2157 1140 2208; x_wconf 91' lang='lat' dir='ltr'>conum,</span> <span class='ocrx_word' id='word_1_242' title='bbox 1154 2139 1280 2211; x_wconf 88' lang='lat' dir='ltr'>aliosque</span> <span class='ocrx_word' id='word_1_243' title='bbox 1299 2139 1408 2211; x_wconf 89' lang='lat' dir='ltr'>legatos</span> <span class='ocrx_word' id='word_1_244' title='bbox 1425 2142 1529 2194; x_wconf 80' lang='lat' dir='ltr'>sanctae</span> <span class='ocrx_word' id='word_1_245' title='bbox 1547 2141 1684 2196; x_wconf 81' lang='lat' dir='ltr'>Romanae</span> <span class='ocrx_word' id='word_1_246' title='bbox 1706 2136 1836 2194; x_wconf 77' lang='lat' dir='ltr'>Ecclesia</span> 
     </span>
    </p>
   </div>
   <div class='ocr_carea' id='block_1_8' title="bbox 161 1576 973 1651">
    <p class='ocr_par' dir='ltr' id='par_1_10' title="bbox 161 1576 973 1651">
     <span class='ocr_line' id='line_1_35' title="bbox 161 1576 973 1651; baseline 0.009 -20"><span class='ocrx_word' id='word_1_247' title='bbox 161 1582 253 1646; x_wconf 86' lang='lat' dir='ltr'>xerat,</span> <span class='ocrx_word' id='word_1_248' title='bbox 268 1576 299 1631; x_wconf 92' lang='lat' dir='ltr'>in</span> <span class='ocrx_word' id='word_1_249' title='bbox 320 1577 398 1632; x_wconf 90' lang='lat' dir='ltr'>ltalia</span> <span class='ocrx_word' id='word_1_250' title='bbox 415 1578 445 1633; x_wconf 89' lang='lat' dir='ltr'>in</span> <span class='ocrx_word' id='word_1_251' title='bbox 465 1578 581 1651; x_wconf 82' lang='lat' dir='ltr'>Alpibus</span> <span class='ocrx_word' id='word_1_252' title='bbox 600 1579 698 1636; x_wconf 91' lang='lat' dir='ltr'>Cottiis</span> <span class='ocrx_word' id='word_1_253' title='bbox 720 1581 857 1637; x_wconf 89' lang='lat' dir='ltr'>Bobienso</span> <span class='ocrx_word' id='word_1_254' title='bbox 877 1583 973 1638; x_wconf 90' lang='lat' dir='ltr'>condi-</span> 
     </span>
    </p>
   </div>
   <div class='ocr_carea' id='block_1_9' title="bbox 161 2231 1837 2309">
    <p class='ocr_par' dir='ltr' id='par_1_11' title="bbox 161 2231 1837 2309">
     <span class='ocr_line' id='line_1_36' title="bbox 161 2231 1837 2309; baseline -0.001 -22"><span class='ocrx_word' id='word_1_255' title='bbox 161 2232 282 2288; x_wconf 89' lang='lat' dir='ltr'>llcraclii</span> <span class='ocrx_word' id='word_1_256' title='bbox 299 2236 328 2288; x_wconf 88' lang='lat' dir='ltr'>et</span> <span class='ocrx_word' id='word_1_257' title='bbox 341 2232 432 2287; x_wconf 88' lang='lat' dir='ltr'>trihus</span> <span class='ocrx_word' id='word_1_258' title='bbox 443 2235 638 2289; x_wconf 76' lang='lat' dir='ltr'>Constantirus</span> <span class='ocrx_word' id='word_1_259' title='bbox 652 2235 868 2307; x_wconf 88' lang='lat' dir='ltr'>imperantibus,</span> <span class='ocrx_word' id='word_1_260' title='bbox 883 2237 973 2309; x_wconf 88' lang='lat' dir='ltr'>insig·</span> <span class='ocrx_word' id='word_1_261' title='bbox 1024 2233 1300 2305; x_wconf 87' lang='lat' dir='ltr'>Constantinopolim</span> <span class='ocrx_word' id='word_1_262' title='bbox 1319 2233 1406 2301; x_wconf 85' lang='lat' dir='ltr'>arisit,</span> <span class='ocrx_word' id='word_1_263' title='bbox 1420 2233 1515 2304; x_wconf 86' lang='lat' dir='ltr'>ibique</span> <span class='ocrx_word' id='word_1_264' title='bbox 1540 2249 1591 2304; x_wconf 92' lang='lat' dir='ltr'>per</span> <span class='ocrx_word' id='word_1_265' title='bbox 1612 2248 1661 2288; x_wconf 92' lang='lat' dir='ltr'>eos</span> <span class='ocrx_word' id='word_1_266' title='bbox 1683 2231 1837 2287; x_wconf 88' lang='lat' dir='ltr'>concilium</span> 
     </span>
    </p>
   </div>
   <div class='ocr_carea' id='block_1_10' title="bbox 47 2325 1835 2400">
    <p class='ocr_par' dir='ltr' id='par_1_12' title="bbox 47 2325 1835 2400">
     <span class='ocr_line' id='line_1_37' title="bbox 47 2325 1835 2400; baseline 0 -20"><span class='ocrx_word' id='word_1_267' title='bbox 47 2388 53 2399; x_wconf 30' lang='grc' dir='ltr'>ἱ</span> <span class='ocrx_word' id='word_1_268' title='bbox 160 2326 236 2381; x_wconf 91' lang='lat' dir='ltr'>niter</span> <span class='ocrx_word' id='word_1_269' title='bbox 260 2325 348 2393; x_wconf 83' lang='lat' dir='ltr'>fulsit,</span> <span class='ocrx_word' id='word_1_270' title='bbox 371 2325 419 2381; x_wconf 90' lang='lat' dir='ltr'>diu</span> <span class='ocrx_word' id='word_1_271' title='bbox 441 2330 470 2381; x_wconf 91' lang='lat' dir='ltr'>et</span> <span class='ocrx_word' id='word_1_272' title='bbox 491 2326 565 2382; x_wconf 89' lang='lat' dir='ltr'>bene</span> <span class='ocrx_word' id='word_1_273' title='bbox 585 2329 664 2396; x_wconf 80' lang='lat' dir='ltr'>vixit,</span> <span class='ocrx_word' id='word_1_274' title='bbox 683 2331 806 2385; x_wconf 90' lang='lat' dir='ltr'>multum</span> <span class='ocrx_word' id='word_1_275' title='bbox 823 2330 973 2399; x_wconf 90' lang='lat' dir='ltr'>laboravit,</span> <span class='ocrx_word' id='word_1_276' title='bbox 1024 2345 1055 2385; x_wconf 80' lang='lat' dir='ltr'>ca</span> <span class='ocrx_word' id='word_1_277' title='bbox 1072 2329 1269 2400; x_wconf 89' lang='lat' dir='ltr'>episcoporum</span> <span class='ocrx_word' id='word_1_278' title='bbox 1288 2331 1389 2383; x_wconf 89' lang='lat' dir='ltr'>eontra</span> <span class='ocrx_word' id='word_1_279' title='bbox 1409 2326 1563 2399; x_wconf 84' lang='lat' dir='ltr'>Georgium</span> <span class='ocrx_word' id='word_1_280' title='bbox 1582 2326 1774 2399; x_wconf 87' lang='lat' dir='ltr'>patriarcham</span> <span class='ocrx_word' id='word_1_281' title='bbox 1790 2342 1835 2381; x_wconf 90' lang='lat' dir='ltr'>re·</span> 
     </span>
    </p>
   </div>
   <div class='ocr_carea' id='block_1_11' title="bbox 159 2419 1836 2776">
    <p class='ocr_par' dir='ltr' id='par_1_13' title="bbox 159 2419 1836 2776">
     <span class='ocr_line' id='line_1_38' title="bbox 160 2419 1835 2494; baseline -0.001 -19"><span class='ocrx_word' id='word_1_282' title='bbox 160 2419 347 2490; x_wconf 79' lang='lat' dir='ltr'>Ecclesierqne</span> <span class='ocrx_word' id='word_1_283' title='bbox 369 2420 421 2474; x_wconf 89' lang='lat' dir='ltr'>Dei</span> <span class='ocrx_word' id='word_1_284' title='bbox 445 2420 620 2476; x_wconf 88' lang='lat' dir='ltr'>mirabiliter</span> <span class='ocrx_word' id='word_1_285' title='bbox 640 2423 759 2494; x_wconf 87' lang='lat' dir='ltr'>profuit.</span> <span class='ocrx_word' id='word_1_286' title='bbox 779 2425 825 2479; x_wconf 85' lang='lat' dir='ltr'>Vis</span> <span class='ocrx_word' id='word_1_287' title='bbox 846 2424 917 2479; x_wconf 88' lang='lat' dir='ltr'>mihi</span> <span class='ocrx_word' id='word_1_288' title='bbox 939 2425 973 2480; x_wconf 91' lang='lat' dir='ltr'>ad</span> <span class='ocrx_word' id='word_1_289' title='bbox 1025 2421 1079 2494; x_wconf 77' lang='lat' dir='ltr'>gire</span> <span class='ocrx_word' id='word_1_290' title='bbox 1091 2421 1171 2477; x_wconf 90' lang='lat' dir='ltr'>urbis</span> <span class='ocrx_word' id='word_1_291' title='bbox 1192 2425 1220 2476; x_wconf 90' lang='lat' dir='ltr'>et</span> <span class='ocrx_word' id='word_1_292' title='bbox 1233 2420 1406 2478; x_wconf 82' lang='lat' dir='ltr'>blacharinm</span> <span class='ocrx_word' id='word_1_293' title='bbox 1425 2420 1591 2490; x_wconf 77' lang='lat' dir='ltr'>Antiochiae,</span> <span class='ocrx_word' id='word_1_294' title='bbox 1604 2420 1730 2492; x_wconf 89' lang='lat' dir='ltr'>aliosque</span> <span class='ocrx_word' id='word_1_295' title='bbox 1744 2419 1835 2474; x_wconf 79' lang='lat' dir='ltr'>hare·</span> 
     </span>
     <span class='ocr_line' id='line_1_39' title="bbox 159 2513 1836 2586; baseline -0.002 -16"><span class='ocrx_word' id='word_1_296' title='bbox 159 2513 349 2570; x_wconf 89' lang='lat' dir='ltr'>enarrandum</span> <span class='ocrx_word' id='word_1_297' title='bbox 372 2513 467 2569; x_wconf 90' lang='lat' dir='ltr'>delicit</span> <span class='ocrx_word' id='word_1_298' title='bbox 487 2516 752 2585; x_wconf 87' lang='lat' dir='ltr'>quantancbilitate</span> <span class='ocrx_word' id='word_1_299' title='bbox 767 2520 795 2573; x_wconf 88' lang='lat' dir='ltr'>et</span> <span class='ocrx_word' id='word_1_300' title='bbox 812 2517 971 2586; x_wconf 87' lang='lat' dir='ltr'>sanctitate,</span> <span class='ocrx_word' id='word_1_301' title='bbox 1023 2516 1095 2572; x_wconf 91' lang='lat' dir='ltr'>ticos</span> <span class='ocrx_word' id='word_1_302' title='bbox 1117 2515 1220 2570; x_wconf 90' lang='lat' dir='ltr'>tenuit.</span> <span class='ocrx_word' id='word_1_303' title='bbox 1248 2513 1341 2570; x_wconf 83' lang='lat' dir='ltr'>Finito</span> <span class='ocrx_word' id='word_1_304' title='bbox 1365 2514 1509 2582; x_wconf 86' lang='lat' dir='ltr'>conflictu,</span> <span class='ocrx_word' id='word_1_305' title='bbox 1531 2515 1670 2586; x_wconf 89' lang='lat' dir='ltr'>Georgius</span> <span class='ocrx_word' id='word_1_306' title='bbox 1693 2516 1836 2569; x_wconf 91' lang='lat' dir='ltr'>correctus</span> 
     </span>
     <span class='ocr_line' id='line_1_40' title="bbox 159 2605 1835 2684; baseline -0.001 -22"><span class='ocrx_word' id='word_1_307' title='bbox 159 2608 295 2678; x_wconf 88' lang='lat' dir='ltr'>omnique</span> <span class='ocrx_word' id='word_1_308' title='bbox 319 2607 460 2679; x_wconf 86' lang='lat' dir='ltr'>probitate</span> <span class='ocrx_word' id='word_1_309' title='bbox 482 2608 596 2664; x_wconf 90' lang='lat' dir='ltr'>viriste</span> <span class='ocrx_word' id='word_1_310' title='bbox 617 2610 718 2679; x_wconf 87' lang='lat' dir='ltr'>viguit.</span> <span class='ocrx_word' id='word_1_311' title='bbox 741 2612 875 2667; x_wconf 83' lang='lat' dir='ltr'>Martinus</span> <span class='ocrx_word' id='word_1_312' title='bbox 898 2628 973 2684; x_wconf 89' lang='lat' dir='ltr'>papa</span> <span class='ocrx_word' id='word_1_313' title='bbox 1024 2613 1067 2664; x_wconf 93' lang='lat' dir='ltr'>est</span> <span class='ocrx_word' id='word_1_314' title='bbox 1089 2613 1117 2665; x_wconf 91' lang='lat' dir='ltr'>et</span> <span class='ocrx_word' id='word_1_315' title='bbox 1144 2607 1272 2680; x_wconf 81' lang='lat' dir='ltr'>pertinax</span> <span class='ocrx_word' id='word_1_316' title='bbox 1296 2609 1451 2664; x_wconf 83' lang='lat' dir='ltr'>blacharins</span> <span class='ocrx_word' id='word_1_317' title='bbox 1477 2625 1543 2664; x_wconf 93' lang='lat' dir='ltr'>cum</span> <span class='ocrx_word' id='word_1_318' title='bbox 1570 2608 1628 2663; x_wconf 88' lang='lat' dir='ltr'>suis</span> <span class='ocrx_word' id='word_1_319' title='bbox 1652 2605 1835 2681; x_wconf 89' lang='lat' dir='ltr'>complicibus</span> 
     </span>
     <span class='ocr_line' id='line_1_41' title="bbox 159 2701 1342 2776; baseline 0.002 -22"><span class='ocrx_word' id='word_1_320' title='bbox 159 2701 298 2774; x_wconf 85' lang='lat' dir='ltr'>synodum</span> <span class='ocrx_word' id='word_1_321' title='bbox 312 2717 345 2755; x_wconf 89' lang='lat' dir='ltr'>cv</span> <span class='ocrx_word' id='word_1_322' title='bbox 356 2702 510 2772; x_wconf 82' lang='lat' dir='ltr'>praesulum</span> <span class='ocrx_word' id='word_1_323' title='bbox 525 2703 624 2758; x_wconf 81' lang='lat' dir='ltr'>Romae</span> <span class='ocrx_word' id='word_1_324' title='bbox 639 2703 739 2775; x_wconf 88' lang='lat' dir='ltr'>tenuit,</span> <span class='ocrx_word' id='word_1_325' title='bbox 751 2708 779 2760; x_wconf 91' lang='lat' dir='ltr'>et</span> <span class='ocrx_word' id='word_1_326' title='bbox 787 2705 972 2776; x_wconf 90' lang='lat' dir='ltr'>postmodum</span> <span class='ocrx_word' id='word_1_327' title='bbox 1023 2703 1276 2759; x_wconf 87' lang='lat' dir='ltr'>anathematizatus</span> <span class='ocrx_word' id='word_1_328' title='bbox 1290 2706 1342 2757; x_wconf 90' lang='lat' dir='ltr'>est.</span> 
     </span>
    </p>
   </div>
   <div class='ocr_carea' id='block_1_12' title="bbox 159 2795 1834 2965">
    <p class='ocr_par' dir='ltr' id='par_1_14' title="bbox 159 2795 1834 2965">
     <span class='ocr_line' id='line_1_42' title="bbox 159 2795 1834 2875; baseline 0.005 -25"><span class='ocrx_word' id='word_1_329' title='bbox 159 2812 212 2867; x_wconf 93' lang='lat' dir='ltr'>pro</span> <span class='ocrx_word' id='word_1_330' title='bbox 228 2795 284 2850; x_wconf 89' lang='lat' dir='ltr'>lide</span> <span class='ocrx_word' id='word_1_331' title='bbox 302 2795 441 2851; x_wconf 89' lang='lat' dir='ltr'>catholica</span> <span class='ocrx_word' id='word_1_332' title='bbox 458 2811 510 2866; x_wconf 93' lang='lat' dir='ltr'>per</span> <span class='ocrx_word' id='word_1_333' title='bbox 522 2796 700 2853; x_wconf 84' lang='lat' dir='ltr'>&#39;theodorum</span> <span class='ocrx_word' id='word_1_334' title='bbox 717 2800 881 2869; x_wconf 82' lang='lat' dir='ltr'>exarchum,</span> <span class='ocrx_word' id='word_1_335' title='bbox 892 2800 973 2872; x_wconf 90' lang='lat' dir='ltr'>jussu</span> <span class='ocrx_word' id='word_1_336' title='bbox 1022 2809 1067 2861; x_wconf 77' lang='grc'>21.</span> <span class='ocrx_word' id='word_1_337' title='bbox 1119 2805 1411 2875; x_wconf 76' lang='lat' dir='ltr'>laelytasAnsbertus,</span> <span class='ocrx_word' id='word_1_338' title='bbox 1425 2806 1572 2875; x_wconf 82' lang='lat' dir='ltr'>probitatis</span> <span class='ocrx_word' id='word_1_339' title='bbox 1584 2804 1834 2875; x_wconf 86' lang='lat' dir='ltr'>culmiuecomptns,</span> 
     </span>
     <span class='ocr_line' id='line_1_43' title="bbox 159 2885 1734 2965; baseline 0.001 -21"><span class='ocrx_word' id='word_1_340' title='bbox 159 2889 337 2945; x_wconf 90' lang='lat' dir='ltr'>Constantini</span> <span class='ocrx_word' id='word_1_341' title='bbox 358 2889 468 2961; x_wconf 89' lang='lat' dir='ltr'>nepotis</span> <span class='ocrx_word' id='word_1_342' title='bbox 490 2891 621 2957; x_wconf 89' lang='lat' dir='ltr'>lleraclii,</span> <span class='ocrx_word' id='word_1_343' title='bbox 645 2895 742 2962; x_wconf 90' lang='lat' dir='ltr'>raptus</span> <span class='ocrx_word' id='word_1_344' title='bbox 765 2897 816 2960; x_wconf 86' lang='lat' dir='ltr'>est,</span> <span class='ocrx_word' id='word_1_345' title='bbox 842 2898 871 2948; x_wconf 91' lang='lat' dir='ltr'>et</span> <span class='ocrx_word' id='word_1_346' title='bbox 897 2894 973 2965; x_wconf 91' lang='lat' dir='ltr'>apud</span> <span class='ocrx_word' id='word_1_347' title='bbox 1119 2887 1265 2941; x_wconf 76' lang='lat' dir='ltr'>metutam</span> <span class='ocrx_word' id='word_1_348' title='bbox 1281 2888 1353 2941; x_wconf 65' lang='lat' dir='ltr'>rexit</span> <span class='ocrx_word' id='word_1_349' title='bbox 1367 2902 1449 2956; x_wconf 74' lang='lat' dir='ltr'>qvam</span> <span class='ocrx_word' id='word_1_350' title='bbox 1462 2891 1553 2941; x_wconf 64' lang='lat' dir='ltr'>saincte</span> <span class='ocrx_word' id='word_1_351' title='bbox 1567 2885 1734 2940; x_wconf 71' lang='lat' dir='ltr'>nobilitavit·</span> 
     </span>
    </p>
   </div>
   <div class='ocr_carea' id='block_1_13' title="bbox 158 2981 1834 3056">
    <p class='ocr_par' dir='ltr' id='par_1_15' title="bbox 158 2981 1834 3056">
     <span class='ocr_line' id='line_1_44' title="bbox 158 2981 1834 3056; baseline -0.002 -16"><span class='ocrx_word' id='word_1_352' title='bbox 158 2983 330 3040; x_wconf 90' lang='lat' dir='ltr'>Chersonam</span> <span class='ocrx_word' id='word_1_353' title='bbox 346 2983 499 3054; x_wconf 88' lang='lat' dir='ltr'>relegatus,</span> <span class='ocrx_word' id='word_1_354' title='bbox 515 2989 613 3040; x_wconf 91' lang='lat' dir='ltr'>saneto</span> <span class='ocrx_word' id='word_1_355' title='bbox 628 2984 685 3040; x_wconf 89' lang='lat' dir='ltr'>tine</span> <span class='ocrx_word' id='word_1_356' title='bbox 705 2985 823 3056; x_wconf 90' lang='lat' dir='ltr'>quievit.</span> <span class='ocrx_word' id='word_1_357' title='bbox 837 2986 971 3042; x_wconf 86' lang='lat' dir='ltr'>Theodo·</span> <span class='ocrx_word' id='word_1_358' title='bbox 1023 2983 1071 3040; x_wconf 89' lang='lat' dir='ltr'>llic</span> <span class='ocrx_word' id='word_1_359' title='bbox 1084 3001 1148 3039; x_wconf 89' lang='lat' dir='ltr'>xvur</span> <span class='ocrx_word' id='word_1_360' title='bbox 1162 2984 1255 3052; x_wconf 89' lang='lat' dir='ltr'>annis,</span> <span class='ocrx_word' id='word_1_361' title='bbox 1270 2988 1401 3055; x_wconf 90' lang='lat' dir='ltr'>tempore</span> <span class='ocrx_word' id='word_1_362' title='bbox 1418 2984 1531 3053; x_wconf 86' lang='lat' dir='ltr'>Leonis,</span> <span class='ocrx_word' id='word_1_363' title='bbox 1544 2981 1834 3051; x_wconf 83' lang='lat' dir='ltr'>Benedicti,toannis,</span> 
     </span>
    </p>
   </div>
   <div class='ocr_carea' id='block_1_14' title="bbox 156 3076 1835 3526">
    <p class='ocr_par' dir='ltr' id='par_1_16' title="bbox 156 3076 1835 3526">
     <span class='ocr_line' id='line_1_45' title="bbox 158 3076 1832 3181; baseline -0.001 -50"><span class='ocrx_word' id='word_1_364' title='bbox 158 3093 207 3131; x_wconf 89' lang='lat' dir='ltr'>rus</span> <span class='ocrx_word' id='word_1_365' title='bbox 230 3076 461 3149; x_wconf 87' lang='lat' dir='ltr'>archiepiscopus</span> <span class='ocrx_word' id='word_1_366' title='bbox 486 3081 516 3133; x_wconf 88' lang='lat' dir='ltr'>et</span> <span class='ocrx_word' id='word_1_367' title='bbox 539 3077 680 3133; x_wconf 82' lang='lat' dir='ltr'>Adrianus</span> <span class='ocrx_word' id='word_1_368' title='bbox 703 3078 802 3148; x_wconf 90' lang='lat' dir='ltr'>abbas,</span> <span class='ocrx_word' id='word_1_369' title='bbox 824 3080 867 3135; x_wconf 88' lang='lat' dir='ltr'>vir</span> <span class='ocrx_word' id='word_1_370' title='bbox 890 3078 1145 3181; x_wconf 74' lang='lat' dir='ltr'>mqueCCononis</span> <span class='ocrx_word' id='word_1_371' title='bbox 1169 3082 1198 3132; x_wconf 90' lang='lat' dir='ltr'>et</span> <span class='ocrx_word' id='word_1_372' title='bbox 1219 3078 1309 3150; x_wconf 88' lang='lat' dir='ltr'>Sergii</span> <span class='ocrx_word' id='word_1_373' title='bbox 1335 3094 1493 3149; x_wconf 89' lang='lat' dir='ltr'>paparum,</span> <span class='ocrx_word' id='word_1_374' title='bbox 1518 3077 1569 3132; x_wconf 91' lang='lat' dir='ltr'>sub</span> <span class='ocrx_word' id='word_1_375' title='bbox 1593 3076 1779 3133; x_wconf 89' lang='lat' dir='ltr'>Constantino</span> <span class='ocrx_word' id='word_1_376' title='bbox 1804 3078 1832 3130; x_wconf 91' lang='lat' dir='ltr'>et</span> 
     </span>
     <span class='ocr_line' id='line_1_46' title="bbox 158 3168 1834 3243; baseline 0 -19"><span class='ocrx_word' id='word_1_377' title='bbox 158 3170 349 3240; x_wconf 89' lang='lat' dir='ltr'>doctissimus,</span> <span class='ocrx_word' id='word_1_378' title='bbox 374 3187 391 3225; x_wconf 91' lang='lat' dir='ltr'>a</span> <span class='ocrx_word' id='word_1_379' title='bbox 414 3170 553 3226; x_wconf 75' lang='lat' dir='ltr'>vitaliano</span> <span class='ocrx_word' id='word_1_380' title='bbox 580 3187 655 3243; x_wconf 89' lang='lat' dir='ltr'>popa</span> <span class='ocrx_word' id='word_1_381' title='bbox 681 3172 760 3227; x_wconf 88' lang='lat' dir='ltr'>missi</span> <span class='ocrx_word' id='word_1_382' title='bbox 787 3173 972 3242; x_wconf 86' lang='lat' dir='ltr'>Britanniam,</span> <span class='ocrx_word' id='word_1_383' title='bbox 1022 3171 1180 3228; x_wconf 82' lang='lat' dir='ltr'>iustiniano</span> <span class='ocrx_word' id='word_1_384' title='bbox 1201 3171 1316 3242; x_wconf 86' lang='lat' dir='ltr'>juniore</span> <span class='ocrx_word' id='word_1_385' title='bbox 1336 3170 1447 3226; x_wconf 90' lang='lat' dir='ltr'>claruit.</span> <span class='ocrx_word' id='word_1_386' title='bbox 1468 3172 1544 3227; x_wconf 90' lang='lat' dir='ltr'>Tunc</span> <span class='ocrx_word' id='word_1_387' title='bbox 1566 3170 1596 3226; x_wconf 95' lang='lat' dir='ltr'>in</span> <span class='ocrx_word' id='word_1_388' title='bbox 1620 3168 1710 3225; x_wconf 91' lang='lat' dir='ltr'>Gallia</span> <span class='ocrx_word' id='word_1_389' title='bbox 1730 3169 1834 3225; x_wconf 85' lang='lat' dir='ltr'>hotha-</span> 
     </span>
     <span class='ocr_line' id='line_1_47' title="bbox 157 3263 1835 3338; baseline -0.001 -20"><span class='ocrx_word' id='word_1_390' title='bbox 157 3263 470 3335; x_wconf 86' lang='lat' dir='ltr'>plurimasAnglorum</span> <span class='ocrx_word' id='word_1_391' title='bbox 485 3264 973 3338; x_wconf 82' lang='lat' dir='ltr'>ecclesiasdoctrinaelrngetecan-</span> <span class='ocrx_word' id='word_1_392' title='bbox 1022 3266 1094 3333; x_wconf 90' lang='lat' dir='ltr'>rius,</span> <span class='ocrx_word' id='word_1_393' title='bbox 1120 3266 1311 3321; x_wconf 85' lang='lat' dir='ltr'>Theodericus</span> <span class='ocrx_word' id='word_1_394' title='bbox 1336 3267 1365 3320; x_wconf 91' lang='lat' dir='ltr'>et</span> <span class='ocrx_word' id='word_1_395' title='bbox 1390 3264 1546 3321; x_wconf 75' lang='lat' dir='ltr'>hildericus</span> <span class='ocrx_word' id='word_1_396' title='bbox 1573 3269 1785 3337; x_wconf 89' lang='lat' dir='ltr'>regnaverunt,</span> <span class='ocrx_word' id='word_1_397' title='bbox 1808 3269 1835 3318; x_wconf 83' lang='lat' dir='ltr'>et</span> 
     </span>
     <span class='ocr_line' id='line_1_48' title="bbox 157 3357 1835 3432; baseline -0.002 -18"><span class='ocrx_word' id='word_1_398' title='bbox 157 3357 272 3414; x_wconf 89' lang='lat' dir='ltr'>darunt.</span> <span class='ocrx_word' id='word_1_399' title='bbox 291 3360 333 3413; x_wconf 86' lang='lat' dir='ltr'>Ex</span> <span class='ocrx_word' id='word_1_400' title='bbox 354 3373 412 3430; x_wconf 88' lang='lat' dir='ltr'>qno</span> <span class='ocrx_word' id='word_1_401' title='bbox 433 3358 587 3430; x_wconf 89' lang='lat' dir='ltr'>Gregorius</span> <span class='ocrx_word' id='word_1_402' title='bbox 605 3376 682 3431; x_wconf 88' lang='lat' dir='ltr'>papa</span> <span class='ocrx_word' id='word_1_403' title='bbox 699 3359 908 3431; x_wconf 89' lang='lat' dir='ltr'>dispensatores</span> <span class='ocrx_word' id='word_1_404' title='bbox 928 3362 972 3417; x_wconf 89' lang='lat' dir='ltr'>di·</span> <span class='ocrx_word' id='word_1_405' title='bbox 1023 3361 1197 3432; x_wconf 89' lang='lat' dir='ltr'>majoratum</span> <span class='ocrx_word' id='word_1_406' title='bbox 1214 3360 1316 3414; x_wconf 91' lang='lat' dir='ltr'>domus</span> <span class='ocrx_word' id='word_1_407' title='bbox 1330 3359 1417 3431; x_wconf 80' lang='lat' dir='ltr'>regiae</span> <span class='ocrx_word' id='word_1_408' title='bbox 1438 3359 1634 3431; x_wconf 69' lang='lat' dir='ltr'>teudegerius,</span> <span class='ocrx_word' id='word_1_409' title='bbox 1650 3357 1790 3414; x_wconf 86' lang='lat' dir='ltr'>Ebroinus</span> <span class='ocrx_word' id='word_1_410' title='bbox 1808 3361 1835 3412; x_wconf 89' lang='lat' dir='ltr'>et</span> 
     </span>
     <span class='ocr_line' id='line_1_49' title="bbox 156 3452 1467 3526; baseline 0.002 -21"><span class='ocrx_word' id='word_1_411' title='bbox 156 3452 215 3506; x_wconf 87' lang='lat' dir='ltr'>vini</span> <span class='ocrx_word' id='word_1_412' title='bbox 227 3452 344 3507; x_wconf 88' lang='lat' dir='ltr'>seminis</span> <span class='ocrx_word' id='word_1_413' title='bbox 358 3452 437 3508; x_wconf 90' lang='lat' dir='ltr'>misit</span> <span class='ocrx_word' id='word_1_414' title='bbox 450 3453 481 3508; x_wconf 91' lang='lat' dir='ltr'>in</span> <span class='ocrx_word' id='word_1_415' title='bbox 494 3453 626 3524; x_wconf 90' lang='lat' dir='ltr'>Angliam</span> <span class='ocrx_word' id='word_1_416' title='bbox 639 3470 646 3521; x_wconf 92' lang='lat'><strong>;</strong></span> <span class='ocrx_word' id='word_1_417' title='bbox 666 3454 840 3526; x_wconf 81' lang='lat' dir='ltr'>Augustinus</span> <span class='ocrx_word' id='word_1_418' title='bbox 854 3459 883 3510; x_wconf 92' lang='lat' dir='ltr'>et</span> <span class='ocrx_word' id='word_1_419' title='bbox 901 3456 972 3510; x_wconf 80' lang='lat' dir='ltr'>lau·</span> <span class='ocrx_word' id='word_1_420' title='bbox 1022 3453 1157 3526; x_wconf 89' lang='lat' dir='ltr'>Pippinus</span> <span class='ocrx_word' id='word_1_421' title='bbox 1170 3454 1282 3526; x_wconf 89' lang='lat' dir='ltr'>primus</span> <span class='ocrx_word' id='word_1_422' title='bbox 1295 3452 1467 3509; x_wconf 88' lang='lat' dir='ltr'>habuerunt.</span> 
     </span>
    </p>
   </div>
   <div class='ocr_carea' id='block_1_15' title="bbox 156 3545 1763 3627">
    <p class='ocr_par' dir='ltr' id='par_1_17' title="bbox 156 3545 1763 3627">
     <span class='ocr_line' id='line_1_50' title="bbox 156 3545 1763 3627; baseline 0.007 -27"><span class='ocrx_word' id='word_1_423' title='bbox 156 3546 277 3615; x_wconf 87' lang='lat' dir='ltr'>centias,</span> <span class='ocrx_word' id='word_1_424' title='bbox 295 3545 415 3603; x_wconf 83' lang='lat' dir='ltr'>llellitua</span> <span class='ocrx_word' id='word_1_425' title='bbox 435 3546 644 3602; x_wconf 79' lang='lat' dir='ltr'>lundoniensis</span> <span class='ocrx_word' id='word_1_426' title='bbox 664 3553 692 3602; x_wconf 91' lang='lat' dir='ltr'>et</span> <span class='ocrx_word' id='word_1_427' title='bbox 713 3549 809 3604; x_wconf 82' lang='lat' dir='ltr'>tostas</span> <span class='ocrx_word' id='word_1_428' title='bbox 832 3549 971 3615; x_wconf 78' lang='lat' dir='ltr'>hoiensis,</span> <span class='ocrx_word' id='word_1_429' title='bbox 1022 3561 1066 3612; x_wconf 54' lang='grc' dir='ltr'>ᾗ.</span> <span class='ocrx_word' id='word_1_430' title='bbox 1128 3559 1246 3625; x_wconf 63' lang='lat' dir='ltr'>lucifluis</span> <span class='ocrx_word' id='word_1_431' title='bbox 1259 3558 1360 3627; x_wconf 77' lang='lat' dir='ltr'>Grtppe</span> <span class='ocrx_word' id='word_1_432' title='bbox 1373 3557 1496 3612; x_wconf 81' lang='lat' dir='ltr'>suecessit</span> <span class='ocrx_word' id='word_1_433' title='bbox 1507 3557 1538 3611; x_wconf 82' lang='lat' dir='ltr'>iu</span> <span class='ocrx_word' id='word_1_434' title='bbox 1552 3556 1647 3611; x_wconf 85' lang='lat' dir='ltr'>ordine</span> <span class='ocrx_word' id='word_1_435' title='bbox 1658 3561 1763 3619; x_wconf 83' lang='lat' dir='ltr'>saneto,</span> 
     </span>
    </p>
   </div>
   <div class='ocr_carea' id='block_1_16' title="bbox 127 3637 1835 5873">
    <p class='ocr_par' dir='ltr' id='par_1_18' title="bbox 127 3637 1835 5873">
     <span class='ocr_line' id='line_1_51' title="bbox 157 3637 1800 3707; baseline -0.002 -12"><span class='ocrx_word' id='word_1_436' title='bbox 157 3639 299 3695; x_wconf 79' lang='lat' dir='ltr'>vvonortns</span> <span class='ocrx_word' id='word_1_437' title='bbox 326 3644 356 3695; x_wconf 88' lang='lat' dir='ltr'>ct</span> <span class='ocrx_word' id='word_1_438' title='bbox 381 3640 534 3696; x_wconf 79' lang='lat' dir='ltr'>benededit</span> <span class='ocrx_word' id='word_1_439' title='bbox 562 3641 794 3698; x_wconf 83' lang='lat' dir='ltr'>cantuariensem</span> <span class='ocrx_word' id='word_1_440' title='bbox 824 3642 971 3699; x_wconf 88' lang='lat' dir='ltr'>ecclesiam</span> <span class='ocrx_word' id='word_1_441' title='bbox 1127 3638 1241 3694; x_wconf 83' lang='lat' dir='ltr'>Actibus</span> <span class='ocrx_word' id='word_1_442' title='bbox 1253 3639 1384 3707; x_wconf 77' lang='lat' dir='ltr'>earepius,</span> <span class='ocrx_word' id='word_1_443' title='bbox 1400 3638 1503 3693; x_wconf 65' lang='lat' dir='ltr'>mentis</span> <span class='ocrx_word' id='word_1_444' title='bbox 1514 3641 1609 3707; x_wconf 84' lang='lat' dir='ltr'>postor</span> <span class='ocrx_word' id='word_1_445' title='bbox 1621 3637 1800 3693; x_wconf 65' lang='lat' dir='ltr'>acoemetus.</span> 
     </span>
     <span class='ocr_line' id='line_1_52' title="bbox 156 3729 1832 3807; baseline -0.002 -18"><span class='ocrx_word' id='word_1_446' title='bbox 156 3737 304 3804; x_wconf 86' lang='lat' dir='ltr'>rexerunt,</span> <span class='ocrx_word' id='word_1_447' title='bbox 314 3735 457 3792; x_wconf 81' lang='lat' dir='ltr'>etCuntia.</span> <span class='ocrx_word' id='word_1_448' title='bbox 467 3751 549 3805; x_wconf 84' lang='lat' dir='ltr'>reges</span> <span class='ocrx_word' id='word_1_449' title='bbox 559 3735 734 3792; x_wconf 88' lang='lat' dir='ltr'>Edilhertum</span> <span class='ocrx_word' id='word_1_450' title='bbox 744 3742 774 3792; x_wconf 93' lang='lat' dir='ltr'>et</span> <span class='ocrx_word' id='word_1_451' title='bbox 786 3737 971 3807; x_wconf 81' lang='lat' dir='ltr'>tiedbaldum,</span> <span class='ocrx_word' id='word_1_452' title='bbox 1022 3732 1071 3787; x_wconf 88' lang='lat' dir='ltr'>llic</span> <span class='ocrx_word' id='word_1_453' title='bbox 1092 3747 1174 3786; x_wconf 82' lang='lat' dir='ltr'>xxxiv</span> <span class='ocrx_word' id='word_1_454' title='bbox 1196 3730 1289 3800; x_wconf 90' lang='lat' dir='ltr'>annis,</span> <span class='ocrx_word' id='word_1_455' title='bbox 1314 3736 1444 3803; x_wconf 90' lang='lat' dir='ltr'>tempore</span> <span class='ocrx_word' id='word_1_456' title='bbox 1466 3730 1592 3799; x_wconf 85' lang='lat' dir='ltr'>loannis,</span> <span class='ocrx_word' id='word_1_457' title='bbox 1613 3729 1742 3798; x_wconf 88' lang='lat' dir='ltr'>Sisinnii,</span> <span class='ocrx_word' id='word_1_458' title='bbox 1761 3730 1832 3787; x_wconf 91' lang='lat' dir='ltr'>Con-</span> 
     </span>
     <span class='ocr_line' id='line_1_53' title="bbox 156 3822 1832 3901; baseline -0.002 -18"><span class='ocrx_word' id='word_1_459' title='bbox 156 3829 373 3884; x_wconf 81' lang='lat' dir='ltr'>lircombertum</span> <span class='ocrx_word' id='word_1_460' title='bbox 392 3834 420 3882; x_wconf 91' lang='lat' dir='ltr'>et</span> <span class='ocrx_word' id='word_1_461' title='bbox 440 3828 598 3899; x_wconf 85' lang='lat' dir='ltr'>Egbartam</span> <span class='ocrx_word' id='word_1_462' title='bbox 610 3845 676 3885; x_wconf 89' lang='lat' dir='ltr'>cum</span> <span class='ocrx_word' id='word_1_463' title='bbox 689 3829 815 3900; x_wconf 87' lang='lat' dir='ltr'>subjecta</span> <span class='ocrx_word' id='word_1_464' title='bbox 827 3833 916 3901; x_wconf 85' lang='lat' dir='ltr'>gente</span> <span class='ocrx_word' id='word_1_465' title='bbox 935 3831 971 3886; x_wconf 91' lang='lat' dir='ltr'>ad</span> <span class='ocrx_word' id='word_1_466' title='bbox 1021 3826 1139 3882; x_wconf 83' lang='lat' dir='ltr'>alentini</span> <span class='ocrx_word' id='word_1_467' title='bbox 1162 3831 1189 3882; x_wconf 89' lang='lat' dir='ltr'>et</span> <span class='ocrx_word' id='word_1_468' title='bbox 1212 3825 1344 3897; x_wconf 90' lang='lat' dir='ltr'>Gregorii</span> <span class='ocrx_word' id='word_1_469' title='bbox 1367 3840 1521 3897; x_wconf 88' lang='lat' dir='ltr'>paparum,</span> <span class='ocrx_word' id='word_1_470' title='bbox 1545 3823 1651 3881; x_wconf 88' lang='lat' dir='ltr'>tloruit.</span> <span class='ocrx_word' id='word_1_471' title='bbox 1672 3825 1752 3880; x_wconf 87' lang='lat' dir='ltr'>Tunc</span> <span class='ocrx_word' id='word_1_472' title='bbox 1771 3822 1832 3891; x_wconf 76' lang='lat' dir='ltr'>leo,</span> 
     </span>
     <span class='ocr_line' id='line_1_54' title="bbox 156 3917 1833 3994; baseline -0.002 -18"><span class='ocrx_word' id='word_1_473' title='bbox 156 3922 245 3976; x_wconf 81' lang='lat' dir='ltr'>sidem</span> <span class='ocrx_word' id='word_1_474' title='bbox 266 3921 369 3977; x_wconf 88' lang='lat' dir='ltr'>Christi</span> <span class='ocrx_word' id='word_1_475' title='bbox 388 3924 600 3993; x_wconf 85' lang='lat' dir='ltr'>pertraxerunt.</span> <span class='ocrx_word' id='word_1_476' title='bbox 614 3922 757 3993; x_wconf 88' lang='lat' dir='ltr'>Septimus</span> <span class='ocrx_word' id='word_1_477' title='bbox 777 3924 811 3978; x_wconf 90' lang='lat' dir='ltr'>ad</span> <span class='ocrx_word' id='word_1_478' title='bbox 834 3924 966 3994; x_wconf 81' lang='lat' dir='ltr'>praurla·</span> <span class='ocrx_word' id='word_1_479' title='bbox 1021 3919 1170 3991; x_wconf 90' lang='lat' dir='ltr'>Tiberius,</span> <span class='ocrx_word' id='word_1_480' title='bbox 1198 3919 1400 3989; x_wconf 86' lang='lat' dir='ltr'>lastinianus,</span> <span class='ocrx_word' id='word_1_481' title='bbox 1426 3917 1622 3990; x_wconf 86' lang='lat' dir='ltr'>Philippicas,</span> <span class='ocrx_word' id='word_1_482' title='bbox 1647 3917 1833 3985; x_wconf 86' lang='lat' dir='ltr'>Anastasius,</span> 
     </span>
     <span class='ocr_line' id='line_1_55' title="bbox 155 4012 1833 4086; baseline -0.001 -18"><span class='ocrx_word' id='word_1_483' title='bbox 155 4019 218 4069; x_wconf 84' lang='lat' dir='ltr'>tvrru</span> <span class='ocrx_word' id='word_1_484' title='bbox 240 4014 378 4084; x_wconf 81' lang='lat' dir='ltr'>vigardus</span> <span class='ocrx_word' id='word_1_485' title='bbox 397 4014 433 4069; x_wconf 89' lang='lat' dir='ltr'>ab</span> <span class='ocrx_word' id='word_1_486' title='bbox 456 4014 538 4069; x_wconf 90' lang='lat' dir='ltr'>0svio</span> <span class='ocrx_word' id='word_1_487' title='bbox 553 4020 581 4070; x_wconf 89' lang='lat' dir='ltr'>et</span> <span class='ocrx_word' id='word_1_488' title='bbox 599 4015 723 4086; x_wconf 85' lang='lat' dir='ltr'>Egberto</span> <span class='ocrx_word' id='word_1_489' title='bbox 738 4016 853 4086; x_wconf 89' lang='lat' dir='ltr'>regibus</span> <span class='ocrx_word' id='word_1_490' title='bbox 867 4017 971 4072; x_wconf 88' lang='lat' dir='ltr'>electus</span> <span class='ocrx_word' id='word_1_491' title='bbox 1020 4013 1193 4070; x_wconf 88' lang='lat' dir='ltr'>Theodosius</span> <span class='ocrx_word' id='word_1_492' title='bbox 1208 4014 1305 4070; x_wconf 82' lang='lat' dir='ltr'>etheo</span> <span class='ocrx_word' id='word_1_493' title='bbox 1324 4014 1487 4086; x_wconf 78' lang='lat' dir='ltr'>reipublicae</span> <span class='ocrx_word' id='word_1_494' title='bbox 1506 4012 1753 4085; x_wconf 65' lang='lat' dir='ltr'>praecantatio</span> <span class='ocrx_word' id='word_1_495' title='bbox 1770 4012 1833 4069; x_wconf 88' lang='lat' dir='ltr'>Gal·</span> 
     </span>
     <span class='ocr_line' id='line_1_56' title="bbox 157 4106 1835 4179; baseline 0 -18"><span class='ocrx_word' id='word_1_496' title='bbox 157 4110 210 4175; x_wconf 87' lang='lat' dir='ltr'>est,</span> <span class='ocrx_word' id='word_1_497' title='bbox 225 4114 253 4162; x_wconf 90' lang='lat' dir='ltr'>et</span> <span class='ocrx_word' id='word_1_498' title='bbox 267 4109 387 4163; x_wconf 86' lang='lat' dir='ltr'>Romam</span> <span class='ocrx_word' id='word_1_499' title='bbox 401 4106 438 4162; x_wconf 91' lang='lat' dir='ltr'>ad</span> <span class='ocrx_word' id='word_1_500' title='bbox 452 4107 646 4163; x_wconf 88' lang='lat' dir='ltr'>ordinandum</span> <span class='ocrx_word' id='word_1_501' title='bbox 660 4109 763 4163; x_wconf 86' lang='lat' dir='ltr'>missus</span> <span class='ocrx_word' id='word_1_502' title='bbox 779 4115 831 4165; x_wconf 90' lang='lat' dir='ltr'>est.</span> <span class='ocrx_word' id='word_1_503' title='bbox 848 4110 888 4165; x_wconf 92' lang='lat' dir='ltr'>lbi</span> <span class='ocrx_word' id='word_1_504' title='bbox 901 4110 970 4167; x_wconf 91' lang='lat' dir='ltr'>dum</span> <span class='ocrx_word' id='word_1_505' title='bbox 1020 4108 1059 4163; x_wconf 91' lang='lat' dir='ltr'>lia</span> <span class='ocrx_word' id='word_1_506' title='bbox 1078 4108 1249 4176; x_wconf 88' lang='lat' dir='ltr'>Clodovaus,</span> <span class='ocrx_word' id='word_1_507' title='bbox 1268 4107 1468 4165; x_wconf 89' lang='lat' dir='ltr'>Childebertus</span> <span class='ocrx_word' id='word_1_508' title='bbox 1488 4112 1517 4163; x_wconf 90' lang='lat' dir='ltr'>et</span> <span class='ocrx_word' id='word_1_509' title='bbox 1537 4106 1718 4179; x_wconf 84' lang='lat' dir='ltr'>ltagobertus</span> <span class='ocrx_word' id='word_1_510' title='bbox 1737 4106 1835 4179; x_wconf 85' lang='lat' dir='ltr'>junior</span> 
     </span>
     <span class='ocr_line' id='line_1_57' title="bbox 155 4199 1833 4275; baseline -0.001 -18"><span class='ocrx_word' id='word_1_511' title='bbox 155 4201 374 4257; x_wconf 89' lang='lat' dir='ltr'>consecrationis</span> <span class='ocrx_word' id='word_1_512' title='bbox 383 4204 520 4256; x_wconf 87' lang='lat' dir='ltr'>statutum</span> <span class='ocrx_word' id='word_1_513' title='bbox 531 4201 608 4257; x_wconf 89' lang='lat' dir='ltr'>diem</span> <span class='ocrx_word' id='word_1_514' title='bbox 619 4203 840 4273; x_wconf 76' lang='lat' dir='ltr'>prestolaretur,</span> <span class='ocrx_word' id='word_1_515' title='bbox 856 4203 971 4260; x_wconf 86' lang='lat' dir='ltr'>delunc-</span> <span class='ocrx_word' id='word_1_516' title='bbox 1020 4204 1189 4275; x_wconf 89' lang='lat' dir='ltr'>regnabant.</span> <span class='ocrx_word' id='word_1_517' title='bbox 1205 4202 1466 4259; x_wconf 82' lang='lat' dir='ltr'>Reverendissimus</span> <span class='ocrx_word' id='word_1_518' title='bbox 1482 4200 1606 4257; x_wconf 78' lang='lat' dir='ltr'>ecelesia</span> <span class='ocrx_word' id='word_1_519' title='bbox 1620 4199 1833 4257; x_wconf 85' lang='lat' dir='ltr'>Lindisfarnen-</span> 
     </span>
     <span class='ocr_line' id='line_1_58' title="bbox 156 4294 1834 4368; baseline -0.001 -17"><span class='ocrx_word' id='word_1_520' title='bbox 156 4297 202 4351; x_wconf 88' lang='lat' dir='ltr'>tus</span> <span class='ocrx_word' id='word_1_521' title='bbox 224 4299 285 4364; x_wconf 81' lang='lat' dir='ltr'>est3</span> <span class='ocrx_word' id='word_1_522' title='bbox 309 4310 361 4366; x_wconf 90' lang='lat' dir='ltr'>pro</span> <span class='ocrx_word' id='word_1_523' title='bbox 383 4310 439 4365; x_wconf 90' lang='lat' dir='ltr'>quo</span> <span class='ocrx_word' id='word_1_524' title='bbox 454 4294 615 4351; x_wconf 89' lang='lat' dir='ltr'>Theodorus</span> <span class='ocrx_word' id='word_1_525' title='bbox 633 4296 755 4365; x_wconf 80' lang='lat' dir='ltr'>Graecas,</span> <span class='ocrx_word' id='word_1_526' title='bbox 769 4299 920 4354; x_wconf 90' lang='lat' dir='ltr'>sanctitate</span> <span class='ocrx_word' id='word_1_527' title='bbox 942 4303 971 4354; x_wconf 92' lang='lat' dir='ltr'>et</span> <span class='ocrx_word' id='word_1_528' title='bbox 1020 4297 1104 4353; x_wconf 86' lang='lat' dir='ltr'>sisio</span> <span class='ocrx_word' id='word_1_529' title='bbox 1126 4297 1269 4353; x_wconf 86' lang='lat' dir='ltr'>Britannia</span> <span class='ocrx_word' id='word_1_530' title='bbox 1289 4313 1323 4352; x_wconf 84' lang='lat' dir='ltr'>ex</span> <span class='ocrx_word' id='word_1_531' title='bbox 1342 4296 1517 4352; x_wconf 87' lang='lat' dir='ltr'>anachoreta</span> <span class='ocrx_word' id='word_1_532' title='bbox 1538 4295 1639 4368; x_wconf 72' lang='lat' dir='ltr'>presul</span> <span class='ocrx_word' id='word_1_533' title='bbox 1663 4295 1834 4351; x_wconf 89' lang='lat' dir='ltr'>Cuthbertus</span> 
     </span>
     <span class='ocr_line' id='line_1_59' title="bbox 154 4388 1833 4462; baseline -0.001 -17"><span class='ocrx_word' id='word_1_534' title='bbox 154 4388 295 4460; x_wconf 89' lang='lat' dir='ltr'>sapientia</span> <span class='ocrx_word' id='word_1_535' title='bbox 316 4388 576 4460; x_wconf 75' lang='lat' dir='ltr'>prestantissimae,</span> <span class='ocrx_word' id='word_1_536' title='bbox 593 4389 742 4446; x_wconf 90' lang='lat' dir='ltr'>ordinatus</span> <span class='ocrx_word' id='word_1_537' title='bbox 760 4393 860 4447; x_wconf 81' lang='lat' dir='ltr'>astla</span> <span class='ocrx_word' id='word_1_538' title='bbox 878 4393 968 4448; x_wconf 81' lang='lat' dir='ltr'>Nene-</span> <span class='ocrx_word' id='word_1_539' title='bbox 1020 4396 1109 4447; x_wconf 86' lang='lat' dir='ltr'>totam</span> <span class='ocrx_word' id='word_1_540' title='bbox 1122 4391 1159 4447; x_wconf 90' lang='lat' dir='ltr'>ab</span> <span class='ocrx_word' id='word_1_541' title='bbox 1174 4390 1293 4447; x_wconf 80' lang='lat' dir='ltr'>infantia</span> <span class='ocrx_word' id='word_1_542' title='bbox 1312 4390 1456 4462; x_wconf 89' lang='lat' dir='ltr'>usquead</span> <span class='ocrx_word' id='word_1_543' title='bbox 1475 4389 1586 4445; x_wconf 69' lang='lat' dir='ltr'>mnium</span> <span class='ocrx_word' id='word_1_544' title='bbox 1606 4388 1693 4445; x_wconf 86' lang='lat' dir='ltr'>vitem</span> <span class='ocrx_word' id='word_1_545' title='bbox 1709 4389 1833 4445; x_wconf 88' lang='lat' dir='ltr'>miracu·</span> 
     </span>
     <span class='ocr_line' id='line_1_60' title="bbox 153 4479 1832 4557; baseline 0.001 -19"><span class='ocrx_word' id='word_1_546' title='bbox 153 4482 209 4539; x_wconf 85' lang='lat' dir='ltr'>trie</span> <span class='ocrx_word' id='word_1_547' title='bbox 223 4482 403 4551; x_wconf 85' lang='lat' dir='ltr'>Philibertus,</span> <span class='ocrx_word' id='word_1_548' title='bbox 420 4482 568 4539; x_wconf 89' lang='lat' dir='ltr'>nobilitate</span> <span class='ocrx_word' id='word_1_549' title='bbox 582 4489 611 4539; x_wconf 91' lang='lat' dir='ltr'>et</span> <span class='ocrx_word' id='word_1_550' title='bbox 630 4484 778 4541; x_wconf 89' lang='lat' dir='ltr'>sanctitate</span> <span class='ocrx_word' id='word_1_551' title='bbox 800 4489 829 4540; x_wconf 92' lang='lat' dir='ltr'>et</span> <span class='ocrx_word' id='word_1_552' title='bbox 842 4479 1114 4552; x_wconf 85' lang='lat' dir='ltr'>miracu-Dloram</span> <span class='ocrx_word' id='word_1_553' title='bbox 1136 4484 1226 4557; x_wconf 89' lang='lat' dir='ltr'>signis</span> <span class='ocrx_word' id='word_1_554' title='bbox 1248 4485 1382 4557; x_wconf 83' lang='lat' dir='ltr'>inclytam</span> <span class='ocrx_word' id='word_1_555' title='bbox 1401 4482 1499 4551; x_wconf 87' lang='lat' dir='ltr'>duxit;</span> <span class='ocrx_word' id='word_1_556' title='bbox 1524 4483 1604 4555; x_wconf 70' lang='lat' dir='ltr'>etuas</span> <span class='ocrx_word' id='word_1_557' title='bbox 1626 4499 1742 4554; x_wconf 88' lang='lat' dir='ltr'>corpas,</span> <span class='ocrx_word' id='word_1_558' title='bbox 1761 4487 1832 4539; x_wconf 85' lang='lat' dir='ltr'>tem·</span> 
     </span>
     <span class='ocr_line' id='line_1_61' title="bbox 153 4576 1833 4652; baseline -0.001 -20"><span class='ocrx_word' id='word_1_559' title='bbox 153 4576 373 4648; x_wconf 83' lang='lat' dir='ltr'>lorumtnlgore</span> <span class='ocrx_word' id='word_1_560' title='bbox 390 4576 540 4647; x_wconf 88' lang='lat' dir='ltr'>gloriosus,</span> <span class='ocrx_word' id='word_1_561' title='bbox 553 4577 694 4650; x_wconf 89' lang='lat' dir='ltr'>permissu</span> <span class='ocrx_word' id='word_1_562' title='bbox 707 4578 829 4634; x_wconf 89' lang='lat' dir='ltr'>Lodovei</span> <span class='ocrx_word' id='word_1_563' title='bbox 850 4580 927 4652; x_wconf 91' lang='lat' dir='ltr'>regis</span> <span class='ocrx_word' id='word_1_564' title='bbox 942 4586 971 4637; x_wconf 88' lang='lat' dir='ltr'>et</span> <span class='ocrx_word' id='word_1_565' title='bbox 1020 4596 1089 4651; x_wconf 90' lang='lat' dir='ltr'>pore</span> <span class='ocrx_word' id='word_1_566' title='bbox 1111 4579 1224 4635; x_wconf 85' lang='lat' dir='ltr'>ilenrici</span> <span class='ocrx_word' id='word_1_567' title='bbox 1247 4577 1323 4650; x_wconf 87' lang='lat' dir='ltr'>regis</span> <span class='ocrx_word' id='word_1_568' title='bbox 1343 4579 1514 4650; x_wconf 89' lang='lat' dir='ltr'>Anglorum,</span> <span class='ocrx_word' id='word_1_569' title='bbox 1536 4576 1671 4634; x_wconf 85' lang='lat' dir='ltr'>Radnltas</span> <span class='ocrx_word' id='word_1_570' title='bbox 1693 4576 1833 4634; x_wconf 81' lang='lat' dir='ltr'>ltotleasis</span> 
     </span>
     <span class='ocr_line' id='line_1_62' title="bbox 154 4670 1832 4746; baseline 0.001 -21"><span class='ocrx_word' id='word_1_571' title='bbox 154 4670 283 4726; x_wconf 79' lang='lat' dir='ltr'>baltildis</span> <span class='ocrx_word' id='word_1_572' title='bbox 292 4671 411 4742; x_wconf 76' lang='lat' dir='ltr'>reginae,</span> <span class='ocrx_word' id='word_1_573' title='bbox 422 4670 584 4727; x_wconf 88' lang='lat' dir='ltr'>coenobium</span> <span class='ocrx_word' id='word_1_574' title='bbox 597 4687 664 4729; x_wconf 88' lang='lat' dir='ltr'>nccc</span> <span class='ocrx_word' id='word_1_575' title='bbox 675 4673 883 4729; x_wconf 90' lang='lat' dir='ltr'>monachorum</span> <span class='ocrx_word' id='word_1_576' title='bbox 893 4674 969 4746; x_wconf 89' lang='lat' dir='ltr'>apud</span> <span class='ocrx_word' id='word_1_577' title='bbox 1019 4673 1167 4745; x_wconf 87' lang='lat' dir='ltr'>episcopus</span> <span class='ocrx_word' id='word_1_578' title='bbox 1193 4673 1393 4744; x_wconf 90' lang='lat' dir='ltr'>incorruptam</span> <span class='ocrx_word' id='word_1_579' title='bbox 1421 4671 1549 4738; x_wconf 90' lang='lat' dir='ltr'>invenit,</span> <span class='ocrx_word' id='word_1_580' title='bbox 1577 4676 1606 4727; x_wconf 90' lang='lat' dir='ltr'>et</span> <span class='ocrx_word' id='word_1_581' title='bbox 1631 4673 1724 4726; x_wconf 89' lang='lat' dir='ltr'>vestes</span> <span class='ocrx_word' id='word_1_582' title='bbox 1749 4670 1832 4743; x_wconf 83' lang='lat' dir='ltr'>ejas,</span> 
     </span>
     <span class='ocr_line' id='line_1_63' title="bbox 154 4763 1832 4839; baseline -0.001 -19"><span class='ocrx_word' id='word_1_583' title='bbox 154 4763 364 4821; x_wconf 87' lang='lat' dir='ltr'>Cemmetieum</span> <span class='ocrx_word' id='word_1_584' title='bbox 388 4764 565 4832; x_wconf 82' lang='lat' dir='ltr'>construxit;</span> <span class='ocrx_word' id='word_1_585' title='bbox 588 4765 632 4821; x_wconf 91' lang='lat' dir='ltr'>cui</span> <span class='ocrx_word' id='word_1_586' title='bbox 658 4770 722 4837; x_wconf 92' lang='lat' dir='ltr'>post</span> <span class='ocrx_word' id='word_1_587' title='bbox 742 4766 853 4839; x_wconf 86' lang='lat' dir='ltr'>aliquot</span> <span class='ocrx_word' id='word_1_588' title='bbox 879 4783 969 4824; x_wconf 87' lang='lat' dir='ltr'>annos</span> <span class='ocrx_word' id='word_1_589' title='bbox 1019 4770 1129 4824; x_wconf 89' lang='lat' dir='ltr'>astante</span> <span class='ocrx_word' id='word_1_590' title='bbox 1144 4773 1172 4824; x_wconf 93' lang='lat' dir='ltr'>et</span> <span class='ocrx_word' id='word_1_591' title='bbox 1182 4772 1347 4823; x_wconf 88' lang='lat' dir='ltr'>reverenter</span> <span class='ocrx_word' id='word_1_592' title='bbox 1356 4765 1487 4822; x_wconf 86' lang='lat' dir='ltr'>intuente</span> <span class='ocrx_word' id='word_1_593' title='bbox 1500 4764 1665 4822; x_wconf 87' lang='lat' dir='ltr'>Alexandro</span> <span class='ocrx_word' id='word_1_594' title='bbox 1680 4764 1832 4822; x_wconf 87' lang='lat' dir='ltr'>Scotorum</span> 
     </span>
     <span class='ocr_line' id='line_1_64' title="bbox 153 4857 1659 4934; baseline 0.002 -22"><span class='ocrx_word' id='word_1_595' title='bbox 153 4860 282 4912; x_wconf 86' lang='lat' dir='ltr'>sanctum</span> <span class='ocrx_word' id='word_1_596' title='bbox 305 4857 488 4923; x_wconf 88' lang='lat' dir='ltr'>Aichadrum,</span> <span class='ocrx_word' id='word_1_597' title='bbox 511 4873 598 4929; x_wconf 89' lang='lat' dir='ltr'>quem</span> <span class='ocrx_word' id='word_1_598' title='bbox 623 4859 658 4914; x_wconf 90' lang='lat' dir='ltr'>de</span> <span class='ocrx_word' id='word_1_599' title='bbox 682 4859 767 4915; x_wconf 87' lang='lat' dir='ltr'>llario</span> <span class='ocrx_word' id='word_1_600' title='bbox 792 4862 969 4917; x_wconf 88' lang='lat' dir='ltr'>monasterio</span> <span class='ocrx_word' id='word_1_601' title='bbox 1020 4878 1099 4934; x_wconf 89' lang='lat' dir='ltr'>rege,</span> <span class='ocrx_word' id='word_1_602' title='bbox 1116 4877 1182 4918; x_wconf 92' lang='lat' dir='ltr'>cum</span> <span class='ocrx_word' id='word_1_603' title='bbox 1194 4861 1344 4918; x_wconf 88' lang='lat' dir='ltr'>monachis</span> <span class='ocrx_word' id='word_1_604' title='bbox 1356 4865 1385 4917; x_wconf 90' lang='lat' dir='ltr'>et</span> <span class='ocrx_word' id='word_1_605' title='bbox 1397 4859 1515 4929; x_wconf 90' lang='lat' dir='ltr'>clericis,</span> <span class='ocrx_word' id='word_1_606' title='bbox 1529 4858 1659 4915; x_wconf 72' lang='lat' dir='ltr'>mumvit.</span> 
     </span>
     <span class='ocr_line' id='line_1_65' title="bbox 153 4950 1832 5034; baseline 0.004 -30"><span class='ocrx_word' id='word_1_607' title='bbox 153 4954 355 5022; x_wconf 91' lang='lat' dir='ltr'>assumpserat,</span> <span class='ocrx_word' id='word_1_608' title='bbox 376 4950 539 5023; x_wconf 76' lang='lat' dir='ltr'>preposuit.</span> <span class='ocrx_word' id='word_1_609' title='bbox 552 4953 631 5007; x_wconf 87' lang='lat' dir='ltr'>Tunc</span> <span class='ocrx_word' id='word_1_610' title='bbox 649 4952 967 5026; x_wconf 86' lang='lat' dir='ltr'>GnandregisilusFon·</span> <span class='ocrx_word' id='word_1_611' title='bbox 1019 4969 1062 5022; x_wconf 74' lang='lat'>23,</span> <span class='ocrx_word' id='word_1_612' title='bbox 1124 4968 1217 5021; x_wconf 61' lang='lat' dir='ltr'>,sugens</span> <span class='ocrx_word' id='word_1_613' title='bbox 1231 4966 1382 5034; x_wconf 54' lang='lat' dir='ltr'>etiamque</span> <span class='ocrx_word' id='word_1_614' title='bbox 1396 4963 1570 5020; x_wconf 56' lang='lat' dir='ltr'>metuendus</span> <span class='ocrx_word' id='word_1_615' title='bbox 1587 4965 1617 5018; x_wconf 74' lang='lat' dir='ltr'>in</span> <span class='ocrx_word' id='word_1_616' title='bbox 1635 4962 1731 5019; x_wconf 56' lang='lat' dir='ltr'>oram</span> <span class='ocrx_word' id='word_1_617' title='bbox 1741 4963 1832 5031; x_wconf 56' lang='lat' dir='ltr'>mter,</span> 
     </span>
     <span class='ocr_line' id='line_1_66' title="bbox 154 5043 1832 5118; baseline -0.001 -19"><span class='ocrx_word' id='word_1_618' title='bbox 154 5043 258 5099; x_wconf 84' lang='lat' dir='ltr'>tinellae</span> <span class='ocrx_word' id='word_1_619' title='bbox 271 5044 477 5100; x_wconf 85' lang='lat' dir='ltr'>rnouasterium</span> <span class='ocrx_word' id='word_1_620' title='bbox 487 5044 769 5118; x_wconf 88' lang='lat' dir='ltr'>condidit,ibiquead</span> <span class='ocrx_word' id='word_1_621' title='bbox 777 5048 825 5103; x_wconf 84' lang='lat' dir='ltr'>Dei</span> <span class='ocrx_word' id='word_1_622' title='bbox 837 5048 968 5104; x_wconf 86' lang='lat' dir='ltr'>militiam</span> <span class='ocrx_word' id='word_1_623' title='bbox 1125 5045 1294 5115; x_wconf 72' lang='lat' dir='ltr'>compatiens</span> <span class='ocrx_word' id='word_1_624' title='bbox 1304 5047 1419 5109; x_wconf 70' lang='lat' dir='ltr'>eunetis</span> <span class='ocrx_word' id='word_1_625' title='bbox 1427 5045 1584 5114; x_wconf 85' lang='lat' dir='ltr'>meritisque</span> <span class='ocrx_word' id='word_1_626' title='bbox 1597 5044 1716 5111; x_wconf 68' lang='lat' dir='ltr'>refertus</span> <span class='ocrx_word' id='word_1_627' title='bbox 1725 5045 1832 5114; x_wconf 75' lang='lat' dir='ltr'>uptun</span> 
     </span>
     <span class='ocr_line' id='line_1_67' title="bbox 151 5136 1834 5214; baseline -0.001 -21"><span class='ocrx_word' id='word_1_628' title='bbox 151 5138 245 5193; x_wconf 82' lang='lat' dir='ltr'>ferme</span> <span class='ocrx_word' id='word_1_629' title='bbox 267 5154 331 5195; x_wconf 81' lang='lat' dir='ltr'>cccc</span> <span class='ocrx_word' id='word_1_630' title='bbox 352 5138 506 5195; x_wconf 89' lang='lat' dir='ltr'>monachos</span> <span class='ocrx_word' id='word_1_631' title='bbox 525 5141 712 5212; x_wconf 87' lang='lat' dir='ltr'>aggregavit;</span> <span class='ocrx_word' id='word_1_632' title='bbox 726 5158 760 5196; x_wconf 88' lang='lat' dir='ltr'>ox</span> <span class='ocrx_word' id='word_1_633' title='bbox 774 5141 878 5214; x_wconf 89' lang='lat' dir='ltr'>quibas</span> <span class='ocrx_word' id='word_1_634' title='bbox 896 5149 970 5214; x_wconf 87' lang='lat' dir='ltr'>post·</span> <span class='ocrx_word' id='word_1_635' title='bbox 1018 5139 1068 5195; x_wconf 90' lang='lat' dir='ltr'>llic</span> <span class='ocrx_word' id='word_1_636' title='bbox 1082 5138 1217 5208; x_wconf 80' lang='lat' dir='ltr'>varennis,</span> <span class='ocrx_word' id='word_1_637' title='bbox 1234 5144 1363 5210; x_wconf 90' lang='lat' dir='ltr'>tempore</span> <span class='ocrx_word' id='word_1_638' title='bbox 1383 5137 1512 5209; x_wconf 86' lang='lat' dir='ltr'>Gregorii</span> <span class='ocrx_word' id='word_1_639' title='bbox 1527 5153 1619 5209; x_wconf 72' lang='lat' dir='ltr'>papae,</span> <span class='ocrx_word' id='word_1_640' title='bbox 1636 5136 1745 5194; x_wconf 88' lang='lat' dir='ltr'>floruit.</span> <span class='ocrx_word' id='word_1_641' title='bbox 1758 5138 1834 5193; x_wconf 88' lang='lat' dir='ltr'>Tunc</span> 
     </span>
     <span class='ocr_line' id='line_1_68' title="bbox 151 5230 1832 5309; baseline 0 -22"><span class='ocrx_word' id='word_1_642' title='bbox 151 5231 270 5287; x_wconf 89' lang='lat' dir='ltr'>modum</span> <span class='ocrx_word' id='word_1_643' title='bbox 290 5233 412 5289; x_wconf 79' lang='lat' dir='ltr'>Ecclesia</span> <span class='ocrx_word' id='word_1_644' title='bbox 423 5234 475 5289; x_wconf 79' lang='lat' dir='ltr'>liei</span> <span class='ocrx_word' id='word_1_645' title='bbox 490 5233 527 5289; x_wconf 91' lang='lat' dir='ltr'>ad</span> <span class='ocrx_word' id='word_1_646' title='bbox 540 5234 670 5307; x_wconf 87' lang='lat' dir='ltr'>regimen</span> <span class='ocrx_word' id='word_1_647' title='bbox 682 5236 728 5291; x_wconf 90' lang='lat' dir='ltr'>sui</span> <span class='ocrx_word' id='word_1_648' title='bbox 741 5236 838 5308; x_wconf 91' lang='lat' dir='ltr'>plures</span> <span class='ocrx_word' id='word_1_649' title='bbox 858 5236 967 5309; x_wconf 88' lang='lat' dir='ltr'>episco-</span> <span class='ocrx_word' id='word_1_650' title='bbox 1017 5234 1073 5290; x_wconf 89' lang='lat' dir='ltr'>Leo</span> <span class='ocrx_word' id='word_1_651' title='bbox 1103 5233 1271 5305; x_wconf 89' lang='lat' dir='ltr'>imperabat.</span> <span class='ocrx_word' id='word_1_652' title='bbox 1302 5231 1401 5289; x_wconf 83' lang='lat' dir='ltr'>Franci</span> <span class='ocrx_word' id='word_1_653' title='bbox 1426 5248 1504 5301; x_wconf 89' lang='lat' dir='ltr'>vero,</span> <span class='ocrx_word' id='word_1_654' title='bbox 1524 5234 1638 5287; x_wconf 88' lang='lat' dir='ltr'>mortuo</span> <span class='ocrx_word' id='word_1_655' title='bbox 1662 5230 1832 5304; x_wconf 81' lang='lat' dir='ltr'>Dagobarto,</span> 
     </span>
     <span class='ocr_line' id='line_1_69' title="bbox 151 5324 1832 5401; baseline -0.001 -22"><span class='ocrx_word' id='word_1_656' title='bbox 151 5342 203 5398; x_wconf 87' lang='lat' dir='ltr'>pos</span> <span class='ocrx_word' id='word_1_657' title='bbox 215 5332 244 5382; x_wconf 89' lang='lat' dir='ltr'>et</span> <span class='ocrx_word' id='word_1_658' title='bbox 258 5325 373 5383; x_wconf 84' lang='lat' dir='ltr'>abbates</span> <span class='ocrx_word' id='word_1_659' title='bbox 392 5326 510 5382; x_wconf 90' lang='lat' dir='ltr'>idoneos</span> <span class='ocrx_word' id='word_1_660' title='bbox 531 5328 692 5399; x_wconf 86' lang='lat' dir='ltr'>gaudenter</span> <span class='ocrx_word' id='word_1_661' title='bbox 705 5330 870 5401; x_wconf 87' lang='lat' dir='ltr'>assumpsit.</span> <span class='ocrx_word' id='word_1_662' title='bbox 883 5330 966 5387; x_wconf 90' lang='lat' dir='ltr'>Sido·</span> <span class='ocrx_word' id='word_1_663' title='bbox 1018 5327 1164 5385; x_wconf 84' lang='lat' dir='ltr'>Danielem</span> <span class='ocrx_word' id='word_1_664' title='bbox 1178 5326 1314 5383; x_wconf 85' lang='lat' dir='ltr'>clericam</span> <span class='ocrx_word' id='word_1_665' title='bbox 1331 5326 1361 5382; x_wconf 92' lang='lat' dir='ltr'>in</span> <span class='ocrx_word' id='word_1_666' title='bbox 1375 5341 1476 5399; x_wconf 87' lang='lat' dir='ltr'>regem</span> <span class='ocrx_word' id='word_1_667' title='bbox 1494 5326 1670 5383; x_wconf 88' lang='lat' dir='ltr'>levaverunt.</span> <span class='ocrx_word' id='word_1_668' title='bbox 1686 5324 1832 5382; x_wconf 78' lang='lat' dir='ltr'>sarraceni</span> 
     </span>
     <span class='ocr_line' id='line_1_70' title="bbox 151 5417 1834 5494; baseline -0.001 -19"><span class='ocrx_word' id='word_1_669' title='bbox 151 5420 216 5476; x_wconf 91' lang='lat' dir='ltr'>nius</span> <span class='ocrx_word' id='word_1_670' title='bbox 239 5437 353 5494; x_wconf 89' lang='lat' dir='ltr'>quoque</span> <span class='ocrx_word' id='word_1_671' title='bbox 374 5426 404 5476; x_wconf 87' lang='lat' dir='ltr'>et</span> <span class='ocrx_word' id='word_1_672' title='bbox 425 5420 568 5489; x_wconf 82' lang='lat' dir='ltr'>ltibertus,</span> <span class='ocrx_word' id='word_1_673' title='bbox 581 5422 764 5492; x_wconf 88' lang='lat' dir='ltr'>Geremaras,</span> <span class='ocrx_word' id='word_1_674' title='bbox 779 5424 966 5493; x_wconf 75' lang='lat' dir='ltr'>teudfredus,</span> <span class='ocrx_word' id='word_1_675' title='bbox 1017 5438 1084 5479; x_wconf 92' lang='lat' dir='ltr'>cum</span> <span class='ocrx_word' id='word_1_676' title='bbox 1098 5421 1209 5494; x_wconf 89' lang='lat' dir='ltr'>ingenti</span> <span class='ocrx_word' id='word_1_677' title='bbox 1221 5421 1348 5477; x_wconf 87' lang='lat' dir='ltr'>exercitu</span> <span class='ocrx_word' id='word_1_678' title='bbox 1357 5419 1481 5477; x_wconf 91' lang='lat' dir='ltr'>triennio</span> <span class='ocrx_word' id='word_1_679' title='bbox 1495 5418 1777 5491; x_wconf 80' lang='lat' dir='ltr'>Constantinopolim</span> <span class='ocrx_word' id='word_1_680' title='bbox 1786 5417 1834 5474; x_wconf 81' lang='lat' dir='ltr'>ob</span> 
     </span>
     <span class='ocr_line' id='line_1_71' title="bbox 149 5512 1833 5589; baseline -0.002 -18"><span class='ocrx_word' id='word_1_681' title='bbox 149 5513 255 5586; x_wconf 85' lang='lat' dir='ltr'>aliique</span> <span class='ocrx_word' id='word_1_682' title='bbox 267 5514 363 5587; x_wconf 88' lang='lat' dir='ltr'>plnres</span> <span class='ocrx_word' id='word_1_683' title='bbox 386 5512 520 5569; x_wconf 89' lang='lat' dir='ltr'>monachi</span> <span class='ocrx_word' id='word_1_684' title='bbox 537 5512 678 5571; x_wconf 85' lang='lat' dir='ltr'>florebant</span> <span class='ocrx_word' id='word_1_685' title='bbox 692 5516 723 5572; x_wconf 89' lang='lat' dir='ltr'>in</span> <span class='ocrx_word' id='word_1_686' title='bbox 743 5517 968 5589; x_wconf 83' lang='lat' dir='ltr'>liothomagensi</span> <span class='ocrx_word' id='word_1_687' title='bbox 1016 5516 1128 5586; x_wconf 90' lang='lat' dir='ltr'>sideat;</span> <span class='ocrx_word' id='word_1_688' title='bbox 1154 5515 1206 5572; x_wconf 89' lang='lat' dir='ltr'>sed</span> <span class='ocrx_word' id='word_1_689' title='bbox 1230 5514 1337 5571; x_wconf 83' lang='lat' dir='ltr'>civibus</span> <span class='ocrx_word' id='word_1_690' title='bbox 1359 5513 1453 5587; x_wconf 87' lang='lat' dir='ltr'>magis</span> <span class='ocrx_word' id='word_1_691' title='bbox 1474 5512 1606 5587; x_wconf 88' lang='lat' dir='ltr'>precibus</span> <span class='ocrx_word' id='word_1_692' title='bbox 1629 5528 1719 5586; x_wconf 83' lang='lat' dir='ltr'>qaam</span> <span class='ocrx_word' id='word_1_693' title='bbox 1743 5512 1833 5569; x_wconf 86' lang='lat' dir='ltr'>armis</span> 
     </span>
     <span class='ocr_line' id='line_1_72' title="bbox 150 5606 1833 5683; baseline -0.001 -19"><span class='ocrx_word' id='word_1_694' title='bbox 150 5607 264 5665; x_wconf 81' lang='lat' dir='ltr'>diaecesi</span> <span class='ocrx_word' id='word_1_695' title='bbox 278 5624 285 5675; x_wconf 90' lang='grc'><strong>;</strong></span> <span class='ocrx_word' id='word_1_696' title='bbox 299 5607 403 5680; x_wconf 89' lang='lat' dir='ltr'>quibus</span> <span class='ocrx_word' id='word_1_697' title='bbox 425 5606 558 5663; x_wconf 90' lang='lat' dir='ltr'>omnibus</span> <span class='ocrx_word' id='word_1_698' title='bbox 572 5606 610 5664; x_wconf 93' lang='lat' dir='ltr'>ad</span> <span class='ocrx_word' id='word_1_699' title='bbox 629 5624 715 5667; x_wconf 91' lang='lat' dir='ltr'>omne</span> <span class='ocrx_word' id='word_1_700' title='bbox 735 5610 844 5667; x_wconf 91' lang='lat' dir='ltr'>bouum</span> <span class='ocrx_word' id='word_1_701' title='bbox 856 5610 968 5669; x_wconf 77' lang='lat' dir='ltr'>favebat</span> <span class='ocrx_word' id='word_1_702' title='bbox 1017 5609 1212 5683; x_wconf 86' lang='lat' dir='ltr'>pugnantibus</span> <span class='ocrx_word' id='word_1_703' title='bbox 1226 5609 1387 5675; x_wconf 87' lang='lat' dir='ltr'>vincuntur,</span> <span class='ocrx_word' id='word_1_704' title='bbox 1403 5613 1432 5666; x_wconf 85' lang='lat' dir='ltr'>et</span> <span class='ocrx_word' id='word_1_705' title='bbox 1451 5607 1539 5677; x_wconf 88' lang='lat' dir='ltr'>lame,</span> <span class='ocrx_word' id='word_1_706' title='bbox 1553 5606 1675 5681; x_wconf 77' lang='lat' dir='ltr'>frigore,</span> <span class='ocrx_word' id='word_1_707' title='bbox 1693 5607 1833 5680; x_wconf 84' lang='lat' dir='ltr'>pestilen-</span> 
     </span>
     <span class='ocr_line' id='line_1_73' title="bbox 148 5700 1831 5779; baseline 0.001 -25"><span class='ocrx_word' id='word_1_708' title='bbox 148 5701 277 5755; x_wconf 86' lang='lat' dir='ltr'>studium</span> <span class='ocrx_word' id='word_1_709' title='bbox 295 5700 474 5757; x_wconf 90' lang='lat' dir='ltr'>etauxiliam</span> <span class='ocrx_word' id='word_1_710' title='bbox 494 5701 622 5758; x_wconf 90' lang='lat' dir='ltr'>Audoeni</span> <span class='ocrx_word' id='word_1_711' title='bbox 639 5703 810 5759; x_wconf 90' lang='lat' dir='ltr'>venerabilis</span> <span class='ocrx_word' id='word_1_712' title='bbox 824 5704 965 5779; x_wconf 90' lang='lat' dir='ltr'>archiepi-</span> <span class='ocrx_word' id='word_1_713' title='bbox 1017 5704 1113 5776; x_wconf 90' lang='lat' dir='ltr'>tiaque</span> <span class='ocrx_word' id='word_1_714' title='bbox 1134 5703 1325 5775; x_wconf 88' lang='lat' dir='ltr'>periclitantes</span> <span class='ocrx_word' id='word_1_715' title='bbox 1341 5702 1506 5775; x_wconf 82' lang='lat' dir='ltr'>aufugiunt.</span> <span class='ocrx_word' id='word_1_716' title='bbox 1525 5700 1742 5775; x_wconf 80' lang='lat' dir='ltr'>liuthprandus</span> <span class='ocrx_word' id='word_1_717' title='bbox 1758 5701 1831 5757; x_wconf 86' lang='lat' dir='ltr'>Lon-</span> 
     </span>
     <span class='ocr_line' id='line_1_74' title="bbox 127 5790 1832 5873; baseline 0.007 -34"><span class='ocrx_word' id='word_1_718' title='bbox 127 5790 220 5860; x_wconf 68' lang='lat' dir='ltr'>seopr,</span> <span class='ocrx_word' id='word_1_719' title='bbox 236 5791 314 5845; x_wconf 81' lang='lat' dir='ltr'>sicat</span> <span class='ocrx_word' id='word_1_720' title='bbox 323 5792 434 5849; x_wconf 67' lang='lat' dir='ltr'>[cnidi</span> <span class='ocrx_word' id='word_1_721' title='bbox 445 5795 570 5852; x_wconf 87' lang='lat' dir='ltr'>lectores</span> <span class='ocrx_word' id='word_1_722' title='bbox 583 5794 615 5851; x_wconf 89' lang='lat' dir='ltr'>in</span> <span class='ocrx_word' id='word_1_723' title='bbox 630 5812 733 5853; x_wconf 90' lang='lat' dir='ltr'>eorum</span> <span class='ocrx_word' id='word_1_724' title='bbox 746 5797 835 5871; x_wconf 87' lang='lat' dir='ltr'>gestis</span> <span class='ocrx_word' id='word_1_725' title='bbox 848 5804 965 5873; x_wconf 87' lang='lat' dir='ltr'>possunt</span> <span class='ocrx_word' id='word_1_726' title='bbox 1018 5797 1210 5870; x_wconf 87' lang='lat' dir='ltr'>gobardorum</span> <span class='ocrx_word' id='word_1_727' title='bbox 1236 5812 1286 5854; x_wconf 85' lang='lat' dir='ltr'>rer</span> <span class='ocrx_word' id='word_1_728' title='bbox 1313 5796 1496 5855; x_wconf 87' lang='lat' dir='ltr'>donationem</span> <span class='ocrx_word' id='word_1_729' title='bbox 1520 5794 1695 5871; x_wconf 82' lang='lat' dir='ltr'>patrimonii</span> <span class='ocrx_word' id='word_1_730' title='bbox 1715 5793 1832 5869; x_wconf 87' lang='lat' dir='ltr'>Alpium</span> 
     </span>
    </p>
   </div>
   <div class='ocr_carea' id='block_1_17' title="bbox 0 0 1880 6046">
    <p class='ocr_par' dir='ltr' id='par_1_19' title="bbox 0 0 1880 6046">
     <span class='ocr_line' id='line_1_75' title="bbox 0 0 1880 6046; baseline 0 3"><span class='ocrx_word' id='word_1_731' title='bbox 0 0 1880 6046; x_wconf 95' lang='lat' dir='ltr'> </span> 
     </span>
    </p>
   </div>
  </div>
 </body>
</html>
