3750 6046
72 188 124 243 ssa
228 224 231 231 .
485 144 643 251 aisrama
663 193 929 252 accrnsusnca.
945 192 1079 251 -mns
1099 192 1140 249 ιιι.
1155 225 1188 234 --
1203 194 1268 253 nra.
1292 192 1345 252 ιιι.
1703 196 1753 257 aas

70 329 124 370 nec
140 331 213 370 unus
228 317 263 372 de
277 317 443 374 satellitibus
457 320 534 392 regis
555 327 597 377 est
616 322 758 391 inventus,
776 324 825 395 qui
841 340 886 378 cu·
897 336 927 408 Α
937 322 1041 377 chaset
1056 323 1193 378 inermem
1208 323 1346 394 populum
1360 322 1470 378 virtutis
1484 339 1552 380 ense
1565 324 1677 381 fortiter
1691 343 1753 383 mu·

70 413 152 464 reret
163 409 198 465 de
214 411 358 483 exsequiis
372 414 498 484 carparis
516 415 615 487 ipsius.
634 417 712 471 Tunc
725 417 885 487 tterlninus,
936 415 1034 471 uierit.
1051 416 1141 470 finita
1156 431 1223 472 vera
1237 416 1388 484 locutione,
1399 417 1511 487 plebem
1526 419 1646 489 rogavit,
1660 422 1688 476 et
1700 437 1753 492 pro

71 502 209 574 pagensis
232 520 328 575 eques,
344 508 467 562 naturali
487 507 613 565 bonitate
632 515 818 581 compunctus
833 516 885 579 est,
936 509 1041 580 pietate
1056 509 1152 564 multis
1163 509 1307 577 flentibus,
1324 526 1355 565 ac
1370 510 1455 564 verba
1468 511 1530 580 ejus
1542 514 1750 584 attestantibus,

70 601 99 648 et
121 612 220 651 curam
239 599 441 670 exsequiarum
460 618 514 671 pra
535 618 634 657 umore
653 603 703 658 Dei
727 607 756 658 et
776 604 887 659 hanare
936 602 1062 673 adjecit:
1080 623 1094 651 ιι
1109 602 1183 668 eria
1198 603 1293 658 nullus
1308 603 1435 660 mortalis
1448 604 1534 659 honio
1549 610 1640 676 petest
1655 607 1683 661 iu
1697 607 1751 662 hac

68 689 164 758 gentis
190 705 249 745 suae
272 691 392 748 viriliter
418 695 597 766 amplexatus
622 702 672 751 est.
701 697 886 752 pollinctores
935 696 992 751 vita
1007 696 1068 750 sine
1082 701 1198 767 peccato
1214 697 1315 766 vivere,
1330 698 1359 752 in
1372 697 1510 755 charitate
1526 699 1575 753 Dei
1585 716 1635 755 vas
1650 716 1750 757 amnes

67 782 167 854 itaque
182 787 211 838 et
225 785 392 856 vespiliones
407 803 439 842 ac
452 787 613 845 vehiculum
627 790 755 846 mercede
771 790 806 845 de
819 808 884 862 pra·
935 805 1086 860 precamur
1114 806 1165 860 pra
1191 789 1326 845 defuncta
1352 791 1500 862 principe,
1525 798 1643 864 propter
1669 793 1750 848 illum

68 877 142 946 priis
160 878 324 950 sumptibus
338 879 482 950 conduxit,
498 882 617 937 cadaver
630 884 706 955 regis
719 883 757 955 (a)
772 883 808 938 ad
823 900 886 955 par·
935 883 1009 953 apud
1036 883 1264 955 onrnipotentem
1287 884 1375 940 [terrm
1402 885 1537 939 studeatis
1563 886 1749 954 intercedere,

68 971 134 1023 tum
155 969 294 1041 Sequente
318 972 443 1042 devexit,
466 975 689 1047 impositumque
711 977 773 1032 navi
797 993 884 1049 usque
936 976 1030 1047 eique,
1046 977 1068 1030 si
1090 975 1159 1048 quid
1180 977 1208 1031 in
1230 976 1307 1031 vobis
1324 977 1454 1049 deliquit,
1470 977 1635 1048 benigniter
1653 978 1751 1035 dimit·

66 1062 231 1119 Cadamum
245 1081 297 1136 per
310 1082 414 1138 aquam
429 1073 458 1122 et
471 1068 581 1124 aridam
594 1070 735 1140 perduxit.
935 1069 1013 1124 teret
1029 1090 1042 1119 ιι

102 1158 184 1211 Tunc
206 1157 329 1213 domnus
352 1160 525 1217 Gislehertus
547 1163 635 1218 abhas
657 1180 722 1219 cum
744 1168 884 1220 conventu
968 1163 1044 1216 Tunc
1061 1162 1216 1229 hecelinus,
1231 1164 1325 1218 ttrturi
1349 1163 1431 1230 titius,
1454 1166 1488 1219 de
1509 1164 1590 1219 turba
1609 1167 1744 1232 surrexit,

64 1250 277 1306 manachorum
298 1259 469 1311 veneranter
486 1255 598 1310 obviam
614 1257 720 1312 feretro
738 1258 882 1328 processit,
934 1258 962 1309 et
988 1270 1053 1310 vace
1081 1271 1187 1327 magna
1211 1255 1424 1327 querimoniam
1450 1257 1613 1327 hujusmodi
1639 1261 1748 1315 cunctis

64 1344 884 1415 quihustlensetoransmultitudoctericarumetlaica·
933 1348 1111 1403 audientibus
1132 1348 1238 1403 edidit:
1270 1370 1281 1398 ι
1307 1350 1370 1404 tlaec
1395 1356 1480 1415 terra,
1507 1350 1553 1406 ubi
1582 1352 1746 1421 consistitis,

63 1453 131 1491 rum
155 1438 286 1493 adhaesit.
313 1440 370 1494 Sed
393 1457 455 1495 mox
479 1442 591 1497 sinistra
609 1444 727 1499 fortuna
750 1445 882 1500 amnibus
932 1458 996 1496 area
1010 1442 1111 1498 domus
1125 1442 1211 1512 patris
1232 1443 1288 1496 mci
1302 1442 1365 1508 brit,
1380 1459 1467 1513 quam
1482 1443 1522 1497 ιιι
1540 1444 1604 1512 iste,
1619 1461 1671 1515 pra
1687 1461 1745 1516 qua

62 1531 176 1601 pariter
186 1532 342 1587 maximum
354 1539 491 1590 terrorem
502 1536 670 1607 propinarit.
683 1538 753 1592 Nam
763 1555 881 1593 enorme
931 1535 1046 1605 rogatis,
1064 1534 1133 1588 dum
1154 1535 1246 1589 adhuc
1258 1541 1331 1589 asset
1345 1551 1440 1589 comes
1455 1536 1654 1604 Narmannirr,
1672 1539 1746 1608 patri

63 1624 235 1679 incendium
248 1626 284 1681 de
297 1626 421 1698 quadam
434 1629 521 1685 dama
535 1629 664 1700 protinus
674 1631 777 1702 erupit,
792 1637 819 1686 et
829 1632 882 1686 im·
930 1644 994 1683 mea
1016 1628 1155 1683 violenter
1172 1628 1299 1695 abstulit,
1312 1628 1448 1701 amnique
1469 1629 1613 1701 denegata
1630 1632 1744 1686 rectitu-

61 1733 178 1773 menscs
198 1718 381 1776 flammarum
404 1721 502 1792 globos
524 1723 671 1791 eructavit,
690 1709 1008 1796 magnarnqnassdine,
1029 1720 1109 1775 istam
1131 1721 1222 1776 aedem
1246 1724 1379 1791 patenter
1398 1721 1539 1776 fundavit.
1563 1724 1638 1778 ttanc
1658 1723 1748 1795 igitur

63 1816 182 1881 partem
200 1813 383 1869 cadomensis
397 1815 482 1887 burgi
503 1816 639 1871 damnosa
654 1818 762 1872 invasit.
778 1818 883 1873 Omnes
934 1816 1039 1868 terram
1054 1814 1222 1882 calumnior,
1237 1817 1266 1868 et
1280 1813 1374 1885 palam
1390 1816 1529 1883 reclama;
1549 1819 1578 1871 et
1591 1832 1627 1871 ue
1645 1833 1748 1890 carpus

63 1903 207 1975 igiturad
222 1905 321 1978 ignem
339 1909 587 1980 comprimendum
606 1910 701 1966 elerici
720 1927 783 1966 cnm
804 1912 883 1967 laicis
931 1908 1052 1978 raptoris
1071 1908 1216 1978 operiatur
1236 1907 1340 1979 cespite
1360 1924 1434 1975 meo,
1455 1925 1507 1962 trec
1529 1908 1558 1963 in
1579 1909 1746 1968 haereditate

61 2002 265 2054 cucurrerunt.
284 2000 343 2055 Sati
361 2017 428 2056 vere
448 2005 581 2059 monachi
608 2012 731 2077 caeptum
756 2004 882 2060 officium
932 2017 998 2054 mea
1018 1999 1183 2072 sepeliatur,
1199 2018 1232 2056 ex
1257 2004 1337 2072 parte
1359 2001 1411 2055 Dei
1430 2001 1579 2073 prohibeo.
1600 2025 1614 2053 ιι
1640 2005 1696 2060 ltac
1717 2008 1747 2059 ut

60 2091 292 2164 compleverunt,
309 2097 336 2149 et
350 2110 429 2150 sama
443 2096 519 2168 regis
535 2097 569 2152 ad
585 2097 770 2154 coenobialem
786 2098 880 2153 basili·
932 2093 1055 2164 episcopi
1072 2097 1101 2148 et
1121 2110 1253 2164 proceres
1265 2093 1311 2147 atii
1328 2093 1490 2162 audierunt,
1511 2101 1539 2150 et
1554 2097 1661 2152 vicinas
1674 2098 1745 2170 ejus,

64 2201 127 2239 cam
143 2187 299 2257 psallentes
310 2187 517 2258 perduxerunt.
931 2187 980 2258 qui
993 2186 1124 2242 eumdem
1141 2202 1208 2241 vera
1222 2185 1324 2241 dixisse
1340 2187 1581 2257 contestabantur,
1598 2189 1744 2246 intellexe-

97 2278 231 2350 [leniquc
243 2279 279 2334 ad
295 2280 493 2351 sepeliendum
508 2282 666 2337 maximum
678 2283 781 2339 ducem
793 2288 822 2340 et
835 2303 881 2358 pa·
931 2283 1008 2348 rnnt,
1033 2279 1182 2335 haurirem
1202 2279 1370 2347 accersiunt,
1393 2281 1529 2352 amnique
1555 2286 1666 2337 remota
1689 2285 1746 2341 vio·

60 2375 137 2425 trem
155 2371 255 2443 patriae
273 2376 440 2445 congregati
457 2380 524 2430 sunt
538 2392 636 2431 amnes
654 2377 778 2449 episcopi
795 2379 881 2434 etah-
930 2374 1027 2441 tentia,
1050 2373 1180 2444 precibus
1199 2372 1313 2428 blandis
1331 2373 1487 2441 lenierunt,
1506 2377 1535 2431 et
1557 2392 1659 2446 pacem
1679 2395 1745 2435 cum

59 2463 140 2519 batos
155 2465 357 2536 Narmauniae3
377 2484 411 2522 ex
428 2467 531 2539 quibus
550 2469 586 2524 ad
605 2471 735 2525 notitiam
752 2479 878 2543 postera·
930 2485 964 2524 eo
978 2467 1115 2522 feceruut.
1131 2467 1201 2520 Nam
1215 2481 1266 2536 pro
1281 2465 1373 2522 laculo
1388 2467 1476 2521 satius
1495 2469 1648 2539 sepulture
1667 2487 1746 2527 sexa·

60 2573 126 2612 riam
143 2558 216 2613 libet
229 2559 366 2630 quosdam
385 2562 544 2629 nominare,
559 2567 589 2617 et
601 2565 736 2634 praesenti
756 2565 881 2620 breviter
930 2562 1010 2632 ginta
1028 2558 1132 2613 solidas
1147 2558 1172 2614 ei
1193 2559 1323 2630 protinus
1337 2558 1542 2629 adhibuerunt,
1562 2578 1615 2634 pra
1636 2565 1745 2636 reliqna

62 2651 91 2706 in
105 2653 218 2724 pagina
232 2653 381 2710 denotare.
929 2671 995 2710 vera
1020 2654 1138 2722 tellure,
1165 2668 1253 2724 quam
1279 2652 1528 2722 calumniabatur,
1554 2655 1743 2727 aequipollens

96 2745 267 2802 Guilletmus
294 2747 534 2819 Rothamagsusis
555 2749 795 2824 archiepiscopus,
818 2753 879 2808 Ode
929 2750 1063 2803 mutuum
1077 2745 1170 2802 eidem
1191 2745 1397 2816 promiserant,
1416 2751 1445 2800 et
1463 2751 1528 2816 past
1541 2763 1600 2803 non
1622 2750 1743 2806 multum

62 2839 226 2912 Bajocensis
246 2840 401 2912 episcopus,
422 2841 592 2897 Gislahertus
614 2843 801 2912 Ebraicensis,
823 2846 879 2900 Gis·
929 2840 1065 2912 temporis
1078 2855 1129 2912 pra
1141 2840 1228 2893 salute
1242 2837 1373 2909 specialis
1386 2838 1461 2905 heri,
1475 2856 1561 2911 quem
1572 2841 1743 2913 diligebant,

60 2931 188 2987 tebertus
210 2933 379 2989 htaminotus
399 2936 587 3005 lexoviensis,
607 2937 725 2993 ldichacl
746 2939 879 2994 Abrinea-
929 2940 1043 3006 pactum
1056 2932 1280 3003 compleverunt.
1293 2934 1391 3000 Parra,
1407 2932 1475 2987 duni
1491 2949 1594 3005 eorpus
1608 2934 1636 2989 in
1651 2951 1743 2993 sarca-

60 3027 167 3095 tensis,
199 3026 362 3083 Gaistredus
392 3029 660 3099 constantiniensis,
687 3037 717 3087 et
743 3029 1058 3145 Girardusthagnm
1074 3027 1248 3092 mitteretur,
1264 3031 1291 3080 et
1312 3025 1461 3092 violenter,
1475 3027 1543 3098 quia
1563 3031 1746 3101 vesperim·

59 3119 218 3191 Sagiensis.
928 3121 1110 3192 prudentiam
1130 3118 1378 3174 cementariorum
1401 3119 1486 3175 breve
1508 3125 1648 3178 stmctum
1672 3129 1742 3194 erat,

93 3213 223 3268 hbbates
241 3230 358 3286 quaque
378 3214 408 3270 hi
431 3219 498 3270 sunt
520 3233 527 3271 ι
550 3218 701 3272 hasetmus
723 3218 877 3286 Becceusis,
928 3213 1157 3285 complicaretur,
1171 3212 1376 3284 pinguissimus
1394 3217 1492 3269 venter
1509 3216 1628 3286 crepuit,
1654 3223 1682 3274 et
1705 3219 1747 3274 iu·

59 3305 230 3362 Guitlelmus
249 3308 284 3362 de
307 3308 362 3364 Ros
383 3308 590 3379 fiscannensis,
611 3310 764 3366 Gerhertus
786 3311 879 3366 fanti-
928 3306 1081 3364 tolerabilis
1098 3306 1171 3361 fetor
1192 3305 1300 3361 circum
1321 3309 1445 3362 astantes
1464 3322 1598 3378 personas
1622 3312 1652 3364 et
1675 3311 1741 3368 reti·

59 3400 208 3467 nedensis,
230 3400 391 3457 (tuntardus
412 3403 627 3471 Gemeticeusis,
649 3403 798 3459 hlainerius
823 3405 879 3460 Uti·
928 3417 1017 3474 quum
1039 3401 1139 3471 vulgus
1158 3398 1295 3471 implevit.
1319 3400 1422 3454 fumus
1441 3399 1542 3468 thuris,
1562 3401 1742 3477 aliarumque

59 3494 162 3564 censis,
179 3494 265 3550 fulco
279 3495 418 3564 Diversis,
434 3496 584 3552 tlurandus
597 3497 789 3567 troarnensis,
805 3498 879 3554 Rad-
928 3499 1101 3560 aromatum,
1120 3492 1154 3547 de
1176 3490 1329 3547 thuribulis
1349 3493 1462 3562 copiose
1481 3493 1669 3565 ascendebat3
1691 3497 1742 3553 sed

58 3586 158 3643 bertus
176 3587 332 3660 Sagiensis,
353 3588 498 3645 Oshernus
522 3590 722 3660 Bernaieensis,
741 3592 878 3663 hogerius
927 3588 1105 3645 teterrimum
1135 3591 1265 3658 putarem
1292 3584 1442 3641 excludere
1471 3602 1530 3641 nan
1558 3588 1742 3658 prevalebat.

59 3680 93 3736 de
107 3685 210 3737 mente
223 3681 318 3738 Sancti
333 3683 476 3739 Michaelis
489 3684 518 3739 in
534 3685 662 3741 Pericula
676 3687 767 3741 tdaris.
928 3681 1096 3740 Sacerdotes
1119 3680 1216 3751 itaque
1236 3677 1411 3734 festinabant
1432 3679 1576 3751 exsequias
1594 3682 1742 3753 perticere,

93 3774 342 3846 ttothamagenses
378 3777 630 3846 archimandritae,
672 3779 803 3834 Nicotaus
842 3779 877 3835 da
927 3780 956 3832 et
969 3779 1096 3831 actutum
1105 3790 1158 3830 sua
1169 3789 1235 3828 cum
1248 3787 1351 3845 pavore
1365 3772 1508 3844 mappalia
1521 3777 1660 3844 repetere.

57 3867 165 3924 Sancto
186 3868 337 3937 Audesne,
361 3875 389 3925 ct
407 3871 567 3927 Gualterius
591 3871 625 3928 de
645 3878 743 3928 monte
765 3872 876 3928 Sancta
962 3871 1031 3926 Ecce
1046 3867 1187 3924 subtiliter
1207 3865 1372 3938 investigavi
1392 3869 1420 3921 et
1437 3865 1576 3922 veraciter
1593 3869 1739 3926 enucleavi

57 3960 216 4030 Trinitatis,
235 3968 264 4019 et
282 3963 330 4017 alii
352 3964 457 4035 plures,
471 3982 540 4036 quas
561 3965 730 4021 nominatim
748 3965 876 4037 proferre
927 3980 991 4036 quse
1003 3963 1032 4018 in
1046 3963 1126 4034 lapsu
1144 3960 1223 4016 ducis
1237 3958 1420 4031 praeostendit
1440 3959 1587 4031 dispositio
1606 3961 1664 4016 ttei.
1678 3965 1739 4020 Nan

57 4056 233 4127 perlongum
254 4058 306 4111 est.
322 4057 424 4112 Omnes
446 4059 475 4113 hi
495 4060 530 4113 ad
545 4059 694 4130 exsequias
706 4058 808 4114 tamesi
824 4058 874 4114 ha·
925 4057 1043 4113 fictilem
1058 4054 1227 4127 tragaediam
1248 4053 1390 4118 venundo,
1405 4068 1463 4106 non
1478 4053 1589 4124 loquaci
1603 4057 1742 4113 comoedia

58 4149 136 4203 ranis
156 4155 365 4213 convenerunt,
386 4150 538 4223 ipsumque
560 4152 589 4206 iu
610 4151 786 4223 presbyterio
801 4151 878 4207 inter
927 4149 1162 4207 cachinnantibus
1180 4145 1310 4218 parasitis
1328 4144 1420 4212 faveo,
1437 4146 1485 4201 sed
1503 4146 1638 4203 studiosis
1657 4148 1742 4207 tecta·

57 4241 181 4297 chorum
196 4245 226 4296 et
239 4242 328 4298 altare
343 4244 527 4315 sepelierunt.
926 4244 1006 4298 rihns
1020 4241 1110 4298 varias
1123 4245 1242 4294 eventus
1255 4238 1395 4294 veraciter
1410 4238 1523 4294 intima.

91 4335 214 4407 Expleta
232 4334 327 4405 missa,
351 4353 416 4391 cnm
434 4337 497 4408 jam
515 4338 724 4409 sarcophagum
746 4337 775 4392 in
798 4341 875 4392 terra
962 4339 1038 4392 luter
1054 4349 1190 4406 prospera
1207 4336 1361 4404 patuerunt
1381 4331 1507 4400 adversa,
1521 4336 1553 4386 ut
1567 4336 1743 4390 terrerentur

57 4427 187 4483 locatum
203 4432 289 4497 esset,
303 4429 351 4484 sed
366 4447 469 4501 carpus
489 4431 582 4486 adhuc
601 4432 630 4486 in
648 4432 755 4487 feretra
766 4431 916 4506 jaceretl)
928 4429 1140 4500 terrigenarum
1154 4425 1249 4480 cerda.
1265 4425 1322 4479 Rex
1337 4423 1484 4495 qnondam
1503 4425 1605 4493 patens
1622 4431 1651 4480 et
1663 4425 1741 4482 belli·

59 4520 378 4592 magnus'Gislebertns
397 4523 573 4579 Ehraicensis
591 4524 751 4596 episcopus,
766 4525 794 4578 in
817 4523 878 4595 pul·
928 4539 1019 4589 casus,
1036 4519 1189 4591 multisque
1206 4516 1320 4589 populis
1339 4531 1390 4586 per
1407 4514 1502 4586 plures
1514 4515 1670 4587 provincias
1682 4534 1741 4574 me·

58 4617 153 4686 pitum
169 4615 306 4685 ascendit,
320 4621 349 4671 et
367 4617 507 4687 prolixam
523 4618 693 4673 locutionem
713 4618 749 4674 de
767 4617 878 4690 mugni-
928 4615 1061 4682 tuendus,
1078 4613 1106 4667 in
1128 4626 1195 4666 area
1208 4611 1299 4681 jacuit
1320 4608 1423 4672 nudus,
1444 4611 1473 4662 et
1493 4624 1510 4662 a
1528 4608 1585 4662 suis
1600 4625 1672 4680 quas
1693 4628 1740 4683 ge·

59 4707 175 4764 licentia
200 4707 327 4764 defuncti
346 4709 481 4781 principis
504 4711 670 4782 eloquenter
692 4711 845 4782 protelavit
868 4727 875 4766 ε
928 4711 1031 4766 nuerat
1043 4707 1086 4761 vet
1101 4707 1209 4760 aluerat
1227 4701 1387 4762 assuimus.
1405 4703 1468 4756 AEre
1480 4699 1573 4755 aliena
1587 4701 1616 4756 in
1626 4702 1741 4760 funebri

60 4801 137 4872 quad
151 4801 213 4873 ipsc
233 4802 305 4856 fines
322 4802 501 4858 Narmanuici
516 4803 591 4874 juris
610 4808 725 4859 strenue
746 4804 878 4860 ditatave-
927 4804 1005 4859 cultu
1018 4798 1154 4870 indiguit,
1169 4812 1222 4867 ape
1239 4793 1365 4865 gregarii
1383 4809 1433 4864 pra
1447 4793 1591 4864 sandapila
1608 4798 1638 4848 et
1652 4797 1742 4868 vespi-

59 4895 105 4962 rit,
119 4897 298 4966 gentemque
316 4911 395 4950 suam
415 4896 479 4966 plus
499 4911 585 4967 quam
601 4911 702 4951 omnes
720 4903 877 4953 antecessa—
927 4895 1052 4951 tionibus
1072 4887 1262 4947 conducendis
1277 4887 1364 4958 eguit,
1381 4886 1430 4957 qni
1446 4889 1488 4941 tot
1508 4886 1644 4942 hactenus
1656 4894 1684 4945 et
1697 4905 1741 4944 sn-

59 4987 169 5043 sessui
189 4986 391 5056 sublimaverit,
402 4988 543 5059 justitiam
566 4995 594 5043 et
615 5006 713 5060 pacem
729 4989 780 5045 suh
798 4989 877 5045 amrri
927 4987 1045 5061 perttuis
1065 4983 1166 5056 opibus
1187 4981 1272 5036 nimis
1287 4978 1452 5034 abundavit.
1468 4979 1556 5034 Secus
1576 4980 1739 5037 incendium

59 5079 170 5136 ditione
191 5096 243 5135 sua
259 5081 391 5147 tenuerit,
408 5082 485 5136 tures
497 5088 525 5137 et
540 5082 689 5152 predones
703 5082 781 5154 virga
797 5082 876 5138 recti·
926 5098 943 5136 a
966 5076 1158 5135 formidolosis
1181 5077 1277 5129 vectus
1298 5076 1342 5127 est
1362 5071 1399 5126 ad
1420 5071 1576 5141 basilicam,
1595 5073 1740 5148 liberoque

58 5173 167 5231 tudinis
191 5173 299 5228 utiliter
320 5174 506 5245 castigaverit,
531 5180 559 5230 at
583 5175 700 5230 clericas
723 5192 756 5229 ac
780 5191 877 5231 mana·
927 5173 997 5243 salo,
1013 5172 1062 5243 qui
1075 5175 1117 5226 tat
1134 5167 1252 5223 urbibus
1271 5172 1299 5222 et
1312 5164 1424 5236 oppidis
1439 5169 1468 5221 et
1483 5165 1548 5220 vicis
1564 5166 1740 5241 principatus

86 5307 121 5370 (a)
147 5304 199 5366 oui
221 5307 301 5354 tauta·
319 5305 445 5367 potentiss,
465 5305 556 5370 inquit
579 5306 742 5363 Eadmarus,
766 5306 795 5355 ιἰι
820 5307 877 5356 aito
926 5301 1049 5355 smucstta
1073 5300 1188 5351 delatum
1202 5301 1279 5360 tastt:
1299 5301 1323 5378 et
1336 5309 1409 5378 'cum
1433 5294 1540 5359 sepeliri
1560 5296 1672 5376 deberet,
1699 5299 1741 5362 ip·

57 5377 169 5434 mestit,
197 5379 227 5425 ut
254 5377 282 5424 ιἰι
306 5379 360 5426 tato
386 5376 496 5440 Aaqtia,
516 5378 546 5425 tn
571 5382 625 5429 tate
648 5377 878 5436 Necessitatem
925 5389 983 5426 sem
1008 5379 1107 5424 emam
1132 5368 1274 5435 sepulture
1298 5366 1374 5448 ithus
1394 5380 1413 5417 a
1435 5365 1551 5431 quadam
1572 5373 1670 5447 restrae
1686 5382 1741 5449 ¹ca-

56 5452 109 5500 tatu
124 5446 339 5499 commeasset
351 5445 443 5510 patrie
460 5460 537 5498 name
554 5453 648 5499 cantra
662 5448 801 5512 imperium
819 5447 877 5511 ejus
927 5446 1086 5498 tumulatum
1109 5439 1299 5505 (audicimus),
1313 5451 1374 5520 'qus
1403 5436 1653 5518 seplteredrterra
1677 5451 1741 5502 pura

58 5531 170 5571 mun
192 5530 297 5568 maeers
317 5517 435 5578 umet,
450 5532 512 5569 mae
531 5523 560 5569 ut
580 5519 730 5569 interram
752 5518 877 5584 spirituas
925 5513 1295 5578 rectamaaa,coaqusatuseat
1308 5507 1383 5559 ittam
1397 5507 1448 5559 aas
1458 5505 1636 5571 jamoltmub
1650 5509 1739 5560 cadem

57 5589 236 5642 mutares
249 5589 350 5652 positus
369 5593 415 5649 eat,
434 5588 469 5639 ch
492 5591 565 5640 amat
587 5590 700 5650 temtos,
713 5589 780 5642 sicut
803 5601 876 5641 acca·
925 5587 1030 5651 talaria
1045 5585 1128 5648 raum
1142 5580 1268 5634 obtutam.

56 5662 172 5727 ρίιιιι,
197 5671 253 5711 ussa
278 5657 334 5710 sota
359 5659 491 5711 dnatoeot
510 5661 640 5711 serviente
664 5665 772 5726 eccepto
797 5661 877 5712 ‹ters-
1148 5668 1219 5719 pom
1231 5665 1371 5726 Bouqnsr
1395 5662 1444 5713 tib.
1458 5675 1543 5727 v11,p.
1558 5663 1615 5714 623.

58 5731 149 5785 baon
162 5730 284 5784 eudem
304 5730 362 5793 qus
379 5730 437 5783 ειίισ
455 5732 527 5782 οιιιιιι·
545 5744 643 5796 pompa
663 5744 712 5797 per
724 5733 876 5796 sequanam

221 5819 362 5887 Persen.
381 5817 593 5887 clxxxviii.
1561 5816 1605 5873 ta
