3750 6046
138 156 208 223 1803
764 114 766 119 ⁴
812 158 951 217 dillille
970 158 1004 215 tv
1022 160 1136 216 PAPAE‘
1781 156 1837 214 tttt

171 287 233 357 ligo
248 283 383 343 Girardus
392 284 487 357 presb.
502 285 579 341 card.
596 283 641 339 tit.
656 283 685 339 S.
700 282 834 355 Stephani
848 283 878 337 in
891 285 953 339 Goe·
965 294 996 369 Α
1006 281 1137 351 nooicus,
1151 281 1290 354 magister
1301 282 1400 337 Petrus
1410 282 1547 339 delolnu
1562 276 1748 347 canonicus,
1759 282 1836 351 lyme

136 380 176 437 lio
191 381 294 435 Monte.
1005 375 1201 432 vicedominus
1225 376 1427 444 Gebenneusis,
1453 376 1608 432 amedeus
1632 374 1674 430 de
1693 373 1835 445 Naugiaco,

173 477 232 546 Ego
242 475 366 529 loannes
394 473 488 546 presb.
503 474 579 530 card.
593 473 637 528 tit.
660 473 828 528 Sanctorum
841 471 957 528 loannis
1005 471 1106 525 Petrus
1119 470 1156 526 de
1167 470 1322 542 blangiaco,
1342 471 1506 542 aymericus
1520 470 1560 526 de
1575 467 1748 541 Naugieoo,
1765 468 1835 525 Falco

137 573 167 624 et
181 567 260 623 Pauli
276 569 320 622 tit.
342 567 527 624 Pammacbii.
1004 564 1218 632 Turumbertus,
1232 565 1310 619 Cone
1319 564 1496 636 delluppe,a
1509 561 1745 636 gravaminibus
1754 578 1834 619 sacer

173 662 233 733 Ego
242 661 380 716 tierricus
390 662 567 733 presbcard.
576 660 621 716 tit.
633 661 683 717 SS.
696 661 778 715 Nerei
786 664 814 716 et
826 658 955 714 aaudiat.
1006 657 1106 713 dotum
1116 664 1144 713 et
1154 658 1339 714 diaconorum
1349 658 1401 714 tibi
1412 658 1548 714 acomite
1555 656 1655 712 illatis
1661 656 1835 728 incipientes,

173 756 367 826 Egotoannes
390 755 486 827 presb.
502 754 581 811 card.
609 755 651 810 tit.
673 757 767 811 Sanct.
792 752 915 811 Silvestri
929 756 958 809 et
1006 752 1142 823 quoniam
1162 755 1192 806 tu
1216 751 1320 806 exinde
1343 751 1556 823 querirnoniarn
1579 751 1717 817 feceras,
1740 750 1779 805 ita
1798 752 1834 805 in·

135 848 258 904 ldartini.
1007 847 1051 900 ter
1076 861 1124 899 vos
1147 849 1383 917 composuerunt,
1412 849 1443 900 ut
1463 846 1487 900 si
1508 844 1645 901 tendum
1671 845 1720 899 rel
1741 847 1836 901 terren

174 945 232 1015 Ego
247 941 447 998 aldebrandus
471 943 567 1016 presb.
582 943 659 998 card.
687 944 730 998 tit.
746 941 871 997 Besilieoe
884 940 956 996 duo·
1006 939 1116 994 comitis
1135 939 1295 994 sacerdotes
1315 940 1358 994 rel
1385 939 1496 995 diaconi
1510 942 1672 1005 tenerent,
1687 938 1786 993 eidem
1808 956 1834 993 er

139 1036 232 1092 decim
247 1037 459 1109 Apostolorum.
1007 1049 1090 1105 teque
1109 1033 1266 1100 servirent;
1288 1033 1392 1087 sivero
1416 1039 1525 1107 terram
1541 1033 1609 1104 ejus
1626 1030 1780 1087 dimittere
1790 1034 1835 1087 rel

172 1131 233 1201 ligo
252 1129 313 1185 Odo
336 1129 408 1187 diac.
430 1130 506 1186 card.
522 1130 620 1186 Sancti
630 1130 744 1201 Georgii
768 1129 903 1201 martyris
921 1129 957 1185 ad
1007 1128 1075 1195 lent,
1099 1126 1298 1182 investituram
1319 1125 1505 1194 dimitterent,
1522 1132 1553 1182 et
1566 1126 1744 1182 secundum
1768 1126 1833 1198 quod

137 1223 238 1278 velum
253 1227 390 1279 aureum.
1007 1221 1043 1275 ab
1064 1237 1098 1277 eo
1122 1224 1283 1287 tonuerunt,
1304 1225 1485 1276 usamentum
1502 1221 1657 1287 facerent,
1679 1224 1711 1275 et
1725 1219 1766 1275 sie
1788 1222 1833 1292 epi

174 1318 235 1388 Ego
249 1317 415 1389 liudulphus
431 1318 502 1375 dieo.
519 1318 596 1373 card.
608 1319 634 1375 S.
646 1318 868 1389 LuciaeinSepta
879 1318 954 1373 solis.
1008 1331 1094 1386 scopo
1116 1318 1145 1369 et
1168 1314 1295 1370 ecclcsiae
1317 1315 1494 1369 Gebennensi
1517 1314 1549 1369 in
1564 1330 1646 1386 pace
1672 1329 1727 1385 per
1748 1318 1832 1369 omnia

173 1412 233 1483 Ego
245 1412 334 1468 Guido
350 1411 423 1468 diac.
445 1413 520 1468 card.
534 1416 562 1469 S.
575 1413 670 1468 lierioe
685 1413 713 1467 in
730 1412 851 1467 Porticu.
1007 1416 1201 1464 remanerent.
1225 1408 1297 1473 Quia
1319 1408 1405 1464 etiem
1421 1423 1518 1464 comes
1539 1408 1693 1464 adversus
1706 1412 1735 1463 te
1752 1409 1832 1481 quen·

176 1505 235 1576 Ego
250 1504 398 1561 lacinthus
412 1505 486 1561 diac.
501 1505 577 1561 card.
602 1506 629 1561 S.
644 1504 738 1561 Mariae
751 1505 780 1559 in
793 1505 957 1562 Cosmedin.
971 1568 977 1577 .
1008 1503 1135 1557 moniam
1160 1504 1276 1570 feceret,
1296 1503 1386 1574 quoad
1403 1518 1461 1569 eos,
1478 1502 1530 1573 qui
1542 1502 1650 1558 servili
1673 1502 1830 1558 conditione

174 1599 233 1670 ligo
246 1599 342 1654 Adicio
358 1599 432 1655 disc.
448 1600 525 1654 card.
543 1599 637 1655 Sancti
650 1598 803 1655 Theodori.
1007 1597 1051 1650 sui
1065 1600 1156 1663 erant,
1168 1596 1361 1662 ordinaveras,
1380 1612 1467 1668 super
1480 1596 1536 1652 hoo
1552 1596 1598 1651 ila
1614 1602 1664 1651 est
1678 1596 1829 1661 delinitum,

174 1693 233 1763 Ego
248 1694 318 1749 Boso
333 1692 405 1749 diac.
419 1693 498 1748 eard.
513 1694 562 1749 88.
578 1694 686 1749 Cosmae
701 1698 730 1748 et
743 1692 884 1750 Damiani.
966 1666 995 1738 Β
1008 1693 1039 1745 ut
1053 1691 1181 1761 quiante
1194 1689 1355 1745 sacerdotes
1369 1691 1413 1744 rel
1431 1690 1542 1746 diaconi
1564 1689 1701 1746 ordinati
1715 1691 1828 1757 fuerant,

175 1788 235 1858 Ego
248 1786 462 1843 albertusdiao.
479 1787 556 1843 cerd.
573 1787 601 1843 S.
617 1787 742 1842 Adriani.
1007 1786 1037 1839 in
1059 1800 1128 1855 pace
1150 1784 1199 1839 tibi
1222 1783 1443 1850 dimitterentur,
1457 1790 1486 1839 et
1508 1784 1659 1856 deinceps
1682 1800 1828 1839 serrosco

175 1880 278 1934 Datum
292 1880 423 1935 Laterani
439 1896 489 1952 prr
503 1897 618 1935 manum
634 1880 763 1948 Rolaodi,
778 1883 883 1935 sanctae
899 1881 956 1936 llo-
1007 1878 1094 1945 mitis,
1111 1878 1153 1933 rel
1174 1893 1302 1945 suorum,
1321 1877 1375 1932 uisi
1401 1894 1501 1933 eorum
1525 1894 1656 1933 assensu
1677 1879 1829 1934 nullatenus

139 1989 233 2028 mane
248 1973 376 2029 Ecclesiae
391 1974 488 2046 presb.
503 1974 580 2029 card.
596 1978 626 2029 et
637 1974 753 2029 cancell.
768 1991 802 2029 xr
817 1975 957 2030 Kalendas
1008 1971 1164 2027 ordinares.
1181 1973 1220 2026 lle
1245 1970 1328 2027 leudo
1348 1987 1463 2043 quoque
1484 1971 1677 2028 decimarum
1698 1988 1828 2043 conques-

137 2066 224 2132 lunii‚
239 2066 336 2121 indict.
351 2083 378 2134 v,
399 2067 602 2123 iucarnationis
615 2067 770 2123 Dominicis·
785 2085 861 2124 onno
877 2072 955 2138 litu,
1008 2070 1052 2121 tus
1066 2069 1109 2121 est
1124 2082 1229 2133 comes,
1245 2065 1294 2121 sed
1315 2065 1383 2138 quia
1397 2064 1604 2136 praetendebas
1630 2065 1827 2123 definitionem

138 2159 317 2231 pontificatus
340 2177 405 2216 vero
435 2160 535 2217 domni
557 2161 673 2218 Adriani
705 2178 785 2235 papae
813 2164 857 2230 IV,
882 2178 957 2217 auno
1007 2176 1059 2230 per
1078 2158 1314 2230 compositionem
1335 2175 1420 2231 super
1438 2159 1512 2230 ipsas
1531 2159 1670 2215 decimas
1694 2176 1713 2214 a
1736 2160 1828 2215 comite

138 2252 235 2307 tertio.
1007 2252 1059 2309 tibi
1072 2253 1176 2308 iactam
1198 2268 1271 2321 esse,
1300 2251 1484 2324 impositum
1511 2256 1567 2321 est,
1587 2259 1623 2310 ιιι
1649 2254 1827 2326 compositio·

497 2327 604 2382 (ffil-
1003 2364 1074 2402 nem
1093 2363 1154 2401 esse
1174 2347 1278 2401 iactam
1301 2346 1464 2402 ostenderes
1485 2352 1516 2402 et
1535 2347 1773 2414 teneretur;.sio
1786 2364 1827 2401 au·

137 2423 262 2516 3⁶5²&ae
285 2424 444 2518 Genwf'llffl
463 2428 657 2518 Pf⁰i⁰⁶²f⁰²²0m
676 2429 798 2497 διιςΰιῬῑῑι
811 2442 956 2498 pacemque
1005 2446 1064 2497 tem
1083 2440 1204 2497 feudum
1229 2440 1403 2495 decimarum
1432 2440 1531 2496 comiti
1558 2440 1742 2509 dimitteres,
1763 2441 1828 2496 salso

174 2509 248 2560 ‘me'
274 2504 425 2560 A'dmm
449 2521 604 2576 ‘'pm‘'pum
618 2512 643 2562 θ’
662 2507 810 2564 medium
835 2510 956 2563 ⁶⁰mi²⁰m
1005 2535 1123 2607 quidem
1136 2532 1359 2606 episcopalijure
1373 2538 1401 2588 et
1410 2535 1575 2604 apostolicos
1590 2534 1675 2591 sedis
1687 2535 1827 2591 mandato.

175 2583 349 2642 Genwemem
366 2586 470 2652 mmm
486 2587 636 2698 mim&
1004 2630 1045 2685 'lu
1059 2644 1126 2684 vero
1140 2632 1204 2699 post
1226 2628 1286 2682 boec
1307 2627 1394 2682 aliam
1416 2628 1591 2700 proposuisti
1620 2628 1826 2701 querimoniam

390 2687 541 2801 (Latffmm’
566 2688 630 2743 nau
649 2688 705 2760 m
1005 2723 1041 2778 ds
1056 2722 1153 2777 castris
1168 2737 1253 2793 super
1264 2720 1381 2777 ecclesia
1394 2738 1411 2776 a
1422 2721 1528 2777 comite
1542 2738 1645 2793 nuper
1652 2722 1826 2789 consuestis,

319 2791 410 2863 (Μ’
424 2794 492 2848 3¹³⁸·
507 2791 539 2847 de
550 2791 661 2855 Gemi
671 2792 705 2859 ¹¹¹
724 2792 774 2861 “i
1005 2820 1033 2872 et
1048 2818 1083 2872 de
1096 2816 1235 2872 ll'illelmo
1263 2817 1297 2871 de
1310 2815 1438 2871 llarrello
1457 2815 1539 2886 cujus
1558 2815 1724 2871 hominurn
1742 2832 1825 2872 comes

172 2902 601 2974 ADWUS0P5⁸⁰⁰P¹1⁸2⁸0PV⁰³
621 2917 769 2957 selmum
789 2902 848 2973 ⁰05,
865 2919 952 2958 ιθῡθ·
1005 2911 1131 2967 indebite
1152 2916 1310 2981 acceperet,
1335 2913 1364 2965 ct
1383 2909 1503 2980 proinde
1523 2909 1561 2964 ab
1576 2910 1706 2966 ecclesia
1725 2911 1823 2966 Geben-

139 2995 221 3051 rabili
239 2995 318 3051 tratri
330 2999 455 3053 Aeoouro
479 2994 659 3051 Gebennensi
675 2995 817 3068 episcopo,
833 2997 991 3109 sulutemC
1004 3004 1086 3060 nemi
1098 3005 1178 3077 eujus
1191 3020 1242 3076 per
1256 3004 1353 3059 omnia
1373 3019 1431 3059 esse
1450 3003 1614 3074 debuerat,
1632 3004 1807 3060 alienaverat
1815 3022 1822 3072 ;

138 3086 363 3161 02³P⁰³l011052111
376 3089 615 3144 Ῐιθῦθᾶίθῑίθῐιθῐΰ·
1004 3099 1070 3156 inde
1093 3099 1231 3154 nimirum
1253 3097 1364 3171 praeiati
1384 3098 1606 3153 concordatores
1618 3100 1662 3154 sic
1688 3100 1726 3155 de
1738 3100 1823 3154 caseis

174 3182 321 3247 Quotiesa
342 3182 477 3238 iratribus
499 3182 835 3256 nostrisepiscopistalis
855 3191 952 3256 postu·
1004 3199 1238 3265 composnerunt,
1265 3195 1298 3247 ιιι
1322 3207 1500 3264 quecunque
1530 3207 1624 3263 super
1650 3196 1762 3249 terram
1783 3209 1822 3248 ec·

137 3276 253 3345 Ῑῦὓῑῦιι
282 3293 347 3349 <1⁰oe
379 3276 506 3349 ae‘lustini
534 3278 709 3333 ⁰⁰¹1V0¹¹l³112
730 3285 758 3333 θῑ
788 3294 805 3333 ³
837 3278 953 3335 talionis
1004 3287 1097 3343 clesiae
1120 3303 1174 3360 per
1198 3286 1334 3342 comitem
1363 3287 1525 3341 constructa
1555 3286 1691 3356 fuerant,
1718 3287 1821 3360 sipro·

139 3371 251 3426 tramite
265 3386 326 3427 uon
340 3370 487 3438 recedent,
503 3371 583 3428 decet
595 3387 649 3428 nos
663 3372 760 3427 animo
775 3372 876 3428 libenti
889 3390 955 3428 con·
1003 3376 1066 3432 bari
1092 3379 1206 3448 posset,
1229 3375 1347 3430 omnino
1380 3374 1623 3441 destruerentur;
1652 3376 1821 3449 alioquiosi

137 3468 249 3536 cedere,
272 3472 301 3523 et
314 3485 415 3525 eorum
438 3475 504 3526 rota
525 3473 637 3541 oportet
650 3486 711 3538 uos,
735 3469 837 3527 ellectu
857 3471 953 3542 operis
1003 3470 1209 3539 superterram
1224 3466 1562 3534 comitisereetaessent,
1589 3466 1716 3540 integra
1738 3484 1820 3524 reme·

135 3568 330 3634 prosequente
354 3564 508 3634 complere.
530 3564 697 3635 llapropter,
728 3564 896 3620 venerabilis
923 3565 953 3620 in
1003 3560 1168 3629 percutite
1189 3576 1258 3615 seue
1272 3559 1349 3632 quod
1362 3559 1447 3614 rebus
1459 3558 1585 3615 ecclesie
1610 3560 1642 3617 in
1660 3562 1762 3635 aliquo
1773 3579 1820 3618 non

136 3655 247 3712 Christo
268 3657 358 3713 irater
372 3658 516 3729 episcope,
536 3657 621 3728 justis
636 3658 872 3730 postulationibus
897 3660 953 3714 tuis
1003 3658 1151 3710 nocerent.
1167 3655 1308 3710 Praeterea
1323 3654 1357 3709 de
1371 3653 1510 3709 Willelmo
1522 3654 1714 3712 llerrailensi
1728 3658 1768 3713 ita
1788 3662 1821 3713 est

138 3751 219 3822 grato
248 3756 449 3807 concurrentes
477 3766 592 3806 assensu
625 3768 781 3823 personam
810 3758 898 3821 tuam,
925 3756 954 3808 et
1003 3747 1179 3818 ordinatum,
1193 3752 1226 3803 ut
1239 3747 1306 3820 quia
1318 3747 1361 3803 rir
1374 3747 1479 3803 nobilis
1497 3752 1552 3816 est,
1567 3748 1594 3803 si
1608 3750 1700 3806 vellet
1713 3751 1820 3807 ieudnnr

136 3843 317 3898 commissam
332 3843 383 3898 tibi
399 3844 548 3899 ecclesiam
569 3844 620 3899 suh
635 3844 710 3899 beuti
726 3845 800 3901 Petri
813 3849 841 3901 et
856 3848 954 3900 nostra
1002 3842 1113 3897 comitis
1133 3842 1300 3909 dimitteret,
1325 3847 1354 3898 et
1377 3841 1505 3897 hominio
1525 3843 1647 3899 comilis
1660 3843 1746 3901 irrito
1759 3846 1820 3901 eeu

137 3935 310 4007 protectione
338 3936 508 4009 suscipimus
536 3941 565 3993 et
593 3937 740 4009 proesentis
770 3938 866 4009 scripti
901 3956 950 4011 pa·
1002 3936 1038 3993 ed
1066 3936 1261 3994 Gebenneusis
1295 3935 1422 3991 ecclesie
1447 3934 1615 3993 dominium
1643 3942 1675 3995 el
1704 3939 1820 4013 episcopi

137 4029 258 4085 trocinio
283 4032 504 4086 communimus.
529 4032 771 4103 compositionem
799 4048 865 4088 reru
888 4050 952 4104 quae
1002 4030 1109 4087 rediret
1123 4049 1131 4101 ;
1162 4030 1185 4085 si
1212 4030 1311 4086 mallet
1340 4030 1458 4085 feudum
1488 4030 1607 4087 comitis
1634 4038 1665 4089 et
1694 4035 1819 4106 ejusde

136 4122 255 4177 intorte
269 4123 444 4180 etdiiectom
458 4124 549 4180 lilium
566 4129 697 4181 nostrum
718 4126 846 4182 nobilem
860 4127 953 4183 virum
1004 4125 1126 4179 minium
1149 4127 1249 4179 tenere
1275 4123 1394 4179 feudum
1421 4122 1547 4179 ccclesias
1570 4124 1603 4179 in
1636 4143 1711 4198 pace
1733 4128 1820 4184 dimit·

136 4216 293 4271 amedeum
306 4217 524 4274 Gebenuensem
538 4220 671 4275 comitem
687 4219 716 4274 in
733 4221 884 4291 presentia
902 4237 951 4276 re·
1002 4223 1086 4286 teret,
1110 4224 1138 4274 et
1160 4218 1263 4274 exinde
1286 4218 1392 4273 nullam
1413 4217 1597 4274 eructionem
1622 4236 1725 4278 comes
1741 4223 1818 4278 ecole-

136 4309 308 4365 nembilium
331 4312 453 4367 fratrum
486 4318 650 4369 nostrorum
674 4313 701 4369 S.
730 4313 895 4369 Viennensis
918 4316 950 4370 E.
1002 4312 1051 4367 sicu
1071 4312 1185 4368 iaceret.
1209 4314 1367 4368 ilecaetero
1387 4311 1567 4383 querimonia
1590 4314 1821 4372 comitisfuitda

136 4403 344 4475 Lugdunensis,
368 4410 398 4461 et
422 4407 454 4462 P.
479 4406 701 4462 Tarentasiensis
723 4407 950 4480 archiepiscopo·
961 4409 992 4482 D
1003 4407 1060 4462 lilio
1073 4407 1208 4479 llaynerii
1221 4423 1307 4478 quem
1320 4406 1384 4461 tuei
1397 4405 1566 4473 abstuleras,
1582 4423 1678 4480 super
1691 4427 1750 4484 quo
1763 4411 1821 4466 satis

136 4513 219 4567 rom,
232 4499 270 4565 ,1.
301 4498 554 4572 Gratianopolitani
575 4504 604 4556 et
632 4501 777 4557 Guillolrni
800 4501 951 4558 belicensis
1001 4500 1038 4556 ad
1066 4500 1182 4572 plenum
1208 4517 1225 4556 a
1249 4505 1275 4556 te
1302 4514 1472 4571 responsum
1499 4502 1544 4555 est
1567 4498 1724 4576 habitum,
1752 4505 1820 4560 ride·

136 4590 346 4664 episcoporum,
357 4594 793 4667 etquorumdamreligiosorum
804 4595 951 4667 abbatum,
999 4595 1065 4650 licet
1077 4594 1153 4666 quod
1181 4599 1273 4651 mater
1292 4593 1328 4650 od
1341 4593 1460 4650 domum
1476 4592 1683 4653 Gebenneusis
1704 4600 1821 4656 ecclesie

135 4700 222 4757 super
235 4686 408 4768 quibusdam
429 4688 627 4744 controversiis
648 4705 712 4760 quae
732 4690 807 4745 inter
818 4705 867 4744 ros
881 4705 949 4761 ege·
1000 4688 1148 4757 attinebat,
1163 4693 1192 4744 et
1212 4691 1329 4760 propter
1344 4688 1400 4743 hoc
1421 4686 1480 4742 lilio
1491 4687 1638 4760 ideyuerii
1651 4690 1777 4749 feudum
1788 4710 1823 4749 eu

135 4777 250 4850 bantur,
266 4779 414 4852 utriusque
428 4780 517 4852 perlis
529 4798 647 4838 assensu
660 4782 865 4838 rationabiliter
876 4783 951 4840 iacta
1000 4784 1094 4841 clesios
1118 4783 1246 4850 dederat,
1260 4782 1329 4855 quia
1351 4799 1385 4837 ex
1400 4784 1481 4854 parte
1504 4784 1608 4838 matris
1631 4787 1823 4858 quaesiemts

135 4871 279 4943 est,iu1ta
302 4877 358 4929 tua
379 4874 575 4946 postulationis
591 4875 764 4945 instantiam,
781 4876 832 4932 tibi
857 4879 886 4932 et
900 4893 950 4948 per
998 4879 1033 4934 ad
1051 4877 1145 4950 ipsum
1154 4876 1309 4947 spectabat.
1323 4876 1458 4941 Quocirca
1473 4876 1601 4947 positum
1616 4885 1672 4951 est,
1685 4882 1712 4936 si
1725 4897 1822 4946 comes,

135 4969 163 5020 te
178 4966 302 5022 ecclesiae
316 4968 483 5024 auctoritate
506 4969 660 5039 apostolica
679 4969 882 5025 confirmamus
899 4987 948 5026 cu·
999 4972 1094 5044 ipsum
1118 4970 1210 5025 lilium
1233 4969 1367 5042 lisynerii
1383 4969 1488 5025 bebere
1512 4970 1611 5040 vellet,
1637 4972 1690 5029 ille
1710 4975 1823 5033 feudum

131 5058 179 5130 jus
201 5060 331 5116 videlicet
352 5061 564 5133 compositionis
584 5067 677 5132 tenor,
699 5063 771 5118 sicut
797 5062 827 5118 in
842 5064 946 5119 instru·
1000 5064 1126 5121 ecclesia.
1141 5065 1176 5120 ad
1198 5080 1299 5137 pacem
1312 5063 1477 5132 dimitteret,
1494 5068 1560 5119 cta
1587 5066 1701 5125 comite
1724 5070 1769 5125 rel
1791 5068 1823 5124 ab

134 5156 231 5209 mento
252 5155 354 5210 exinde
374 5155 449 5211 iacto
470 5156 643 5226 continetur,
659 5156 688 5211 in
709 5157 949 5230 subsequentibus
999 5159 1093 5231 aliquo
1115 5158 1194 5213 nulla
1209 5174 1242 5213 ex
1269 5158 1322 5214 boc
1345 5156 1509 5230 greramioo
1533 5158 1669 5217 ecclesie
1685 5162 1822 5220 inferren-

133 5244 278 5302 inrenitor
288 5264 426 5305 annexus.
440 5248 596 5305 Praediclus
606 5249 746 5323 siquidem
757 5251 950 5307 fraternoster
1000 5258 1056 5309 tur.
1074 5255 1160 5308 Porro
1174 5252 1209 5307 de
1222 5251 1387 5307 hominibus
1401 5257 1430 5307 et
1443 5250 1528 5307 terris
1543 5254 1678 5311 ecclesiia
1691 5274 1711 5313 a
1722 5259 1824 5315 comite

133 5339 235 5394 Petrus
266 5341 489 5399 tarentasiensis
528 5344 756 5418 archiepiscopus
791 5351 821 5402 et
856 5345 949 5402 dilecti
1000 5354 1027 5404 et
1042 5347 1129 5402 esuis
1142 5345 1307 5419 interceptis
1320 5352 1349 5402 et
1370 5346 1547 5418 superceptis
1560 5362 1579 5403 s
1594 5350 1825 5422 toquemmouia

134 5430 185 5487 liiii
218 5434 306 5489 nostri
335 5436 514 5494 almadricus
550 5441 714 5510 precentor
753 5439 949 5497 Gebenneusis
1001 5440 1132 5513 deposita
1151 5440 1216 5508 tuit,
1243 5456 1330 5512 super
1350 5438 1498 5496 communi
1521 5441 1649 5499 consilio
1677 5446 1823 5520 composi·

133 5525 270 5593 ecclesie,
284 5532 313 5583 et
325 5529 482 5586 willelmus
496 5531 619 5588 Alberici
632 5531 765 5604 decanus,
781 5533 949 5591 lambertus
1000 5539 1096 5590 lorum
1117 5526 1227 5590 dictum
1249 5533 1314 5602 luit,
1338 5537 1370 5589 ut
1390 5533 1421 5589 in
1445 5533 1551 5606 quibus
1563 5536 1704 5607 partibus
1714 5540 1823 5597 Geben-

133 5620 169 5677 de
181 5618 332 5677 Αιιιιιιίιιο
349 5621 485 5691 domnus,
502 5628 533 5681 et
542 5626 675 5683 analdus
685 5627 819 5698 domnus,
833 5628 948 5686 Goelle-
999 5628 1097 5684 nensis
1108 5627 1288 5700 episcopatus
1308 5626 1471 5699 hujusmodi
1484 5630 1686 5689 controversia
1699 5632 1822 5691 habebas

131 5714 194 5777 rius
205 5714 359 5774 cmonicus
369 5720 400 5777 st
408 5717 579 5794 oepetlmus,
592 5719 711 5781 Pontius
723 5721 760 5781 ds
772 5721 893 5799 Filiogio
904 5739 949 5783 ca·
1000 5726 1055 5797 tur,
1067 5738 1121 5803 pro
1141 5721 1335 5785 examinando
1356 5721 1477 5791 raritate
1488 5720 1565 5787 circe
1579 5712 1718 5791 locorum
1727 5726 1822 5797 allicis
