3750 6046
29 258 33 267 1
63 184 121 247 800
486 190 642 251 HISTORIA
661 192 927 252 tccthsrasrtca
942 223 977 237 -
990 196 1077 253 PARS
1093 196 1138 253 ill.
1153 224 1188 239 -
1201 197 1266 256 tta.
1286 196 1344 257 xli.
1698 196 1750 258 890

63 314 156 371 llante
178 314 346 387 aggregata,
369 330 406 372 vu
429 316 569 373 Kalendas
594 317 756 374 Decembris
780 317 883 393 [itaet
895 319 1098 410 Aintenderet
1122 321 1215 378 cursui
1239 321 1389 395 dirigendo
1411 340 1464 395 per
1487 323 1613 397 pelagus,
1636 322 1749 397 ingenti

64 406 161 480 prima
184 408 305 465 statione
327 410 427 480 noctis,
450 427 497 467 rex
521 415 550 467 et
573 412 690 468 comites
715 413 775 483 ejus
800 428 886 469 neves
936 430 1000 470 saxo
1021 416 1097 487 quod
1119 416 1246 488 quotidie
1270 416 1358 472 ilucln
1380 418 1530 474 recedente
1554 418 1696 490 detegitur
1719 422 1748 477 et

62 500 255 572 intraverunt,
268 505 297 559 et
310 504 423 559 carbasa
437 522 549 562 sursum
568 507 659 563 levata
674 506 764 562 ventis
785 507 815 562 in
834 522 885 579 pe·
935 524 1033 563 rursus
1059 525 1174 566 accessu
1203 509 1288 565 maris
1307 510 1482 583 cooperitur,
1503 511 1649 569 sinistrum
1675 512 1750 569 latus

60 594 131 667 tago
146 597 363 667 commiserunt,
379 605 408 656 et
422 616 505 656 mane
519 601 665 674 angliam,
680 601 783 679 quibus
796 618 814 657 a
828 602 886 657 lieo
934 602 1166 660 Candida-Navis
1180 605 1364 662 vehementer
1382 605 1490 661 illisum
1508 612 1559 676 est,
1580 606 1747 663 confractis·

60 706 233 747 concessum
248 693 311 763 init,
326 694 479 765 amplexati
493 701 571 751 sunt.
588 697 618 751 ln
633 696 682 752 illa
700 695 886 767 navigatione
935 694 990 768 que
1011 696 1120 752 duabus
1138 698 1249 767 tabulis,
1267 716 1301 756 ex
1319 699 1476 773 insperato,
1492 698 1580 769 navis,
1600 700 1672 771 proh
1693 699 1746 756 da·

58 785 143 841 triste
162 785 353 842 intortunium
373 788 502 859 contigit,
518 789 595 861 quod
618 790 721 845 multos
742 790 833 845 luctus
855 796 886 851 et
934 790 995 845 lori
1018 791 1152 847 subversa
1173 797 1225 848 est.
1249 793 1354 850 Omnes
1381 793 1469 865 igitur
1491 794 1522 849 in
1548 799 1626 849 tanto
1652 793 1749 849 discri-

57 880 287 937 innumerabiles
299 882 439 954 lacrymas
453 882 560 939 elicuit.
574 884 709 953 Thomas,
724 883 800 939 illius
817 886 884 941 Sta·
934 883 1011 940 mine
1026 884 1109 940 simul
1123 886 1365 957 exclamaverunt;
1383 886 1433 943 sed
1446 904 1520 959 aqua
1532 903 1597 942 mor
1610 887 1747 960 implente

57 974 162 1047 phani,
183 991 281 1047 regem
302 975 380 1046 adiit,
404 977 486 1049 eique
511 993 639 1033 marcum
661 979 723 1033 auri
748 978 882 1050 offerens,
934 993 995 1048 ora,
1016 979 1122 1050 pariter
1136 980 1293 1051 perierunt.
1316 982 1374 1037 [luo
1394 981 1446 1037 soli
1468 980 1555 1053 virgas
1577 998 1632 1053 qua
1651 980 1748 1037 velum

57 1069 99 1125 ait
116 1086 124 1125 :
141 1069 341 1141 «Stephanus,
357 1069 469 1126 hirardi
483 1070 569 1141 lilius,
589 1072 704 1144 genitor
718 1088 800 1128 mous
815 1073 881 1145 tuit,
933 1071 1075 1144 pendebat
1087 1088 1190 1129 manus
1208 1073 1378 1146 injecerant,
1394 1080 1423 1131 et
1440 1090 1545 1147 magna
1562 1074 1654 1131 noctis
1667 1078 1748 1146 parte

60 1168 91 1218 et
110 1163 216 1235 ipsein
230 1163 380 1220 omnivita
394 1165 595 1237 strapatrituo
618 1167 648 1221 in
664 1167 737 1221 mari
758 1166 880 1223 servivit.
934 1165 1108 1238 pendentes,
1138 1166 1276 1223 auxilium
1308 1168 1456 1241 quodlibet
1485 1168 1637 1241 prestolati
1667 1170 1745 1227 sunt.

57 1256 132 1312 Nam
152 1257 243 1326 illum,
258 1258 287 1313 in
305 1275 355 1313 aaa
373 1274 468 1332 puppe
484 1262 606 1329 vectum,
621 1258 649 1315 in
663 1259 792 1333 angliam
812 1277 881 1316 con·
933 1260 1010 1315 Unus
1024 1264 1086 1316 erat
1105 1262 1340 1334 itothomagensis
1357 1263 1495 1331 carnifex,
1516 1262 1633 1318 nomine
1650 1262 1746 1317 Beroi-

57 1351 156 1420 duxit,
183 1352 297 1425 quando
319 1356 418 1408 contra
446 1353 598 1409 llaraldum
624 1358 819 1426 pugnaturus,
852 1355 882 1410 in
933 1354 995 1423 das,
1017 1358 1046 1409 et
1064 1354 1138 1410 alter
1157 1371 1311 1427 generosus
1331 1373 1412 1429 puer,
1434 1356 1551 1413 nomine
1570 1354 1745 1426 Goislredns,

57 1446 196 1518 angliam
216 1446 351 1518 perrexit.
374 1446 540 1518 Huiusmodi
559 1450 656 1503 autem
674 1447 768 1504 allicio
790 1464 881 1521 usque
932 1446 1082 1503 Gisleberti
1095 1447 1131 1503 de
1143 1448 1339 1520 Aquilalilius.

56 1539 96 1596 ad
114 1542 239 1595 mortem
259 1540 423 1596 famulando
443 1542 471 1595 ei
490 1541 606 1611 placuit,
628 1546 657 1596 et
671 1542 706 1596 ab
727 1558 761 1597 eo
782 1541 881 1597 multis
967 1543 1044 1597 Tunc
1057 1542 1126 1597 luna
1144 1542 1174 1597 in
1194 1543 1277 1614 signo
1300 1543 1385 1599 Tauri
1407 1559 1484 1600 nona
1507 1543 1617 1599 decima
1628 1543 1692 1613 tuit,
1717 1545 1747 1600 et

56 1634 216 1690 honoratas
229 1634 344 1703 exeniis,
359 1634 434 1689 inter
452 1634 625 1690 contribules
641 1651 706 1690 suos
726 1635 880 1707 magnifice
931 1635 990 1691 iere
1000 1653 1029 1691 rr
1045 1635 1123 1691 horis
1137 1636 1226 1692 radiis
1244 1636 1302 1692 suis
1318 1637 1459 1693 mundum
1477 1636 1636 1707 illustravit,
1651 1644 1680 1693 et
1694 1654 1747 1693 ua·

58 1728 169 1785 florarii.
193 1729 248 1784 iioc
269 1728 399 1798 tendum,
415 1727 530 1784 domine
552 1746 611 1799 rex,
632 1735 689 1785 ate
706 1730 830 1800 requiro,
852 1732 919 1804 etss
931 1729 1092 1802 vigentibus
1107 1730 1326 1787 marelucidum
1345 1730 1477 1788 reddidit.
1493 1731 1616 1787 Thomas
1628 1733 1745 1788 nauale·

59 1840 110 1880 vas
132 1822 210 1895 quod
228 1822 451 1880 Candida-Navis
471 1823 641 1894 appellatur,
657 1823 760 1878 merito
779 1823 816 1878 ad
834 1840 880 1880 re·
932 1841 979 1879 rus
1002 1828 1065 1896 post
1093 1824 1218 1896 primam
1240 1825 1466 1881 submersionem
1489 1824 1561 1881 vires
1583 1825 1747 1898 resumpsit,

58 1917 158 1989 galam
179 1916 350 1972 famulatum
371 1916 480 1989 optime
500 1915 668 1972 instructum
683 1916 786 1973 habea.
803 1939 817 1967 a
831 1917 881 1973 Cui
932 1918 1032 1990 suique
1047 1933 1167 1988 memor,
1182 1935 1268 1991 super
1280 1920 1369 1975 undas
1383 1922 1469 1992 caput
1480 1918 1590 1988 extulit,
1604 1924 1633 1976 at
1648 1918 1748 1976 videns

58 2028 110 2066 rex
125 2010 187 2066 ait:
208 2032 222 2061 u
238 2010 354 2066 Gratum
373 2010 464 2066 habeo
483 2011 560 2082 quod
578 2010 662 2083 petis.
678 2010 745 2067 idihi
764 2010 881 2083 quidem
931 2012 1025 2083 capita
1045 2028 1146 2067 eorum
1166 2012 1215 2085 qui
1235 2012 1313 2084 liguo
1333 2015 1475 2086 utcunque
1493 2013 1681 2082 inherebant,
1700 2013 1747 2068 in·

59 2108 158 2176 aptam
177 2103 271 2159 navim
292 2103 374 2175 elegi,
397 2120 483 2175 qaam
505 2121 562 2159 non
586 2104 719 2171 martabo;
740 2104 788 2160 sed
806 2103 880 2160 tilios
931 2104 1105 2176 terrogavit:
1120 2126 1135 2155 a
1153 2104 1239 2161 Filius
1256 2105 1333 2179 regis
1352 2106 1422 2179 quid
1436 2105 1573 2163 devenit?
1586 2130 1601 2159 n
1617 2107 1747 2178 Cumque

59 2214 152 2266 meos,
180 2197 360 2253 Guillelmum
383 2202 412 2253 ct
434 2197 616 2264 llichardum,
641 2215 711 2270 quos
735 2198 805 2253 sicut
832 2214 879 2255 me
932 2198 1065 2270 naufragi
1079 2198 1291 2271 respondissent
1305 2199 1385 2256 ilium
1399 2216 1465 2256 eum
1482 2200 1615 2257 omnibus
1631 2200 1748 2273 collegis

59 2292 242 2364 diligo,cnm
260 2292 351 2347 multa
371 2292 453 2364 regni
474 2292 532 2347 mei
552 2291 707 2362 nobilitate,
730 2308 806 2348 nanc
829 2292 880 2348 tibi
930 2291 986 2347 suis
1015 2291 1160 2364 deperisse
1187 2310 1194 2348 :
1225 2314 1239 2344 a
1263 2293 1406 2362 Miseram,
1438 2293 1542 2367 inquit,
1572 2299 1615 2349 est
1642 2294 1747 2373 amede

58 2385 247 2443 commendo.
261 2407 275 2435 a
931 2401 1029 2441 meum
1043 2386 1148 2442 vivere.
1166 2408 1180 2437 a
1194 2388 1253 2443 iloc
1273 2387 1358 2455 dicto,
1373 2387 1450 2444 mele
1467 2387 1630 2459 desperans,
1646 2387 1749 2444 meluit

96 2480 145 2534 ilis
172 2479 292 2547 auditis,
319 2485 412 2534 nautae
438 2478 528 2551 gavisi
552 2484 633 2546 surrt,
662 2479 776 2551 illioque
804 2477 881 2552 regis
931 2479 987 2536 illic
1007 2480 1184 2551 occumbere,
1200 2497 1285 2553 quam
1301 2481 1398 2537 farrata
1417 2481 1480 2538 irati
1496 2481 1637 2554 regispro
1654 2480 1749 2554 perni-

57 2575 223 2641 adulantes,
236 2574 333 2628 vinam
348 2572 383 2627 ab
395 2590 429 2628 eo
440 2574 475 2628 ad
489 2573 643 2629 hibendum
658 2575 878 2645 postulaverunt.
931 2573 973 2629 cie
993 2575 1079 2646 prolis
1096 2579 1246 2646 oppetere,
1268 2592 1318 2630 seu
1337 2576 1439 2647 longas
1458 2576 1487 2631 in
1509 2576 1629 2631 vinculis
1648 2590 1748 2648 peenas

55 2669 155 2726 Atilia
170 2672 226 2723 tres
244 2666 300 2722 vini
322 2666 430 2722 modios
447 2667 513 2739 ipsis
528 2667 587 2723 dari
607 2667 753 2740 parmaepit.
772 2668 881 2733 Quibus
933 2667 1021 2724 luere.
1038 2670 1069 2724 ln
1084 2668 1165 2740 aquis
1178 2668 1294 2740 penduli
1311 2669 1399 2725 Deum
1414 2670 1590 2737 invocabant,
1604 2675 1633 2725 et
1646 2675 1748 2726 mutua

56 2763 190 2835 acceptis,
213 2761 356 2829 biberant,
379 2762 518 2834 sociisque
540 2762 722 2817 abundanter
744 2762 881 2834 propina-
933 2778 994 2817 sese
1013 2762 1209 2817 cohortatione
1229 2763 1405 2831 animabant,
1429 2766 1457 2819 et
1477 2764 1564 2819 linem
1585 2763 1637 2819 sibi
1654 2781 1672 2818 a
1691 2765 1747 2820 lieo

58 2861 176 2923 verunt,
204 2855 384 2927 nimiumque
409 2860 539 2926 potantes
558 2854 690 2910 inebriati
702 2857 778 2910 stant.
797 2855 881 2911 iussu
932 2855 1103 2928 dispositum
1116 2856 1233 2912 tremuli
1248 2857 1459 2929 exspectabant.
1476 2857 1590 2930 Frigida
1604 2857 1672 2930 gelu
1691 2873 1748 2913 nox

57 2951 137 3023 rogis
151 2949 233 3005 multi
246 2948 364 3005 barones
376 2965 443 3004 cum
457 2948 521 3003 tiliis
535 2950 592 3003 sais
607 2949 729 3021 puppim
743 2948 880 3003 ascende·
931 2950 981 3005 illa
998 2950 1063 3020 tuit,
1079 2950 1155 3006 unde
1172 2954 1252 3008 tener
1270 2951 1397 3007 albeolus
1413 2955 1478 3024 post
1494 2951 1612 3023 longam
1627 2950 1750 3007 toleran-

56 3050 137 3111 rant,
159 3050 187 3099 et
211 3045 270 3098 iere
289 3043 417 3111 trecenti,
443 3048 473 3098 nt
496 3042 606 3115 opinor,
623 3042 791 3098 ininlausta
808 3058 879 3097 neve
932 3044 1002 3099 tiam
1030 3043 1137 3116 irrgore
1162 3044 1234 3101 vires
1261 3044 1365 3113 amisit,
1392 3045 1556 3117 sociumque
1581 3061 1665 3100 suum
1691 3046 1749 3101 lico

58 3138 186 3195 fuerunt.
204 3139 262 3193 lina
275 3136 416 3208 siquidem
432 3136 564 3191 monaehi
584 3136 702 3206 Tironis,
717 3141 744 3192 et
757 3135 878 3207 Stapha·
930 3137 1144 3209 commendans,
1165 3138 1293 3209 relapsus
1310 3138 1341 3193 in
1360 3144 1483 3212 pontum
1504 3138 1583 3206 obiit,
1602 3154 1657 3195 nec
1676 3138 1748 3193 ulte-

57 3250 114 3290 nus
127 3249 220 3289 eomes
245 3247 310 3286 ctum
336 3231 447 3286 duobus
462 3230 610 3299 militibus,
625 3230 793 3286 Guillelmue
806 3246 878 3301 quo·
930 3231 989 3286 rius
1004 3248 1122 3303 usquam
1143 3231 1310 3304 comparuit.
1330 3232 1593 3301 beroldus'aatem,
1614 3232 1662 3304 qui
1681 3248 1750 3305 pau-

57 3345 115 3402 quc
141 3327 175 3382 de
202 3327 341 3392 llolmara,
368 3324 540 3380 etilabeilus
554 3324 744 3392 Camerarius,
770 3325 878 3380 Eduar·
930 3325 1025 3397 perior
1046 3330 1108 3380 crat
1128 3325 1269 3393 omnibus,
1292 3342 1401 3381 renone
1424 3326 1544 3382 amictus
1566 3343 1598 3381 ex
1619 3325 1748 3381 arietinis

57 3424 112 3479 dns
127 3420 163 3476 de
177 3419 346 3488 salesburia,
362 3425 391 3474 et
406 3418 454 3474 alii
467 3418 563 3490 plures
576 3418 643 3473 inde
657 3418 797 3488 exierant,
812 3420 879 3490 quia
930 3417 1066 3490 pellibus,
1089 3418 1123 3473 de
1147 3421 1226 3474 tanto
1251 3419 1326 3474 solus
1347 3418 1488 3475 consortio
1511 3418 1587 3474 diem
1611 3418 1694 3487 vidit,
1721 3422 1749 3474 et

58 3517 178 3572 nimiam
193 3512 408 3569 multitudinem
423 3512 532 3567 lascivae
548 3517 578 3566 et
590 3513 760 3583 pompaticae
772 3513 879 3583 juven·
931 3526 1015 3566 mane
1027 3528 1043 3565 a
1055 3511 1146 3566 ternis
1165 3511 1349 3582 piscatoribus
1370 3512 1457 3567 lasela
1479 3517 1620 3583 receptus,
1641 3516 1746 3567 terram

58 3610 129 3665 tutis
153 3608 247 3663 inesse
269 3606 423 3678 conspicati
447 3611 522 3662 sunt.
537 3605 623 3661 Periti
648 3606 727 3661 enirn
753 3606 879 3676 remiges
930 3605 1006 3659 solus
1027 3603 1133 3676 attigit.
1157 3604 1263 3659 Deinde
1285 3604 1491 3677 aliquantalum
1510 3605 1692 3672 refocillatus,
1707 3620 1738 3661 se

59 3703 271 3776 quinquaginta
284 3700 324 3757 ihi
337 3705 430 3770 erant,
444 3706 470 3756 et
486 3700 594 3756 leroces
606 3699 739 3771 epibatae,
755 3699 803 3771 qui
818 3699 879 3771 jam
932 3698 1007 3753 ricm
1021 3697 1108 3753 tristis
1122 3701 1240 3753 eventus
1258 3698 1367 3753 curiose
1388 3697 1593 3753 sciscitantibus
1616 3698 1747 3753 anticlea·

58 3796 87 3853 in
103 3797 167 3851 navi
184 3796 265 3851 sedes
280 3796 356 3850 nacti
371 3794 535 3866 turgebant,
549 3800 578 3850 et
592 3793 696 3849 suimet
709 3810 769 3864 pre
786 3792 879 3849 ebrie·
933 3793 988 3861 vit,
1009 3795 1038 3848 et
1058 3795 1155 3864 postea
1175 3792 1235 3848 iere
1259 3808 1293 3848 rx
1315 3792 1398 3847 annis
1420 3807 1486 3847 curn
1506 3791 1649 3848 alacritate
1670 3791 1747 3847 vixit.

57 3898 117 3948 tate
138 3891 333 3958 immemores,
347 3889 391 3943 vix
410 3888 535 3960 aliquem
558 3893 724 3943 reverenter
745 3903 880 3959 agnosce·
931 3886 1085 3957 Rogerius,
1113 3885 1338 3942 Constanciensis
1363 3885 1520 3959 episcopus,
1546 3885 1748 3956 Guiilelmum,

39 3968 138 4042 ¹hant.
158 3985 231 4039 lieni
255 3984 440 4056 quamplures
461 3982 576 4037 illorum
597 3986 707 4037 mentes
729 3972 775 4054 pia
796 3981 881 4037 devo·
933 3980 1023 4035 liliam
1036 3997 1130 4050 suum,
1145 3996 1233 4053 quem
1248 3997 1297 4036 rex
1312 3996 1400 4035 unum
1415 3997 1450 4037 ex
1465 3985 1587 4053 quatuor
1605 3980 1748 4053 principa·

60 4080 141 4135 lione
154 4094 224 4151 erga
239 4080 326 4134 Deum
341 4077 487 4132 habebant
500 4093 610 4144 vacuas,
935 4074 1008 4130 libus
1022 4074 1173 4146 capellanis
1184 4074 1245 4146 jam
1263 4075 1321 4130 suis
1337 4074 1478 4144 effecerat,
1497 4074 1615 4131 fratrem
1634 4090 1750 4147 quoque

138 4182 190 4244 Qut
201 4181 282 4233 marte
294 4180 447 4231 immodicas
466 4179 622 4230 moderatur
635 4183 658 4229 et
673 4178 810 4230 arietans.
933 4185 1030 4238 suum,
1044 4172 1142 4224 altres
1156 4168 1288 4241 egregios
1306 4174 1426 4241 nepotes
1442 4168 1480 4225 ad
1495 4169 1660 4225 damnatam
1676 4167 1750 4240 judi·

57 4269 139 4327 Unde
152 4267 327 4334 sacerdotes,
343 4266 391 4338 qui
408 4266 444 4321 ad
457 4265 664 4321 benedicendos
678 4264 741 4319 illos
756 4264 824 4319 illuc
838 4281 881 4319 ac·
931 4262 977 4320 cio
1000 4263 1050 4318 liei
1069 4278 1174 4317 navem
1195 4263 1378 4333 conduxerat,
1401 4263 1534 4335 ipsosque
1556 4268 1585 4318 et
1605 4264 1750 4319 consortes

57 4366 211 4431 cesserant,
223 4362 350 4433 aliosque
362 4360 506 4414 ministros
517 4360 565 4432 qai
577 4375 681 4431 aquam
696 4357 881 4413 benedictam
933 4373 1044 4426 eorum,
1059 4357 1124 4411 licet
1137 4356 1385 4428 floccipenderent,
1401 4356 1554 4427 pontificali
1570 4371 1649 4411 more
1662 4354 1750 4410 hene·

57 4455 237 4524 deferebant,
253 4473 318 4511 cunr
338 4455 476 4511 dedecore
496 4457 526 4508 et
544 4452 690 4509 cachinnis
707 4451 881 4507 subsannan-
891 4473 921 4546 D
933 4450 1053 4505 dixerat.
1067 4452 1140 4522 Ipse,
1159 4450 1266 4520 aliique
1281 4450 1364 4505 multi
1378 4451 1427 4522 qui
1446 4450 1541 4505 adhuc
1559 4450 1645 4504 simul
1662 4447 1692 4503 in
1704 4447 1750 4503 lil-

57 4559 101 4607 tes
117 4551 285 4622 abigerunt;
301 4549 351 4605 sed
368 4550 452 4621 paulo
470 4551 532 4620 post
549 4545 698 4602 derisionis
715 4562 775 4601 suar
797 4546 880 4601 ultio·
933 4547 994 4599 lore
1008 4543 1134 4611 stabant,
1150 4546 1179 4598 et
1191 4559 1253 4610 rer,
1268 4543 1392 4615 sociique
1405 4544 1475 4615 ejus,
1492 4544 1540 4614 qui
1551 4543 1611 4614 jam
1629 4542 1658 4596 in
1675 4540 1749 4596 freto

57 4663 128 4703 nem
144 4652 322 4717 receperunt.
337 4644 395 4700 Soli
421 4641 561 4709 homines,
577 4657 640 4696 carn
657 4640 789 4696 thesauro
805 4640 880 4711 regis
933 4638 1058 4710 elongati
1072 4638 1194 4706 inerant,
1210 4636 1366 4692 terribilem
1384 4636 1617 4692 vociferationem
1635 4633 1748 4707 pericli·

57 4750 87 4801 et
102 4742 174 4798 vasis
187 4756 300 4796 merum
314 4737 480 4803 serentibus,
498 4736 615 4791 Thomas
634 4733 762 4789 carinam
778 4733 881 4804 imple·
932 4733 1053 4786 tantiam
1066 4731 1232 4800 audierunt;
1247 4730 1294 4786 sed
1311 4747 1427 4786 causam
1448 4729 1578 4802 usquein
1593 4729 1750 4784 crastinum

56 4840 138 4905 bant,
150 4836 301 4907 ipsumque
313 4831 462 4903 utregiam
476 4830 605 4897 classem,
618 4845 681 4901 quas
690 4827 749 4899 jam
763 4842 881 4899 aequora
932 4823 1109 4896 ignorantes,
1129 4824 1222 4880 mirati
1243 4830 1319 4893 sunt,
1334 4830 1363 4880 et
1380 4823 1449 4880 iude
1465 4830 1565 4880 mutuo
1581 4823 1750 4895 indagantes

56 4930 198 4996 sulcabat,
210 4941 393 4998 summopere
403 4926 634 4997 prosequeretur,
646 4920 877 4977 commonebant.
933 4921 1136 4973 tractaverunt.

57 5030 123 5099 lpse
142 5039 219 5091 sero,
235 5021 304 5094 quia
317 5018 454 5073 ebrietate
473 5016 639 5088 desipiebat,
655 5016 684 5069 in
703 5014 805 5069 virtute
819 5030 880 5081 saa,
968 5011 1109 5083 Lugubris
1132 5029 1240 5081 rumor,
1262 5029 1312 5085 per
1331 5029 1382 5068 ora
1401 5010 1478 5083 vulgi
1495 5011 1549 5068 cilo
1573 5010 1703 5080 volitans,
1717 5012 1749 5068 iu

56 5118 270 5187 satellitumque
288 5130 403 5169 suorum
418 5109 589 5175 conlidehat,
606 5113 633 5164 el
651 5108 794 5171 audacter,
816 5106 882 5179 quia
933 5106 1083 5161 maritimis
1116 5106 1258 5162 littoribus
1291 5106 1458 5177 perstrepit,
1489 5121 1521 5161 ac
1550 5106 1584 5161 ad
1618 5105 1750 5163 notitiam

56 5228 162 5270 onrnes
184 5210 232 5282 qui
248 5210 310 5280 jam
330 5207 534 5279 praecesserant
553 5202 685 5275 praeiret,
711 5200 880 5273 spondebat.
932 5199 1069 5255 Tedbaldi
1082 5199 1206 5268 comitis,
1222 5200 1404 5272 aliorumque
1423 5215 1571 5271 procerum
1590 5200 1749 5256 nauticorum

56 5306 185 5364 Tandem
202 5301 354 5375 navigandi
367 5300 481 5373 signum
496 5297 584 5353 dedit.
597 5299 684 5352 Porro
700 5296 823 5368 schippae
839 5311 882 5349 re·
934 5292 1073 5365 pervenit.
1089 5293 1141 5350 Sed
1162 5294 1190 5348 in
1209 5293 1258 5349 illa
1275 5294 1319 5350 die
1338 5294 1456 5350 sollicito
1477 5294 1550 5366 regi,
1570 5294 1750 5366 multumque

57 5418 123 5459 nros
143 5398 222 5455 hand
243 5396 370 5469 segniter
389 5394 583 5464 arripucrunt,
605 5393 633 5445 et
654 5389 709 5445 alia
728 5390 794 5458 loeti,
816 5389 882 5461 quia
932 5389 1129 5460 percunctanti
1143 5388 1275 5443 nuntiare
1290 5405 1374 5444 nemo
1388 5387 1581 5460 presumpsit.
1592 5388 1751 5460 Optimates

57 5496 128 5572 qnid
151 5495 191 5549 eis
212 5494 279 5547 ante
302 5490 398 5545 oculos
421 5486 561 5559 penderat
587 5484 761 5551 nesciebant,
785 5499 880 5538 arma·
932 5498 998 5537 vero
1020 5498 1147 5537 seorsum
1169 5482 1293 5538 ubertim
1314 5482 1476 5555 plorabant,
1499 5482 1598 5538 charos
1619 5488 1751 5555 parentes

58 5592 160 5648 arrenta
172 5588 383 5659 coaptaverunt,
397 5597 557 5652 navemque
572 5596 637 5634 cum
651 5579 760 5650 impetu
775 5593 882 5649 magno
933 5579 962 5631 et
982 5573 1091 5632 amicos
1113 5575 1356 5634 inconsolabiliter
1375 5577 1529 5650 lugebant;
1547 5576 1598 5632 scd
1620 5583 1686 5632 ante
1709 5592 1752 5631 rc·

57 5700 113 5759 per
127 5684 373 5753 pontumeurrere
384 5678 522 5732 lecerunt.
534 5674 663 5745 Cumque
675 5672 799 5745 remiges
810 5670 884 5729 ebrii
934 5687 1014 5746 gom,
1037 5687 1076 5729 ne
1101 5670 1212 5731 doloris
1235 5688 1326 5729 eausa
1343 5671 1521 5746 proderetur
1532 5710 1543 5737 ,
1554 5668 1611 5721 iia
1623 5668 1782 5728 mamas-a

53 5776 124 5835 totis
135 5773 305 5845 navigarent
318 5770 473 5841 casualibus,
487 5773 517 5829 et
526 5768 628 5833 irrlelir
644 5768 792 5849 gubernio
808 5770 886 5834 male
939 5770 1128 5833 cohibebant.
1137 5769 1282 5835 Tandem
1290 5765 1434 5843 aequauit
1443 5764 1510 5831 dae,
1519 5740 1811 5817 assisteremus&
