3750 6046
11 248 15 255 -
91 212 141 266 335

778 205 938 264 nubantur
959 205 1085 264 llll'ALlS
1712 211 1763 264 336

88 332 286 387 efficiebantur
300 329 374 384 unde
387 326 440 383 sibi
458 333 538 383 tanta
550 332 674 399 potestas
688 337 856 401 emanasset,
871 336 899 385 ct
910 344 938 415 Α
948 332 1073 400 fretavit,
1093 335 1121 386 et
1139 332 1266 387 oblatum
1280 331 1330 386 sibi
1347 348 1362 385 a
1377 347 1445 401 rege
1459 337 1487 386 et
1501 329 1667 401 proceribus
1683 330 1765 400 regni

88 426 227 497 putabant
251 425 326 494 «prend
348 424 484 495 quidquid
506 424 611 476 vellent
631 424 683 476 sibi
704 424 808 479 liceret.
833 425 900 478 lnsi-
951 442 1023 480 onus
1036 426 1217 482 ecclesiastici
1231 425 1376 497 regiminis
1391 425 1508 479 omnino
1518 422 1689 494 repudiarit.
1700 424 1767 478 Erat

87 523 197 593 pientes
218 523 247 573 ct
267 518 386 589 maligni
404 534 454 572 cnr
468 534 532 578 cum
547 522 605 572 tota
619 516 788 572 contritione
810 518 901 572 cordis
951 520 1027 575 enim
1043 536 1101 574 ccvo
1115 523 1244 575 maturus
1258 524 1287 574 et
1299 519 1457 590 religiosus,
1473 535 1505 573 ac
1523 518 1641 573 scientia
1659 516 1768 571 littera-

87 630 144 668 uon
159 612 322 684 cogitabant
336 611 412 681 quod
433 627 488 664 non
508 628 559 665 sua
577 611 691 678 virtute,
712 611 762 665 sed
782 611 830 664 llei
853 628 902 682 gu·
952 630 1015 668 rani
1029 613 1256 683 eruditissimum
1269 615 1349 684 cujus
1368 612 1476 684 ingenii
1495 611 1664 682 praeclarum
1680 611 1767 682 speci-

86 706 231 760 beraantis
250 705 346 759 ornnia
365 706 436 758 nutu
460 704 553 757 bostcs
577 702 717 771 vicerant,
739 706 767 757 et
786 709 901 774 gentem
952 724 1018 762 men
1033 707 1181 762 evidenter
1192 711 1269 779 patet
1281 707 1311 762 in
1323 706 1395 761 libro
1411 710 1448 761 De
1462 720 1572 776 corpore
1590 708 1615 758 et
1632 706 1768 771 sonpuine

87 800 227 870 majorem
248 803 276 854 el
295 798 424 853 ditiorem
447 801 476 850 ct
496 797 686 868 antiquiorem
701 814 761 852 sese
784 798 902 869 subege·
926 840 932 849 .
954 802 1059 857 Domini
1072 804 1172 856 contra
1186 799 1391 872 Berengarinm
1407 799 1471 870 (bl),
1486 801 1515 853 ct
1530 797 1558 852 in
1572 798 1634 852 aliis
1648 814 1768 869 opuscu-

87 899 161 959 rant,
180 894 209 946 in
224 909 279 964 qua
295 893 387 961 plures
401 890 490 944 saircti
504 889 715 960 prudentesque
732 890 793 958 viri,
808 907 902 962 reges·
951 895 986 949 lis
1007 895 1103 967 ipsius.
1124 894 1174 949 llic
1197 895 1292 966 itaque
1312 910 1376 949 cum
1390 909 1487 965 aroge
1508 897 1659 964 rogaretur
1682 896 1713 945 ut
1736 892 1767 945 in

88 1003 144 1058 que
158 989 285 1057 potentes
298 985 466 1049 micuerant,
481 982 634 1053 multisque
651 983 741 1038 modis
757 984 835 1039 domi
851 984 902 1039 mi·
951 989 1054 1059 Anglia
1067 1004 1162 1043 secum
1172 993 1344 1058 moraretur,
1356 990 1555 1058 etcongruum
1569 991 1684 1057 tempus
1699 1000 1766 1039 eum

15 1132 19 1139 ,
87 1080 212 1149 litircqac
227 1077 360 1132 nobiliter
373 1075 544 1147 viguerant?
560 1076 707 1131 Sententia
721 1077 845 1132 veritatis
857 1078 901 1148 ju·
951 1082 1140 1153 promovendi
1154 1081 1373 1152 prestolaretur,
1391 1097 1487 1135 secam
1502 1080 1645 1136 subtiliter
1660 1078 1768 1133 delibe-

88 1173 163 1244 giter
185 1171 224 1224 eis
247 1169 385 1236 timenda,
413 1175 440 1223 et
465 1169 542 1223 cordi
566 1169 729 1224 medullitus
752 1169 902 1225 inserenda
952 1175 1034 1245 ravit,
1057 1176 1158 1246 suique
1178 1180 1275 1230 votum
1294 1174 1433 1246 propositi
1455 1173 1533 1229 alind
1556 1189 1617 1228 esse
1642 1172 1763 1227 demon·

88 1271 159 1322 esset
179 1262 318 1319 dicentis:
340 1263 441 1318 Eodem
465 1279 589 1318 retensum
612 1278 668 1332 prio
691 1267 777 1319 mensi
794 1266 902 1331 fueritis
941 1272 1054 1337 straus,
1070 1268 1131 1340 regi
1146 1268 1315 1338 respondit:

87 1361 242 1414 remilltlw'
254 1357 327 1412 2'0b1'3
343 1356 428 1425 (Luc,
445 1373 482 1423 lb
497 1357 550 1426 38).
987 1376 1080 1430 Malta
1099 1389 1188 1429 cause
1208 1390 1249 1428 me
1272 1375 1408 1444 repellunt
1432 1374 1465 1427 ab
1492 1374 1668 1429 ecclesiastico
1693 1373 1766 1442 repi-

87 1476 152 1531 lllll.
170 1475 319 1532 Norrnanni
334 1474 504 1528 ecclesiastici
518 1479 542 1527 et
558 1474 612 1542 ipsi
630 1473 742 1526 dicitius
761 1478 900 1542 conpetunt.
951 1470 1032 1531 minc,
1055 1483 1123 1537 quos
1144 1482 1233 1522 omnes
1254 1468 1414 1534 singulatim
1432 1467 1494 1521 nolo
1512 1483 1560 1522 nee
1579 1467 1653 1521 dccet
1673 1468 1766 1536 expri-

168 1554 329 1610 Guitmomli
342 1553 468 1606 marescalci
480 1552 630 1606 lctudobilis
643 1553 818 1606 (instruentia.
951 1578 1031 1617 mere.
1050 1564 1082 1615 ln
1099 1562 1196 1630 primis
1213 1562 1384 1630 infinnitates
1403 1575 1485 1624 meets,
1499 1560 1597 1630 quibos
1610 1562 1640 1614 in
1659 1575 1768 1630 corpore

124 1661 258 1716 Nonnulli
273 1659 360 1714 eliam
373 1658 556 1713 ecclesiastici
571 1658 633 1723 viri,
649 1659 698 1729 qui
718 1658 858 1729 sapientes
874 1663 903 1713 et
952 1661 978 1709 et
992 1657 1084 1709 animo
1097 1657 1261 1709 incessanter
1277 1668 1394 1724 premor,
1417 1653 1572 1719 commem
1587 1655 1687 1723 quibus
1707 1654 1769 1707 dili·

88 1754 214 1826 religiosi
237 1752 415 1820 vidcbantnr,
431 1752 518 1822 regali
538 1751 623 1806 curiae
642 1768 694 1823 pro
714 1704 1043 1822 dignitatibussspcnter
1057 1749 1211 1817 perspectis,
1231 1747 1356 1802 diuinum
1374 1763 1486 1802 onumen
1501 1747 1670 1802 uebenrentcr
1680 1749 1767 1815 perti-

88 1849 191 1919 cupitis
213 1846 314 1901 olniixe
339 1845 562 1912 larnulabantur,
586 1851 614 1900 et
637 1845 754 1900 dirersis
778 1850 900 1900 assenta-
951 1856 1044 1899 mesco.
1060 1856 1172 1895 rnoerens
1190 1840 1303 1909 puodin
1319 1842 1366 1895 oica
1383 1843 1432 1895 Dei
1452 1840 1572 1910 quotidie
1591 1841 1695 1904 laboro,
1711 1845 1738 1893 et
1752 1856 1769 1891 o

11 1956 18 1979 ⁸
88 1942 199 1996 tionum
217 1939 305 1994 modis
321 1954 379 1992 non
395 1938 455 1991 siue
474 1938 610 1992 dedecore
627 1939 768 2009 religiosae
790 1938 901 2010 opinio·
951 1935 1183 1989 ueritateoaoillo.
1199 1934 1312 1989 Etdum
1325 1934 1617 2004 meipsumsolubritcr
1630 1932 1770 1988 moderent

89 2034 132 2088 nis
145 2033 343 2088 adulabantur.
363 2031 440 2086 Sicut
456 2030 594 2085 tironibus
614 2046 673 2086 suae
691 2048 707 2085 a
726 2031 902 2102 principibus
952 2043 1062 2097 nequeo,
1079 2028 1198 2096 pitoliter
1213 2027 1330 2081 ullorum
1345 2029 1432 2081 oitom
1447 2028 1484 2082 od
1497 2028 1593 2081 statutis
1607 2029 1681 2081 aiom
1698 2026 1769 2080 ‹liri-

89 2126 281 2197 erogabantnr
294 2124 437 2194 stipendia
450 2123 568 2187 militiae,
582 2124 621 2177 sic
639 2125 809 2194 quibusdam
826 2140 903 2178 coro·
953 2136 1013 2190 pere
1024 2121 1121 2175 caleo?
1131 2120 1259 2175 Omnibus
1272 2120 1351 2189 sipili
1363 2126 1449 2174 mente
1461 2121 1646 2190 perlustratis,
1660 2134 1716 2174 non
1728 2121 1768 2173 oi·

88 2220 162 2275 natis
184 2235 234 2289 pro
254 2218 390 2271 famulatu
411 2234 460 2270 suo
481 2218 647 2271 dabanturo
659 2218 738 2271 laicis
760 2218 903 2288 episcopa·
952 2213 1001 2268 deo
1018 2229 1072 2282 pitu
1086 2215 1141 2282 tcpe
1154 2213 1274 2283 dtpntter
1291 2228 1402 2283 preesse
1419 2213 1526 2268 alileam
1544 2213 1655 2267 illorum
1676 2229 1768 2277 caneo,

88 2313 133 2363 tus
149 2312 177 2361 et
190 2306 319 2372 abbatiae,
338 2305 522 2359 ecclesiarum
537 2305 742 2375 praepositura,
763 2306 902 2361 orchidia·
952 2321 1067 2376 quorum
1077 2311 1219 2361 ectruneos
1231 2321 1324 2368 mores,
1341 2306 1540 2375 barbaramque
1553 2305 1713 2361 locutionem
1727 2322 1771 2360 ne-

88 2406 205 2456 conatus
219 2403 248 2454 ct
259 2398 395 2465 decaniae,
407 2398 528 2469 aliaeque
541 2403 694 2469 potestates
707 2404 736 2454 et
748 2399 904 2470 dignitates
953 2402 1016 2462 scia,
1030 2415 1144 2468 quorum
1154 2404 1245 2469 potres
1255 2399 1401 2468 abacosque
1412 2402 1539 2469 parentes
1551 2404 1577 2452 et
1589 2401 1689 2454 irinicos
1703 2402 1770 2454 occi·

89 2492 229 2559 Ecclesiae,
244 2509 313 2562 quas
327 2492 462 2546 meritum
475 2491 825 2562 sanctitatisetsapientim
840 2493 904 2547 doc·
954 2493 1033 2547 distis
1050 2492 1208 2560 placitaret
1225 2492 1408 2547 ceberedotos
1426 2494 1580 2562 opprimitis
1602 2493 1708 2560 cnsilio,
1728 2493 1771 2546 ecl

89 2587 164 2641 trina
191 2585 373 2639 solummodo
406 2585 544 2639 deberent
574 2585 713 2639 obtinere.
745 2585 846 2641 Clerici
877 2591 905 2640 ct
954 2601 1058 2640 carcere
1076 2585 1205 2647 irtdcbito,
1224 2585 1445 2654 intolerabilique
1466 2587 1586 2640 seruitio.
1605 2587 1773 2642 Scrutamini

89 2678 222 2734 monachi
235 2694 311 2732 nirnc
331 2683 446 2732 terreno
466 2676 588 2747 principi
606 2693 657 2747 pro
679 2677 780 2732 talibus
800 2678 905 2748 stipen-
954 2677 1121 2753 Scripturas,
1138 2682 1162 2731 et
1176 2677 1262 2731 uidete
1277 2680 1302 2731 si
1314 2694 1369 2746 pao
1383 2678 1439 2747 lege
1453 2680 1576 2733 sancitur
1588 2684 1620 2732 ut
1633 2680 1771 2733 Dominico

91 2772 144 2826 diis
158 2771 348 2837 inhaerebant,
363 2774 392 2823 ct
406 2785 456 2839 pro
471 2769 621 2838 temporali
640 2770 791 2825 commodo
807 2769 904 2824 multi·
954 2773 1030 2840 prepi
1044 2777 1140 2840 pastor
1161 2771 1193 2823 ab
1211 2773 1328 2825 inimicis
1343 2772 1438 2826 electos
1456 2771 1585 2825 uiolenter
1603 2773 1771 2840 imponatur.

89 2867 154 2937 plex
176 2864 331 2932 servitium,
355 2862 432 2932 quod
454 2862 548 2916 divino
570 2864 657 2917 cultui
679 2880 736 2918 non
759 2864 904 2934 competit,
954 2865 1143 2919 Ecclesiastico
1157 2864 1248 2918 electio
1260 2867 1338 2933 prius
1351 2864 1426 2918 debet
1439 2864 1474 2918 ab
1486 2865 1555 2933 ipsis
1569 2864 1697 2932 sabjectis
1710 2865 1774 2934 tide·

91 2959 257 3014 indecenter
276 2955 493 3026 impendebant.
519 2956 604 3010 Prisci
626 2956 741 3012 abbates
763 2957 905 3012 saecularis
956 2957 1025 3012 libus
1040 2973 1099 3010 cum
1111 2959 1267 3011 sinceritate
1275 2959 1345 3026 fieri,
1356 2973 1387 3012 oc
1394 2958 1565 3027 postmodum
1578 2959 1773 3027 astipulatione

90 3049 313 3107 comminatione
329 3048 478 3119 potestatis
495 3049 684 3119 terrebantur,
700 3055 729 3104 ot
745 3051 806 3106 sine
822 3067 905 3121 syno-
917 3062 944 3135 ρ
956 3055 1068 3122 patrum
1087 3055 1112 3105 ct
1125 3052 1278 3115 caminorum,
1298 3053 1322 3104 si
1335 3053 1465 3105 cononica
1478 3056 1526 3113 est,
1541 3055 1696 3106 reverenter
1708 3067 1772 3105 con-

93 3144 150 3200 dali
162 3142 334 3197 discussione
348 3141 382 3195 dc
396 3141 510 3195 sedibus
526 3141 584 3195 suis
597 3142 703 3212 injuste
714 3143 904 3213 fugabantur3
955 3146 1069 3214 firniari.
1084 3144 1214 3213 Alioquin
1226 3158 1286 3197 curn
1298 3145 1431 3199 claritate
1443 3144 1520 3199 debet
1533 3145 1682 3199 emendari.
1697 3143 1775 3210 Qrtocl

93 3253 145 3308 pro
167 3235 269 3307 quibus
287 3233 465 3304 stipendiarii
481 3250 538 3289 riou
555 3235 697 3305 monachi,
721 3236 771 3290 sed
794 3237 906 3307 tyranni
957 3238 1024 3292 bello
1038 3241 1063 3292 et
1079 3237 1207 3306 effusorie
1226 3238 1306 3292 multi
1324 3239 1426 3292 cruoris
1446 3238 1611 3292 truculenter
1632 3239 1774 3308 rapuistis,

92 3335 188 3384 contra
220 3333 382 3382 sanctorum
408 3327 477 3382 scita
503 3344 648 3382 canonum
678 3328 906 3383 intrudebantur.
957 3333 1131 3401 puorationc
1145 3331 1213 3384 milri
1227 3331 1343 3400 aliisque
1361 3331 1587 3400 contemptoribus
1601 3331 1707 3395 mundi,
1728 3333 1777 3400 pul

93 3422 249 3479 Consentio
263 3425 291 3477 et
305 3421 447 3491 protectus
467 3420 553 3475 tiebat
571 3421 646 3477 inter
664 3422 826 3477 commissos
847 3440 909 3493 gre·
957 3431 1051 3494 sponte
1069 3438 1120 3492 pro
1134 3423 1239 3478 Christo
1252 3423 1354 3478 nudati
1364 3439 1455 3478 sumus
1467 3427 1597 3494 propriis,
1616 3427 1675 3479 sine
1693 3425 1776 3493 culpe

94 3533 144 3587 ges
159 3520 186 3571 et
200 3514 436 3568 archimandritas
450 3513 623 3584 hujusmodi,
635 3515 726 3586 qualis
739 3516 814 3570 inter
828 3516 909 3586 lupos
957 3519 1095 3587 impartiri
1115 3518 1247 3586 potestis?
1272 3517 1412 3573 Generalis
1443 3520 1561 3572 omnium
1587 3518 1775 3587 religiosorum

94 3613 122 3665 et
134 3610 263 3664 bidentes
282 3608 343 3662 sine
367 3606 518 3662 defensore
539 3607 609 3663 solet
630 3608 701 3663 fieri.
723 3609 803 3673 Quod
826 3610 909 3664 facile
959 3611 1002 3665 leo
1023 3615 1071 3671 est,
1094 3626 1111 3662 a
1133 3611 1238 3680 rapinis
1262 3610 1407 3671 obstinere,
1432 3613 1457 3664 ct
1480 3610 1513 3664 de
1538 3611 1643 3681 prodo
1670 3613 1777 3665 etiamsi

24 3772 27 3777 Ι
92 3703 207 3776 probari
221 3703 316 3773 potest
332 3701 366 3755 ab
380 3701 424 3756 his
443 3702 491 3774 qui
513 3701 704 3757 interfuerunt
726 3703 755 3756 in
777 3703 908 3758 Turstino
959 3704 1078 3772 offertur,
1091 3703 1265 3773 projectitia
1283 3704 1455 3758 obseruantia
1472 3703 1543 3758 nolle
1560 3705 1688 3774 recipcre.
1704 3706 1777 3758 Dicit

93 3796 262 3851 Gadomensi
276 3799 305 3849 et
318 3799 458 3850 conventu
471 3795 667 3850 Glcstoniensi.
680 3796 750 3850 llam
766 3796 833 3850 dum
849 3812 909 3867 pro·
959 3799 1029 3851 enlm
1041 3799 1184 3866 Scriptura
1202 3813 1208 3850 :
1224 3816 1238 3844 a
1259 3797 1428 3852 immolantis
1449 3812 1482 3851 co
1497 3799 1600 3867 irripuo,
1620 3797 1722 3852 oblatio
1740 3801 1779 3853 est

96 3895 190 3944 terras
201 3890 287 3943 abbas
297 3887 578 3958 cogeretGlestonios
589 3894 715 3954 cantum,
726 3905 811 3959 quem
824 3889 908 3960 Angli
958 3891 1096 3945 mercedula
1112 3890 1217 3961 (Eroti,
1233 3906 1323 3958 xxxiv,
1338 3889 1394 3955 et).
1410 3910 1424 3939 »
1440 3891 1473 3943 ut
1490 3890 1574 3960 paulo
1593 3897 1657 3962 post
1674 3907 1681 3945 z
1697 3910 1711 3941 o
1725 3890 1781 3956 Oui

93 4001 110 4038 a
133 3983 278 4052 discipulis
298 3981 376 4034 beati
398 3981 527 4049 Gregorii
548 3997 628 4050 popm
646 3981 812 4048 didicerant,
830 3983 910 4036 relin-
959 3985 1036 4053 offert
1055 3985 1215 4051 sacrificinm
1229 3999 1262 4038 ca
1278 3984 1435 4038 substantio
1453 3999 1617 4053 pauperum,
1636 3987 1719 4053 quasi
1731 3987 1780 4054 poi

94 4093 192 4146 quere,
208 4078 237 4128 ct
256 4075 385 4143 ignotum
402 4073 455 4125 sibi
476 4088 527 4125 neo
543 4073 671 4127 auditum
690 4077 773 4127 antea
794 4078 910 4129 cantum
959 4079 1082 4131 victimat
1099 4078 1185 4145 filium
1205 4078 1234 4129 in
1255 4081 1394 4146 conspectu
1412 4079 1503 4146 patris
1521 4079 1564 4131 soi
1580 4077 1668 4148 (iaia,
1690 4077 1748 4151 24).
1763 4100 1778 4129 a

93 4187 109 4223 a
128 4167 345 4221 Flandrensibus
365 4182 415 4219 scu
435 4166 606 4220 Normannis
628 4164 763 4234 ediscere,
786 4171 848 4222 orta
870 4171 911 4222 est
960 4172 1022 4225 llaec
1034 4176 1059 4224 ct
1075 4171 1116 4223 liis
1129 4170 1231 4224 similia
1244 4170 1344 4224 olicino
1360 4170 1426 4238 lepis
1442 4173 1579 4240 praeconio
1593 4176 1777 4240 pertractans,

94 4262 128 4316 lis
141 4260 289 4326 acerrima,
301 4275 387 4330 qnam
399 4274 466 4312 mox
480 4262 576 4313 secuta
589 4262 632 4313 est
644 4259 713 4315 sacri
728 4260 835 4316 ordinis
848 4278 910 4316 con·
960 4279 1114 4335 caparosso,
1128 4267 1152 4318 et
1169 4267 1252 4318 totam
1265 4264 1395 4331 Anpliom
1411 4265 1490 4332 puosi
1501 4264 1697 4333 amplissimam
1710 4281 1779 4334 pre·

95 4355 224 4410 tumelia.
240 4354 311 4407 llum
323 4352 400 4407 euim
414 4351 545 4406 monachi
559 4368 630 4406 rrova
644 4353 753 4408 nollent
767 4355 910 4425 suscipere
960 4358 1025 4412 dom
1036 4357 1168 4425 dijudico,
1184 4358 1323 4426 ipsamque
1342 4372 1402 4411 cunt
1421 4359 1497 4424 piceis
1517 4358 1575 4412 suis
1595 4358 1670 4412 uelut
1688 4360 1779 4426 ionem

94 4449 235 4515 instituta,
249 4451 278 4502 et
294 4446 468 4501 contumacis
490 4445 621 4516 magistri
642 4448 807 4518 persisteret
828 4428 949 4519 perti-l)
961 4451 1099 4505 irritentem
1117 4453 1268 4518 contingere
1288 4450 1468 4517 formidati
1488 4452 1553 4520 onia
1572 4453 1643 4506 Deus
1655 4451 1735 4520 iubet
1750 4456 1780 4507 ut

95 4543 185 4611 nucia,
199 4541 263 4595 laici
275 4539 907 4613 herosnosullragatisunt,ferentesspieula.
959 4547 1072 4614 qunque
1092 4546 1247 4613 pronianum
1266 4559 1344 4598 suom
1363 4544 1461 4611 dilipot
1481 4547 1553 4598 sicut
1571 4546 1698 4613 seipsum,
1722 4548 1780 4600 nne

94 4635 231 4707 liquibus
247 4651 282 4688 ex
298 4633 441 4704 insperato
460 4634 667 4688 monachorum
687 4635 784 4689 concio
804 4641 846 4690 est
861 4636 912 4689 cir·
960 4638 1021 4692 dolo
1040 4638 1129 4692 dictim
1146 4637 1219 4691 uobis
1238 4637 1268 4691 ta
1282 4636 1356 4706 quod
1377 4639 1444 4690 mibi
1462 4637 1566 4692 celitus
1588 4643 1628 4692 est
1647 4639 1779 4694 inditum.

95 4728 240 4796 cumdata,
255 4734 282 4782 et
292 4744 358 4798 pars
370 4743 471 4781 eorum
487 4728 641 4783 crudeliter
656 4732 698 4783 est
710 4743 850 4798 percussa,
867 4744 910 4791 ac,

95 4829 126 4877 ut
147 4822 249 4890 fertur,
274 4820 419 4876 lethaliter
433 4821 564 4875 sauciata.
588 4821 673 4876 llulta
688 4822 732 4876 his
752 4822 852 4876 similia
871 4840 911 4878 rc·

93 4915 162 4972 ferri
175 4916 301 4988 possent,
317 4914 339 4967 si
355 4914 465 4968 lectoris
480 4915 607 4969 animum
624 4915 773 4970 salubriter
794 4917 912 4973 mdillca·

93 5014 170 5064 rent.
185 5010 289 5062 Veram
306 5008 372 5078 quia
386 5007 446 5062 haec
460 5012 525 5063 sunt
538 5008 632 5063 minus
647 5009 776 5077 lactabis
790 5011 910 5080 omissis,

95 5104 201 5174 stylum
215 5104 328 5156 vertam
341 5100 376 5155 ad
390 5101 457 5155 alia.

962 4731 1039 4799 Quod
1056 4731 1124 4785 milti
1137 4731 1204 4785 utile
1217 4746 1287 4797 reor,
1302 4730 1376 4784 uobis
1391 4745 1496 4800 quoque
1510 4732 1631 4787 solutore
1646 4733 1780 4788 arbitror.

961 4826 1032 4895 Ergo
1045 4825 1118 4894 pund
1131 4825 1310 4880 amicabiliter
1322 4824 1418 4893 loquor
1431 4825 1624 4881 reanimatur
1636 4841 1781 4894 omarum3

961 4919 1008 4974 sed
1017 4923 1056 4980 to,
1067 4924 1174 4974 strenue
1180 4920 1320 4988 princeps,
1331 4923 1356 4971 et
1367 4918 1558 4972 commilitones
1573 4919 1623 4980 tui,
1638 4922 1688 4988 put
1699 4934 1782 4989 prone

963 5018 1048 5067 tecam
1056 5014 1177 5067 iniierunt
1183 5011 1345 5083 periculum,
1353 5017 1453 5067 nostre
1461 5011 1655 5067 admonitionis
1663 5012 1781 5084 benipno

962 5107 1040 5161 corde
1060 5107 1187 5176 sciscipite
1212 5105 1356 5175 elopmom.
1383 5105 1470 5175 Opera
1495 5107 1542 5160 liei
1564 5108 1665 5162 cunctis
1688 5106 1783 5164 diebus

130 5194 320 5250 Guitmundus
336 5193 502 5248 venerabilis
522 5195 676 5250 monachus
695 5198 815 5252 coenobii
836 5199 912 5268 qnod
961 5202 1025 5253 otta
1036 5206 1132 5254 oestro
1145 5200 1279 5268 sonanter
1290 5198 1466 5262 considerate,
1484 5204 1509 5253 et
1516 5198 1625 5268 judicio
1639 5200 1705 5271 etas,
1721 5216 1783 5271 qua

95 5290 169 5345 Crux
200 5287 324 5343 {tellonis
357 5286 473 5355 dicitur,
507 5287 555 5343 ubi
588 5289 729 5359 gloriosus
767 5291 913 5347 consessor
962 5292 1240 5364 incompreberntbilio
1258 5297 1331 5354 sant,
1350 5294 1380 5346 in
1399 5292 1522 5348 omnibus
1541 5294 1665 5363 operibus
1683 5296 1782 5351 cestris

96 5383 201 5439 Christi
217 5379 401 5447 leudfredus,
418 5385 547 5450 tempore
560 5382 715 5438 Hildeberti
729 5387 759 5438 et
778 5385 911 5457 llilperici
964 5390 1061 5450 timete,
1078 5391 1103 5441 et
1114 5389 1152 5441 sic
1172 5390 1290 5442 uestram
1301 5387 1388 5441 oitom
1402 5400 1481 5457 aquo
1502 5387 1578 5442 lance
1594 5387 1734 5444 modmari
1744 5389 1782 5445 od

94 5475 245 5549 juniorum
259 5490 374 5546 regam,
388 5474 509 5530 Domino
522 5475 643 5531 feliciter
660 5493 742 5533 xnvm
757 5478 841 5534 annis
860 5478 914 5535 mi·
961 5482 1128 5536 ootrcntntem
1142 5481 1190 5534 lici
1201 5481 1329 5547 strtapite,
1346 5483 1377 5534 ut
1396 5481 1454 5550 ipsc
1473 5480 1577 5536 arbiter
1593 5485 1720 5546 cianus,
1733 5485 1783 5552 oui

97 5570 192 5626 litasse
205 5567 321 5640 legitur,
332 5568 414 5639 regio
425 5568 505 5639 jussu
518 5569 679 5638 accersitus,
692 5575 813 5643 pontum
824 5577 914 5629 trans·
962 5574 1133 5644 omniojmtc
1145 5573 1276 5644 dispomt,
1287 5569 1433 5644 plorabilis
1445 5575 1482 5630 sit
1492 5573 1568 5631 uobis
1576 5575 1606 5630 in
1615 5575 1713 5632 ultimo
1726 5576 1782 5633 cleb·

127 5753 178 5817 lssl)
192 5751 357 5805 Guitmundi
373 5753 497 5820 episcopt
511 5754 655 5819 aversani,
670 5755 706 5806 De
720 5756 839 5823 comonis
852 5763 877 5810 et
890 5756 1028 5825 sanguina
1041 5759 1153 5812 ueritate
1167 5756 1197 5809 in
1211 5752 1389 5812 inmortalia.
