3750 6046
72 230 125 285 soa

476 227 633 286 nassonia
651 188 917 286 ecmnsvssvics.
933 251 968 267 -
979 225 1065 283 raas
1084 223 1131 281 ιιι.
1146 251 1180 265 -
1192 221 1254 279 sia.
1274 216 1341 277 vus.

1703 208 1754 270 tro

71 351 175 409 consul
203 355 414 423 construxerat,
444 353 527 425 eique
559 353 714 410 Richardus
746 351 891 408 beccensis
900 349 1063 443 Aprodidit
1077 348 1126 410 112)
1142 347 1269 405 owenius,
1286 358 1336 397 rec
1350 341 1508 408 estqaoieus
1524 336 1661 392 dornellae.

72 446 235 502 monachus
248 446 337 502 annas
351 449 482 519 praeerat,
498 446 592 520 ibique
607 448 662 503 Deo
680 446 886 503 monachorum

72 555 192 612 gregem
206 539 281 596 inter
293 539 433 596 belluinos
445 546 533 596 cratus
546 539 698 596 nutriebat.

970 421 1053 472 Facta
1066 418 1184 471 vindicta
1197 421 1283 469 monte
1295 415 1344 469 aab
1358 414 1534 467 nemancos.

936 491 1005 543 ll'nse
1017 494 1095 554 caput
1106 490 1187 542 secuit
1199 486 1361 552 drittfridns
1375 491 1399 537 et
1411 486 1441 535 in
1453 496 1527 535 mare
1533 482 1608 545 jecit.

968 561 1048 612 Sama
1059 561 1164 626 quidem
1178 559 1311 623 reliquam
1322 556 1436 623 possidet
1451 555 1520 606 bana
1533 550 1654 603 locutam.

107 635 178 690 Post
198 632 307 705 aliquot
327 649 416 690 annos
433 633 572 690 Ernaldus
590 623 755 705 monachus,
776 632 888 690 Unfridi
936 633 967 683 In
980 633 1096 685 amusim
1107 632 1192 683 sancii
1206 630 1345 696 requiescit
1360 629 1450 679 Patris
1462 623 1574 688 librati.

71 726 165 794 tilius,
189 726 220 782 in
241 726 372 798 angliam
395 727 597 796 transfretavit,
618 730 648 783 et
668 744 730 783 ossa
751 726 887 783 liodberti

70 816 169 876 fratris
190 818 245 888 sui,
266 819 410 876 liudberto
431 819 466 875 de
485 819 615 889 Limesia,
636 820 804 877 llerciorum
825 820 886 893 epi·

967 705 1018 755 Pro
1030 704 1129 755 meilis
1141 705 1215 768 cuins
1228 702 1263 754 eit
1275 700 1326 753 eibi
1339 699 1419 764 piena
1432 697 1528 751 satus!

937 775 1073 836 Quondam
1087 775 1218 831 robustas,
1229 775 1302 837 jacet
1315 772 1357 822 bic
1367 783 1438 822 nunc
1448 768 1624 820 reanimatus.

966 846 1034 898 Hinc
1046 845 1123 898 dolor
1136 847 1165 896 in
1181 849 1237 896 tota
1249 847 1385 909 paeones,
1397 841 1448 892 beu
1462 841 1472 892 l
1484 839 1586 903 patrio.

71 927 176 984 scopo,
197 911 385 979 concedente,
406 912 532 983 sustulit3
554 928 618 984 qua
638 912 777 986 itogerius
799 912 886 968 abbas
935 917 984 968 llic
997 918 1073 969 modo
1084 917 1112 983 fii
1124 916 1222 982 palcis,
1230 916 1288 979 jam
1302 913 1411 978 nisaqir
1428 909 1561 963 utilitatis.

70 1021 138 1060 cum
164 1007 309 1061 conventu
331 1005 454 1062 fratrum
478 1005 632 1062 honorifice
655 1007 790 1078 suscepit,
811 1012 839 1061 et
856 1005 887 1062 in

966 989 1046 1052 Erpa,
1057 988 1099 1052 pis
1114 987 1202 1044 tector,
1216 986 1274 1049 ejus
1284 984 1374 1035 adesto
1389 994 1497 1032 memor.

936 1058 1010 1110 Hanc
1021 1063 1049 1109 at
1060 1059 1089 1108 in
1105 1057 1216 1108 alberea
1228 1055 1291 1107 locst
1303 1067 1372 1113 arce,
1389 1065 1456 1116 roga
1469 1063 1544 1115 prece
1556 1047 1640 1113 diona

69 1099 195 1154 claustro
208 1099 417 1155 monachorum
429 1115 509 1155 secus
518 1099 675 1167 ecclesiam,
687 1100 716 1154 in
726 1099 886 1155 meridiana
967 1128 1032 1179 Cum
1046 1127 1171 1193 mum„
1182 1140 1284 1185 mum,
1296 1126 1343 1191 qu,-
1359 1125 1424 1189 ,0953
1438 1135 1523 1183 om,
1536 1123 1627 1171 Deum,
1711 1161 1713 1166 ¹

69 1197 161 1263 parte,
178 1191 339 1248 tumulavit.
359 1192 498 1248 Proefatus
517 1192 663 1262 Ernaldus,
680 1208 746 1248 cum
766 1195 887 1264 quatuor
936 1198 1053 1259 cliente,
1069 1199 1116 1249 Dei
1129 1197 1264 1264 splendor,
1274 1198 1333 1247 vite
1344 1196 1425 1247 dator
1436 1197 1462 1244 et
1474 1195 1616 1258 reparator

69 1285 217 1341 nobilibus
238 1285 341 1355 socius,
364 1285 483 1343 widone
502 1291 531 1341 et
551 1285 683 1358 lingerio,
702 1287 835 1358 bregone
857 1288 887 1341 et

967 1269 1054 1330 Orbis,
1067 1270 1127 1322 baia
1137 1269 1242 1332 famulo
1254 1268 1406 1333 propitiare
1417 1271 1470 1317 tao.

934 1340 1163 1405 repererimus
1178 1338 1344 1396 nortbertum,
1358 1336 1467 1393 climate,
1482 1332 1611 1386 caminis!

68 1379 179 1448 odone,
198 1379 229 1434 in
248 1378 436 1435 adolescentia
453 1379 585 1434 militiam
603 1378 736 1450 deseruit,
756 1381 786 1434 et
797 1379 886 1434 factus
965 1411 1012 1463 Μ
1024 1411 1104 1463 πίω,
1117 1412 1171 1475 ,m
1184 1423 1265 1473 “¹⁴⁸5
1279 1414 1359 1473 W,
1373 1421 1475 1473 prm„
1486 1405 1599 1471 (ww,

68 1472 243 1540 monachus,
253 1473 319 1545 plus
328 1472 436 1528 cunctis
448 1471 593 1528 sodalibus
603 1472 660 1528 suis
670 1473 700 1528 iu
712 1473 885 1529 monachatu
934 1482 1027 1546 Parce,
1055 1481 1127 1547 qaod
1151 1481 1313 1546 ipsaniam
1339 1481 1458 1545 rogitans
1488 1477 1604 1528 clamore
1628 1471 1686 1523 Ma·

68 1564 233 1635 desudavit,
255 1567 284 1619 et
311 1565 372 1620 fere
398 1564 605 1638 quinquaginta
629 1565 711 1620 annis
732 1565 761 1620 in
787 1565 885 1620 ordine

68 1657 229 1714 monachili
244 1657 372 1713 fervidus
384 1657 462 1714 vixit.
474 1658 523 1713 llic
536 1658 675 1714 nimirum
688 1657 813 1714 ecclesie
825 1673 885 1714 sua

966 1623 1096 1675 consutus
1105 1622 1200 1688 riqidis
1214 1621 1334 1673 omabait
1343 1619 1455 1684 jmntis.
1614 1542 1703 1607 [mm

934 1693 1043 1760 lndnlqe
1054 1694 1154 1760 cnlpae,
1168 1705 1311 1744 mansuras
1326 1704 1415 1743 annae
1425 1702 1520 1754 qoam,

68 1750 188 1806 utilitati
202 1752 270 1806 satis
288 1749 416 1821 inhiavit,
430 1767 482 1823 pro
501 1751 606 1824 quibus
620 1750 815 1807 Britannicum
834 1732 923 1823 pe·B
971 1768 1002 1818 m
1012 1771 1092 1831 qma
1105 1766 1135 1816 in
1148 1765 1240 1817 nitidis
1253 1776 1355 1828 semper
1366 1764 1449 1815 ineam
1460 1760 1555 1814 risoria
1570 1758 1659 1810 lmen.

66 1845 151 1915 lagus
166 1843 314 1899 multoties
326 1843 528 1912 transfretavit,
544 1845 629 1916 atque
643 1843 773 1916 Apuliam
789 1849 818 1899 et
832 1844 886 1900 Ca·

67 1936 203 2007 labriam,
222 1936 411 2008 Siciliamque,
431 1941 462 1992 ut
482 1937 519 1992 de
537 1936 635 2009 spoliis
654 1939 807 2009 parentum
823 1953 886 1994 suo·
936 1940 1052 1998 Μαῖα
1063 1938 1170 1996 Ruteni
1183 1937 1258 1994 ducis
1273 1937 1485 1992 administratio.
1497 1934 1652 2003 Instiqante
1660 1931 1750 1992 omia

67 2047 133 2086 rum
147 2030 275 2087 ecclesiae
289 2047 349 2086 sure
363 2030 523 2087 subsidium
536 2030 742 2103 suppeditaret,
758 2035 888 2103 penctra-

1104 2019 1225 2089 episcopo
1240 2016 1449 2074 cenomanenses
1461 2013 1580 2070 invadit.

67 2124 115 2179 vit.
131 2125 213 2179 Tunc
231 2124 424 2192 Guillelmum,
447 2124 578 2180 abbatem
599 2127 705 2180 sancta
719 2124 887 2196 Euphemias
972 2154 1122 2212 Gufflelmo
1143 2156 1215 2211 Rufo
1241 2171 1295 2228 pe„
1315 2169 1415 2210 omne,
1437 2153 1595 2225 pngqomm
1614 2150 1750 2223 “lgiones

67 2218 191 2273 ‘mmm
214 2233 310 2285 ⁸⁰¹¹m’
335 2223 364 2273 et
388 2217 572 2274 G⁰i¹¹⁰¹¹¹¹¹¹¹¹¹
598 2217 634 2273 ‘³⁰
659 2217 886 2288 crantemaisnil
937 2249 1114 2319 dominante,
1135 2254 1164 2306 et
1184 2248 1291 2320 ubique
1314 2247 1432 2304 rebelles
1454 2245 1605 2319 principali
1627 2260 1749 2300 censura

67 2310 276 2368 ⁰⁰⁰⁸⁰bri¹¹¹¹m
296 2326 391 2416 ’ΠΨ
407 2310 534 2416 ’ῥοῗᾳυθ
549 2313 684 2416 ωῧηῗὶοῧ
703 2327 770 2416 ⁵ff¹⁰⁸
787 2310 817 2366 in
836 2312 888 2367 Μ’
937 2343 1048 2399 fortiter
1059 2342 1277 2415 comprimente,
1294 2341 1426 2414 turgidus
1439 2340 1510 2410 Odo,
1519 2339 1554 2395 de
1563 2337 1668 2411 anglia
1678 2336 1750 2408 ejec-

68 2406 104 2461 lia
117 2404 309 2477 locupletatos
327 2405 408 2474 adsit,
424 2420 551 2476 ipsisque
565 2404 689 2476 benigna
703 2421 732 2460 vs
746 2410 888 2477 quantum
936 2440 992 2504 ms,
1019 2435 1199 2508 Bajooensem
1227 2434 1375 2491 dioeeesim
1399 2433 1524 2505 repetiit,
1549 2436 1579 2488 e,
1603 2430 1748 2486 Rodbem

67 2497 175 2571 petiuit,
188 2502 222 2554 ut
234 2498 405 2554 monasterio
418 2513 468 2553 suo
484 2499 637 2566 conferret,
651 2497 775 2553 abstulit.
788 2497 833 2553 Sic
850 2498 887 2554 de
936 2529 1006 2585 duce
1021 2529 1143 2584 monitor
1157 2534 1274 2601 agente,
1286 2529 1337 2584 toti
1354 2525 1537 2583 Normauniae
1548 2523 1691 2581 dominari
1704 2539 1748 2578 sa·

67 2592 322 2696 mmmmm
339 2607 456 2694 mmm?
471 2593 598 2695 ⁰rf¹³t⁰⁵’
615 2595 644 2646 οἱ
661 2592 720 2646 ⁸¹³³
735 2591 887 2694 ⁰⁰m¹f¹⁰d⁸
936 2622 1016 2694 tegit.
1038 2623 1183 2678 Provincia
1203 2626 1263 2677 tota
1290 2624 1352 2677 erat
1377 2621 1525 2689 dissoluta,
1549 2624 1578 2674 et
1598 2618 1748 2691 praedones

68 2686 199 2788 ecclesias
221 2699 280 2740 sua
303 2686 483 2788 procuravit,
503 2699 635 2788 ipsosque
657 2699 887 2787 consvsngtlttltiol
936 2715 1100 2771 catervatim
1113 2714 1308 2770 discurrebant
1329 2713 1471 2785 pervices
1492 2718 1521 2769 et
1539 2728 1592 2784 per
1611 2727 1687 2779 rura,
1702 2708 1746 2765 ni·

67 2777 241 2833 ”mmmm
264 2780 431 2881 m⁰⁰³⁸tffr¹f
453 2776 624 2881 ffwl'¹3³'¹t‘
649 2776 747 2880 HQ
769 2776 887 2880 ¹⁰J¹¹¹⁵f³¹⁸
936 2809 1083 2881 miumque
1102 2824 1187 2880 super
1206 2808 1330 2864 inermes
1353 2806 1583 2862 debacchabatur
1596 2807 1745 2862 latruncu-

67 2877 156 2943 ΜΗΘ
169 2870 301 2943 “9⁰¹⁸ae
313 2871 445 2975 plnum
458 2887 488 2925 ¹⁰
507 2870 576 2974 ¹9⁰³
590 2870 718 2941 pertum’
732 2870 780 2926 πᾶ
795 2870 831 2924 ’ὼ
846 2886 888 2925 ¹¹¹'
935 2902 1031 2958 lorum
1042 2906 1162 2958 caterva.
1179 2900 1340 2958 liodbertns
1354 2900 1412 2956 dux
1426 2899 1533 2954 nullam
1552 2913 1637 2970 super
1655 2896 1747 2952 male·

66 2969 163 3036 mm
182 2968 301 3032 ⁰⁰⁰⁸tu’
323 2964 387 3019 Μ
405 2964 539 3035 plurima
560 2962 778 3019 mmmmm
795 2963 886 3019 inte*
935 2995 1054 3052 factores
1077 2995 1226 3051 exercebat
1245 2994 1433 3067 disciplinam,
1454 2999 1483 3048 et
1502 2994 1675 3063 grassatores
1696 3005 1750 3061 per

67 3058 139 3114 dum
155 3061 184 3161 Ῠι
198 3057 366 3160 frequen&
379 3057 577 3161 impeqioemr',
590 3055 697 3161 dffpfffi
711 3074 769 3112 ¹¹⁰⁰
784 3057 885 3128 Ροωῆ·
898 3096 926 3171 C
937 3090 1001 3141 octo
1014 3101 1102 3141 annos
1115 3084 1167 3140 sub
1183 3084 1262 3140 molli
1275 3083 1402 3156 principe
1415 3099 1501 3156 super
1514 3080 1687 3138 imbecillem
1700 3095 1750 3152 po·

66 3151 228 3207 Praedictus
242 3166 286 3205 vrr
302 3151 347 3205 his
366 3155 395 3205 et
413 3149 579 3221 hujusmodi
596 3150 707 3205 nisibus
725 3154 768 3206 sat
785 3166 886 3223 proca·

66 3246 142 3300 citer
155 3243 276 3312 studuit,
289 3243 407 3316 ejusque
427 3243 520 3299 studio
534 3243 664 3299 conditus
684 3261 771 3316 super
790 3249 887 3299 tumn·
938 3272 1087 3327 Eoelesiam
1115 3272 1264 3339 mabam,
1288 3277 1317 3327 e,
1343 3271 1548 3345 possessiones,
1571 3285 1641 3342 quas
1668 3272 1749 3323 ant„

938 3179 1038 3251 pulum
1052 3195 1133 3234 suam
1146 3178 1294 3250 agitabant
1307 3177 1421 3233 furiam.
1442 3179 1607 3248 Importnne
1621 3176 1749 3231 sanctam

67 3340 129 3395 lum
149 3337 246 3393 fratris
264 3337 318 3405 sui,
333 3336 462 3408 lapideus
477 3353 560 3392 araus
577 3352 668 3408 usque
687 3337 772 3392 bodie
793 3337 887 3393 consi·

67 3433 127 3487 stit.

103 3523 263 3581 ltainaldus
274 3523 375 3596 pictor,
389 3528 579 3596 cognomento
594 3523 826 3593 Bartholomaeus,
840 3540 888 3580 va·

65 3619 118 3675 riis
136 3617 282 3674 coloribus
301 3632 398 3672 arcum
418 3617 617 3689 tumulumque
636 3616 773 3687 depinxit,
793 3623 822 3673 et
841 3617 887 3673 Vi·

65 3713 134 3770 talis
158 3711 330 3783 negligens,
352 3711 420 3766 salis
444 3709 480 3766 ab
503 3710 625 3765 Ernaldo
648 3713 776 3782 rogatus,
800 3711 888 3783 epita·

65 3806 172 3878 phium
188 3803 322 3876 elegiacis
337 3803 462 3859 semibus
475 3803 530 3859 hoc
543 3803 627 3859 modo
644 3803 755 3860 edidit:

133 3991 189 4041 Hoc
204 3989 233 4039 in
244 3986 388 4045 mausoleo,
401 3985 543 4038 Radbertus
554 3985 587 4037 de
599 3985 733 4038 llodelenta

163 4057 305 4120 conditur,
318 4058 433 4109 humano
447 4070 520 4108 more
534 4055 587 4107 soti
599 4057 709 4121 gremio.

128 4128 219 4181 Filias
237 4128 354 4192 unfredi,
372 4130 504 4179 Dacorum
517 4132 650 4191 sommare
663 4127 732 4188 nati,

163 4200 251 4251 Fortis
265 4205 289 4250 et
301 4199 414 4250 illustris
428 4198 476 4249 iste
489 4197 540 4261 [nit
549 4198 668 4261 juvenis.

133 4270 254 4335 Dapsilis
267 4276 290 4321 es
302 4283 426 4335 pnqisac,
439 4269 529 4334 agitis,
543 4268 675 4332 formosas
690 4274 714 4320 et
729 4268 825 4322 audac

162 4340 240 4393 lfites
254 4342 284 4391 in
295 4341 357 4393 orbe
370 4341 430 4405 fait,
443 4341 532 4391 civem
543 4340 607 4392 dum
618 4340 700 4391 licuit.

128 4412 252 4464 Maronia
263 4412 410 4477 munificus,
422 4412 553 4476 sociaque
565 4410 650 4476 fidelis
663 4411 775 4472 amians,

165 4485 205 4544 ur,
219 4481 318 4535 Christi
330 4496 440 4548 sponse,
453 4483 545 4548 paruit
560 4481 690 4542 Ecclesia,

130 4554 309 4619 Presbyteroe,
323 4555 473 4614 monachos,
487 4553 603 4618 pupillos
618 4559 642 4605 et
654 4554 809 4619 peregrinos

163 4627 273 4692 Semper
284 4625 441 4686 honorabat,
458 4624 585 4691 largoque
595 4624 667 4676 dona
680 4624 770 4676 mbas.

130 4696 286 4750 ennarrans
296 4701 424 4754 emirum,
439 4696 570 4761 tenuitque
583 4695 630 4747 din
643 4696 820 4758 dodelsntam,

161 4768 289 4820 Firmiter
298 4766 432 4828 indigenis
443 4767 591 4830 oppositam
605 4764 717 4817 rabidis.

132 4838 295 4892 Barbaricas
305 4844 398 4889 contra
409 4842 496 4901 penas
510 4838 626 4887 exercuit
642 4850 730 4888 arma.

160 4910 235 4963 nisa
246 4909 347 4973 aeneia
358 4908 441 4973 probo
454 4913 544 4970 sponte
555 4906 642 4970 [erens
653 4909 753 4968 animo,

129 4986 246 5036 Nonum
257 4981 440 5043 svaudunum,
452 4979 614 5044 daciamque
623 4979 703 5031 citam
716 4979 857 5032 Colarnum

163 5051 289 5105 Pluribus
304 5051 417 5102 annalis
431 5051 548 5101 transilit
559 5050 670 5101 onibus.

130 5125 305 5189 remipaam,
318 5121 429 5187 palatro
444 5121 554 5172 blideno
566 5134 629 5185 repe
642 5121 745 5187 [spata

162 5195 284 5247 &mom
295 5208 354 5246 cnm
366 5193 461 5259 paneis
473 5194 540 5256 cepit
553 5192 583 5241 in
595 5192 711 5243 insidiis.

129 5266 217 5319 Duxit
230 5267 371 5330 motivum,
387 5264 501 5329 lorisque
514 5261 609 5328 ligavit
620 5261 751 5323 Hostium,

163 5339 214 5402 Qui
225 5342 287 5389 tunc
302 5337 432 5389 Wotlensi
444 5338 621 5400 resperserat
635 5336 739 5385 morsm.

129 5409 205 5474 cepit
215 5407 393 5472 Gritbfridum
404 5420 500 5473 repens,
513 5406 627 5470 vicitque
640 5405 794 5457 Trebsltam.

161 5483 206 5535 Sia
219 5481 310 5532 micuit
323 5479 423 5531 crebris
436 5478 537 5530 militia
552 5477 644 5529 litatis.

127 5555 255 5607 Attamen
264 5551 371 5602 incante
388 5549 532 5600 Waltenses
544 5560 628 5600 ansas
639 5547 726 5606 adire,

161 5622 263 5676 Occidit
273 5622 355 5675 estivi
365 5621 498 5686 principio
509 5619 586 5671 latii.

97 5794 150 5862 (Ιί)
163 5793 238 5862 Lege
249 5791 357 5860 prodiit.
372 5791 410 5845 Le
423 5790 544 5844 Provost.

937 3381 1061 3422 cessores
1081 3365 1150 3422 boni
1168 3365 1323 3421 liberaliter
1346 3365 1492 3431 dederant,
1509 3363 1649 3418 violenter
1666 3360 1749 3417 aule-

938 3459 1042 3515 rebant
1053 3464 1103 3514 aul
1116 3458 1314 3515 devastabant.
1331 3458 1461 3513 Desolata
1475 3456 1625 3529 gemebant
1638 3470 1752 3511 monas·

938 3551 1026 3621 teria,
1046 3556 1074 3607 et
1101 3551 1286 3607 monachiae
1306 3550 1536 3606 sanctimoniales
1556 3548 1661 3620 grandi
1683 3563 1748 3620 pre·

939 3645 1091 3701 mebantnr
1105 3645 1235 3717 penurie.
1250 3647 1281 3700 ln
1301 3647 1445 3700 tantarum
1462 3643 1640 3698 simultatum
1660 3640 1749 3712 pesti-

939 3738 1035 3806 lentia,
1050 3737 1144 3793 nullus
1165 3737 1255 3793 honos
1266 3739 1324 3794 lieo
1346 3737 1463 3793 sacratis
1482 3735 1681 3802 exhibebatur,
1697 3749 1750 3788 seu

938 3831 1105 3889 reverentia.
1130 3830 1260 3896 Quotidie
1286 3832 1390 3888 flebant
1415 3830 1554 3897 incendia,
1581 3828 1691 3900 rapinae
1721 3829 1752 3882 et

938 3924 1103 3994 homicidia,
1124 3927 1153 3980 et
1173 3924 1290 3997 lugebat
1311 3925 1398 3997 plebs,
1425 3923 1519 3980 nimiis
1543 3919 1750 3978 calamitatibus

939 4019 1032 4074 anxia.
1048 4018 1109 4074 Filii
1121 4035 1244 4091 nequam
1255 4017 1443 4089 emergebant
1458 4018 1487 4072 in
1500 4015 1685 4079 Normannia‚
1700 4013 1750 4086 qui

939 4111 1051 4167 enormi
1081 4129 1147 4168 cum
1172 4111 1306 4168 aviditate
1329 4112 1366 4166 ad
1389 4115 1490 4167 cuncta
1517 4107 1642 4182 prompti
1669 4112 1751 4164 erant

938 4204 1085 4275 facinora,
1120 4211 1149 4261 et
1178 4205 1334 4261 crudeliter
1364 4207 1494 4260 materna
1527 4201 1752 4274 depascebantur

939 4297 1054 4354 viscera.

975 4393 1052 4448 luter
1063 4390 1125 4446 hasa
1138 4390 1256 4464 impune
1272 4392 1444 4465 procedebat
1456 4390 1589 4464 petulans
1603 4389 1748 4460 illecebra,

897 4463 926 4535 D
938 4485 1037 4542 molles
1052 4483 1233 4558 flammisque
1249 4486 1418 4543 cremandos
1431 4485 1553 4557 turpiter
1565 4482 1688 4540 foedabat
1702 4482 1751 4538 Ve-

938 4596 992 4636 nus
1011 4578 1189 4637 sodomitica.
1210 4579 1368 4636 llaritalem
1388 4585 1482 4635 torum
1507 4577 1618 4650 publice
1641 4575 1749 4648 pollue-

937 4674 1010 4729 bant
1038 4673 1185 4744 adulteria,
1200 4676 1230 4728 et
1251 4689 1321 4746 erga
1335 4673 1437 4729 divina
1454 4673 1525 4744 legis
1543 4670 1750 4727 observantiam

939 4766 1087 4838 multiplex
1104 4766 1202 4822 aderat
1217 4765 1401 4838 negligentia.
1424 4764 1554 4837 Episcopi
1575 4780 1607 4820 er
1627 4761 1748 4818 auctori-

938 4864 996 4917 tate
1009 4858 1059 4916 bei
1079 4860 1192 4932 exleges
1213 4859 1500 4927 anathematizabant,
1515 4858 1640 4930 theologi
1659 4856 1750 4929 prola·

938 4954 973 5010 tis
992 4953 1169 5010 sermonibus
1183 4954 1233 5010 Dei
1245 4970 1309 5010 reos
1326 4953 1530 5008 admonebant.
1550 4952 1604 5008 Sed
1627 4951 1672 5006 his
1687 4966 1748 5007 om·

937 5048 1021 5103 nibus
1034 5053 1128 5104 tumor
1145 5055 1174 5104 et
1193 5047 1331 5120 cupiditas
1350 5063 1416 5104 cum
1435 5046 1602 5103 satellitibus
1622 5045 1681 5101 suis
1694 5045 1749 5100 im·

938 5141 1083 5197 moderate
1096 5141 1274 5198 resistebant.
1290 5141 1460 5198 Adidterina
1471 5141 1577 5213 passim
1596 5139 1750 5212 municipia

937 5233 1144 5303 condebantur,
1165 5238 1194 5290 et
1213 5235 1325 5291 ibidem
1346 5234 1396 5290 lilii
1418 5235 1575 5305 latronum,
1589 5251 1641 5290 ceu
1663 5232 1749 5289 catali

937 5327 1071 5400 luporum
1097 5326 1132 5383 ad
1159 5328 1349 5384 dilacerandas
1371 5327 1510 5396 bidentes,
1537 5327 1748 5384 nutriebantur.

936 5420 1104 5478 Occasiones
1123 5421 1338 5478 inimicitiarum
1358 5422 1393 5479 ab
1412 5422 1521 5495 iniquis
1539 5421 1749 5494 querebantur,

937 5520 967 5570 ut
983 5515 1090 5570 mutuis
1103 5515 1278 5571 conflictibus
1292 5515 1421 5573 finitima
1434 5517 1513 5573 sedes
1527 5516 1747 5589 frequentaren-

936 5612 993 5680 tur,
1008 5612 1037 5664 et
1047 5609 1216 5680 rapacitates
1230 5625 1295 5666 cum
1310 5611 1447 5667 incendiis
1460 5611 1629 5667 irreverenti
1643 5615 1748 5666 conatu
