<?xml version="1.0" encoding="UTF-8"?>
<!DOCTYPE html PUBLIC "-//W3C//DTD XHTML 1.0 Transitional//EN"
    "http://www.w3.org/TR/xhtml1/DTD/xhtml1-transitional.dtd">
<html xmlns="http://www.w3.org/1999/xhtml" xml:lang="en" lang="en">
 <head>
  <title>
</title>
<meta http-equiv="Content-Type" content="text/html;charset=utf-8" />
  <meta name='ocr-system' content='tesseract 3.04.00' />
  <meta name='ocr-capabilities' content='ocr_page ocr_carea ocr_par ocr_line ocrx_word'/>
</head>
<body>
  <div class='ocr_page' id='page_1' title='image "./patrologiaecurs67unkngoog_0313.png"; bbox 0 0 3750 6046; ppageno 0'>
   <div class='ocr_carea' id='block_1_1' title="bbox 143 173 1818 255">
    <p class='ocr_par' dir='ltr' id='par_1_1' title="bbox 143 173 1818 255">
     <span class='ocr_line' id='line_1_1' title="bbox 143 173 1818 255; baseline 0.003 -6"><span class='ocrx_word' id='word_1_1' title='bbox 143 185 194 250; x_wconf 80' lang='lat' dir='ltr'><strong>cro</strong></span> <span class='ocrx_word' id='word_1_2' title='bbox 789 173 793 187; x_wconf 91' lang='grc'><strong>’</strong></span> <span class='ocrx_word' id='word_1_3' title='bbox 840 186 1002 251; x_wconf 82' lang='lat' dir='ltr'><strong>onuenrcr</strong></span> <span class='ocrx_word' id='word_1_4' title='bbox 1023 187 1151 252; x_wconf 79' lang='lat' dir='ltr'><strong>virius</strong></span> <span class='ocrx_word' id='word_1_5' title='bbox 1190 178 1193 183; x_wconf 83' lang='grc'>’</span> <span class='ocrx_word' id='word_1_6' title='bbox 1768 188 1818 255; x_wconf 75' lang='lat' dir='ltr'><strong>oso</strong></span> 
     </span>
    </p>
   </div>
   <div class='ocr_carea' id='block_1_2' title="bbox 108 318 1823 3022">
    <p class='ocr_par' dir='ltr' id='par_1_2' title="bbox 108 318 1823 3022">
     <span class='ocr_line' id='line_1_2' title="bbox 143 318 1819 417; baseline 0.003 -45"><span class='ocrx_word' id='word_1_7' title='bbox 143 325 206 394; x_wconf 87' lang='lat' dir='ltr'><strong>post</strong></span> <span class='ocrx_word' id='word_1_8' title='bbox 230 320 380 376; x_wconf 82' lang='lat' dir='ltr'><strong>defunctus</strong></span> <span class='ocrx_word' id='word_1_9' title='bbox 403 320 455 389; x_wconf 90' lang='lat' dir='ltr'><strong>est,</strong></span> <span class='ocrx_word' id='word_1_10' title='bbox 477 321 506 375; x_wconf 90' lang='lat' dir='ltr'><strong>et</strong></span> <span class='ocrx_word' id='word_1_11' title='bbox 525 318 657 377; x_wconf 86' lang='lat' dir='ltr'><strong>lethifera</strong></span> <span class='ocrx_word' id='word_1_12' title='bbox 678 318 772 377; x_wconf 82' lang='lat' dir='ltr'><strong>clades</strong></span> <span class='ocrx_word' id='word_1_13' title='bbox 795 338 845 393; x_wconf 90' lang='lat' dir='ltr'><strong>per</strong></span> <span class='ocrx_word' id='word_1_14' title='bbox 865 326 954 377; x_wconf 90' lang='lat' dir='ltr'><strong>totam</strong></span> <span class='ocrx_word' id='word_1_15' title='bbox 965 325 1108 417; x_wconf 59' lang='lat' dir='ltr'><strong>Astatuta</strong></span> <span class='ocrx_word' id='word_1_16' title='bbox 1133 322 1220 395; x_wconf 87' lang='lat' dir='ltr'><strong>patris</strong></span> <span class='ocrx_word' id='word_1_17' title='bbox 1245 324 1303 379; x_wconf 92' lang='lat' dir='ltr'><strong>mei</strong></span> <span class='ocrx_word' id='word_1_18' title='bbox 1328 340 1345 379; x_wconf 90' lang='lat' dir='ltr'><strong>a</strong></span> <span class='ocrx_word' id='word_1_19' title='bbox 1366 323 1484 396; x_wconf 86' lang='lat' dir='ltr'><strong>pristina</strong></span> <span class='ocrx_word' id='word_1_20' title='bbox 1505 323 1646 380; x_wconf 73' lang='lat' dir='ltr'>soliditate</span> <span class='ocrx_word' id='word_1_21' title='bbox 1667 324 1698 380; x_wconf 91' lang='lat' dir='ltr'><strong>iu</strong></span> <span class='ocrx_word' id='word_1_22' title='bbox 1722 324 1819 379; x_wconf 81' lang='lat' dir='ltr'><strong>miritis</strong></span> 
     </span>
     <span class='ocr_line' id='line_1_3' title="bbox 144 414 1817 490; baseline 0.001 -19"><span class='ocrx_word' id='word_1_23' title='bbox 144 415 286 471; x_wconf 75' lang='lat' dir='ltr'><strong>diaecesim</strong></span> <span class='ocrx_word' id='word_1_24' title='bbox 302 414 364 487; x_wconf 81' lang='lat' dir='ltr'><strong>ejus</strong></span> <span class='ocrx_word' id='word_1_25' title='bbox 375 415 546 470; x_wconf 89' lang='lat' dir='ltr'><strong>debacchata</strong></span> <span class='ocrx_word' id='word_1_26' title='bbox 561 419 612 471; x_wconf 90' lang='lat' dir='ltr'><strong>est.</strong></span> <span class='ocrx_word' id='word_1_27' title='bbox 1007 418 1214 473; x_wconf 85' lang='lat' dir='ltr'><strong>vacillaverunt.</strong></span> <span class='ocrx_word' id='word_1_28' title='bbox 1240 419 1318 473; x_wconf 89' lang='lat' dir='ltr'><strong>Nunc</strong></span> <span class='ocrx_word' id='word_1_29' title='bbox 1340 417 1438 490; x_wconf 85' lang='lat' dir='ltr'><strong>igitur,</strong></span> <span class='ocrx_word' id='word_1_30' title='bbox 1462 417 1566 490; x_wconf 81' lang='lat' dir='ltr'><strong>inelyte</strong></span> <span class='ocrx_word' id='word_1_31' title='bbox 1589 434 1648 485; x_wconf 82' lang='lat' dir='ltr'><strong>rex,</strong></span> <span class='ocrx_word' id='word_1_32' title='bbox 1670 417 1817 490; x_wconf 90' lang='lat' dir='ltr'><strong>acquiesce</strong></span> 
     </span>
     <span class='ocr_line' id='line_1_4' title="bbox 179 509 1819 582; baseline 0.001 -18"><span class='ocrx_word' id='word_1_33' title='bbox 179 512 262 564; x_wconf 78' lang='lat' dir='ltr'><strong>Anno</strong></span> <span class='ocrx_word' id='word_1_34' title='bbox 277 509 312 565; x_wconf 91' lang='lat' dir='ltr'><strong>ah</strong></span> <span class='ocrx_word' id='word_1_35' title='bbox 327 510 525 565; x_wconf 89' lang='lat' dir='ltr'><strong>iucarnatioue</strong></span> <span class='ocrx_word' id='word_1_36' title='bbox 539 509 652 566; x_wconf 87' lang='lat' dir='ltr'>Domini</span> <span class='ocrx_word' id='word_1_37' title='bbox 667 511 746 577; x_wconf 77' lang='lat' dir='ltr'><strong>l089,</strong></span> <span class='ocrx_word' id='word_1_38' title='bbox 761 509 913 565; x_wconf 74' lang='lat' dir='ltr'><strong>indictione</strong></span> <span class='ocrx_word' id='word_1_39' title='bbox 926 526 955 576; x_wconf 87' lang='lat' dir='ltr'><strong>x,</strong></span> <span class='ocrx_word' id='word_1_40' title='bbox 1007 510 1088 578; x_wconf 90' lang='lat' dir='ltr'><strong>mibi,</strong></span> <span class='ocrx_word' id='word_1_41' title='bbox 1100 515 1129 565; x_wconf 91' lang='lat' dir='ltr'><strong>et</strong></span> <span class='ocrx_word' id='word_1_42' title='bbox 1141 528 1251 566; x_wconf 79' lang='lat' dir='ltr'><strong>ruceium</strong></span> <span class='ocrx_word' id='word_1_43' title='bbox 1263 512 1299 566; x_wconf 89' lang='lat' dir='ltr'><strong>ad</strong></span> <span class='ocrx_word' id='word_1_44' title='bbox 1310 512 1427 567; x_wconf 82' lang='lat' dir='ltr'><strong>fratrem</strong></span> <span class='ocrx_word' id='word_1_45' title='bbox 1440 527 1536 567; x_wconf 81' lang='lat' dir='ltr'><strong>marim</strong></span> <span class='ocrx_word' id='word_1_46' title='bbox 1548 512 1624 581; x_wconf 90' lang='lat' dir='ltr'><strong>veui,</strong></span> <span class='ocrx_word' id='word_1_47' title='bbox 1634 511 1819 582; x_wconf 79' lang='lat' dir='ltr'><strong>inveniesque</strong></span> 
     </span>
     <span class='ocr_line' id='line_1_5' title="bbox 144 602 1821 677; baseline 0 -19"><span class='ocrx_word' id='word_1_48' title='bbox 144 602 313 658; x_wconf 90' lang='lat' dir='ltr'><strong>venerabilis</strong></span> <span class='ocrx_word' id='word_1_49' title='bbox 330 605 512 673; x_wconf 81' lang='lat' dir='ltr'><strong>laufrancus,</strong></span> <span class='ocrx_word' id='word_1_50' title='bbox 529 603 749 659; x_wconf 88' lang='lat' dir='ltr'><strong>Dorobemensis</strong></span> <span class='ocrx_word' id='word_1_51' title='bbox 764 602 954 674; x_wconf 88' lang='lat' dir='ltr'><strong>archiepisco·</strong></span> <span class='ocrx_word' id='word_1_52' title='bbox 1005 604 1079 675; x_wconf 90' lang='lat' dir='ltr'><strong>apud</strong></span> <span class='ocrx_word' id='word_1_53' title='bbox 1098 621 1164 659; x_wconf 91' lang='lat' dir='ltr'><strong>eum</strong></span> <span class='ocrx_word' id='word_1_54' title='bbox 1185 605 1376 674; x_wconf 89' lang='lat' dir='ltr'><strong>dulcedinem,</strong></span> <span class='ocrx_word' id='word_1_55' title='bbox 1397 605 1521 677; x_wconf 89' lang='lat' dir='ltr'><strong>bonique</strong></span> <span class='ocrx_word' id='word_1_56' title='bbox 1545 605 1735 672; x_wconf 84' lang='lat' dir='ltr'><strong>affluentiam,</strong></span> <span class='ocrx_word' id='word_1_57' title='bbox 1755 606 1821 676; x_wconf 91' lang='lat' dir='ltr'><strong>quia</strong></span> 
     </span>
     <span class='ocr_line' id='line_1_6' title="bbox 142 695 1819 771; baseline -0.001 -17"><span class='ocrx_word' id='word_1_58' title='bbox 142 715 206 771; x_wconf 90' lang='lat' dir='ltr'><strong>pus,</strong></span> <span class='ocrx_word' id='word_1_59' title='bbox 228 698 376 754; x_wconf 83' lang='lat' dir='ltr'><strong>defunctus</strong></span> <span class='ocrx_word' id='word_1_60' title='bbox 396 703 448 765; x_wconf 89' lang='lat' dir='ltr'><strong>est,</strong></span> <span class='ocrx_word' id='word_1_61' title='bbox 468 704 497 752; x_wconf 88' lang='lat' dir='ltr'><strong>et</strong></span> <span class='ocrx_word' id='word_1_62' title='bbox 514 696 700 751; x_wconf 87' lang='lat' dir='ltr'><strong>ecclesiastiea</strong></span> <span class='ocrx_word' id='word_1_63' title='bbox 720 695 869 768; x_wconf 81' lang='lat' dir='ltr'><strong>possessio,</strong></span> <span class='ocrx_word' id='word_1_64' title='bbox 892 712 956 766; x_wconf 78' lang='lat' dir='ltr'><strong>quas</strong></span> <span class='ocrx_word' id='word_1_65' title='bbox 1005 699 1123 754; x_wconf 93' lang='lat' dir='ltr'><strong>vicinior</strong></span> <span class='ocrx_word' id='word_1_66' title='bbox 1137 705 1178 754; x_wconf 92' lang='lat' dir='ltr'><strong>est</strong></span> <span class='ocrx_word' id='word_1_67' title='bbox 1191 704 1219 753; x_wconf 90' lang='lat' dir='ltr'><strong>et</strong></span> <span class='ocrx_word' id='word_1_68' title='bbox 1233 699 1382 770; x_wconf 88' lang='lat' dir='ltr'><strong>potentior,</strong></span> <span class='ocrx_word' id='word_1_69' title='bbox 1399 705 1428 754; x_wconf 90' lang='lat' dir='ltr'><strong>et</strong></span> <span class='ocrx_word' id='word_1_70' title='bbox 1447 699 1584 770; x_wconf 86' lang='lat' dir='ltr'><strong>majorem</strong></span> <span class='ocrx_word' id='word_1_71' title='bbox 1599 697 1688 754; x_wconf 91' lang='lat' dir='ltr'><strong>babet</strong></span> <span class='ocrx_word' id='word_1_72' title='bbox 1706 698 1819 753; x_wconf 87' lang='lat' dir='ltr'><strong>divitia-</strong></span> 
     </span>
     <span class='ocr_line' id='line_1_7' title="bbox 144 788 1821 865; baseline -0.004 -17"><span class='ocrx_word' id='word_1_73' title='bbox 144 792 335 864; x_wconf 82' lang='lat' dir='ltr'><strong>metropolitta</strong></span> <span class='ocrx_word' id='word_1_74' title='bbox 357 789 544 862; x_wconf 73' lang='lat' dir='ltr'><strong>competebat,</strong></span> <span class='ocrx_word' id='word_1_75' title='bbox 562 790 690 844; x_wconf 91' lang='lat' dir='ltr'><strong>dominio</strong></span> <span class='ocrx_word' id='word_1_76' title='bbox 708 790 782 860; x_wconf 86' lang='lat' dir='ltr'><strong>ragis</strong></span> <span class='ocrx_word' id='word_1_77' title='bbox 798 805 850 860; x_wconf 88' lang='lat' dir='ltr'><strong>per</strong></span> <span class='ocrx_word' id='word_1_78' title='bbox 866 788 954 843; x_wconf 91' lang='lat' dir='ltr'><strong>trien-</strong></span> <span class='ocrx_word' id='word_1_79' title='bbox 1006 809 1070 847; x_wconf 90' lang='lat' dir='ltr'><strong>rum</strong></span> <span class='ocrx_word' id='word_1_80' title='bbox 1088 792 1208 864; x_wconf 82' lang='lat' dir='ltr'><strong>copiam.</strong></span> <span class='ocrx_word' id='word_1_81' title='bbox 1228 814 1241 842; x_wconf 82' lang='grc' dir='ltr'><strong>ιι</strong></span> <span class='ocrx_word' id='word_1_82' title='bbox 1261 793 1415 865; x_wconf 73' lang='lat' dir='ltr'><strong>{listraque</strong></span> <span class='ocrx_word' id='word_1_83' title='bbox 1438 793 1592 864; x_wconf 77' lang='lat' dir='ltr'><strong>promissis,</strong></span> <span class='ocrx_word' id='word_1_84' title='bbox 1616 809 1665 847; x_wconf 75' lang='lat' dir='ltr'><strong>rex</strong></span> <span class='ocrx_word' id='word_1_85' title='bbox 1685 792 1821 848; x_wconf 74' lang='lat' dir='ltr'><strong>credulus</strong></span> 
     </span>
     <span class='ocr_line' id='line_1_8' title="bbox 145 882 1820 959; baseline -0.001 -18"><span class='ocrx_word' id='word_1_86' title='bbox 145 887 224 941; x_wconf 90' lang='lat' dir='ltr'><strong>nium</strong></span> <span class='ocrx_word' id='word_1_87' title='bbox 238 885 350 940; x_wconf 86' lang='lat' dir='ltr'><strong>subdita</strong></span> <span class='ocrx_word' id='word_1_88' title='bbox 363 887 413 939; x_wconf 89' lang='lat' dir='ltr'><strong>est.</strong></span> <span class='ocrx_word' id='word_1_89' title='bbox 429 884 534 939; x_wconf 84' lang='lat' dir='ltr'><strong>Deinde</strong></span> <span class='ocrx_word' id='word_1_90' title='bbox 548 899 624 938; x_wconf 87' lang='lat' dir='ltr'><strong>sacer</strong></span> <span class='ocrx_word' id='word_1_91' title='bbox 637 883 796 951; x_wconf 70' lang='lat' dir='ltr'><strong>anselmus,</strong></span> <span class='ocrx_word' id='word_1_92' title='bbox 811 882 956 938; x_wconf 88' lang='lat' dir='ltr'><strong>Deceeusis</strong></span> <span class='ocrx_word' id='word_1_93' title='bbox 1006 886 1122 941; x_wconf 81' lang='lat' dir='ltr'><strong>allectus</strong></span> <span class='ocrx_word' id='word_1_94' title='bbox 1137 891 1189 954; x_wconf 91' lang='lat' dir='ltr'><strong>est,</strong></span> <span class='ocrx_word' id='word_1_95' title='bbox 1209 893 1238 942; x_wconf 89' lang='lat' dir='ltr'><strong>ct</strong></span> <span class='ocrx_word' id='word_1_96' title='bbox 1256 887 1375 958; x_wconf 90' lang='lat' dir='ltr'><strong>peractis</strong></span> <span class='ocrx_word' id='word_1_97' title='bbox 1389 887 1539 959; x_wconf 89' lang='lat' dir='ltr'><strong>colloquiis</strong></span> <span class='ocrx_word' id='word_1_98' title='bbox 1553 903 1618 942; x_wconf 78' lang='lat' dir='ltr'><strong>earm</strong></span> <span class='ocrx_word' id='word_1_99' title='bbox 1634 902 1703 958; x_wconf 86' lang='lat' dir='ltr'><strong>rege</strong></span> <span class='ocrx_word' id='word_1_100' title='bbox 1722 886 1820 958; x_wconf 88' lang='lat' dir='ltr'><strong>pacili-</strong></span> 
     </span>
     <span class='ocr_line' id='line_1_9' title="bbox 144 977 1821 1052; baseline 0 -18"><span class='ocrx_word' id='word_1_101' title='bbox 144 980 240 1046; x_wconf 87' lang='lat' dir='ltr'><strong>abbas,</strong></span> <span class='ocrx_word' id='word_1_102' title='bbox 254 979 433 1050; x_wconf 86' lang='lat' dir='ltr'><strong>dispensante</strong></span> <span class='ocrx_word' id='word_1_103' title='bbox 449 979 517 1044; x_wconf 92' lang='lat' dir='ltr'><strong>Deo,</strong></span> <span class='ocrx_word' id='word_1_104' title='bbox 532 978 675 1045; x_wconf 90' lang='lat' dir='ltr'><strong>suecessit,</strong></span> <span class='ocrx_word' id='word_1_105' title='bbox 689 983 717 1033; x_wconf 85' lang='lat' dir='ltr'><strong>et</strong></span> <span class='ocrx_word' id='word_1_106' title='bbox 736 977 889 1032; x_wconf 90' lang='lat' dir='ltr'><strong>multorum</strong></span> <span class='ocrx_word' id='word_1_107' title='bbox 904 992 954 1047; x_wconf 93' lang='lat' dir='ltr'><strong>pa·</strong></span> <span class='ocrx_word' id='word_1_108' title='bbox 1005 984 1082 1034; x_wconf 89' lang='lat' dir='ltr'><strong>catus</strong></span> <span class='ocrx_word' id='word_1_109' title='bbox 1097 983 1149 1036; x_wconf 88' lang='lat' dir='ltr'><strong>est.</strong></span> <span class='ocrx_word' id='word_1_110' title='bbox 1167 980 1270 1035; x_wconf 77' lang='lat' dir='ltr'><strong>Deinde</strong></span> <span class='ocrx_word' id='word_1_111' title='bbox 1291 997 1372 1052; x_wconf 88' lang='lat' dir='ltr'><strong>reges</strong></span> <span class='ocrx_word' id='word_1_112' title='bbox 1391 981 1508 1052; x_wconf 83' lang='lat' dir='ltr'><strong>agmine</strong></span> <span class='ocrx_word' id='word_1_113' title='bbox 1522 997 1571 1036; x_wconf 93' lang='lat' dir='ltr'><strong>sua</strong></span> <span class='ocrx_word' id='word_1_114' title='bbox 1587 979 1774 1047; x_wconf 85' lang='lat' dir='ltr'><strong>remiserunt,</strong></span> <span class='ocrx_word' id='word_1_115' title='bbox 1794 986 1821 1034; x_wconf 93' lang='lat' dir='ltr'><strong>et</strong></span> 
     </span>
     <span class='ocr_line' id='line_1_10' title="bbox 145 1071 1579 1146; baseline 0.001 -19"><span class='ocrx_word' id='word_1_116' title='bbox 145 1073 216 1127; x_wconf 91' lang='lat' dir='ltr'><strong>tieus</strong></span> <span class='ocrx_word' id='word_1_117' title='bbox 228 1072 355 1127; x_wconf 88' lang='lat' dir='ltr'><strong>laborum</strong></span> <span class='ocrx_word' id='word_1_118' title='bbox 369 1088 401 1126; x_wconf 88' lang='lat' dir='ltr'><strong>ae</strong></span> <span class='ocrx_word' id='word_1_119' title='bbox 415 1071 626 1138; x_wconf 76' lang='lat' dir='ltr'><strong>adversitatum,</strong></span> <span class='ocrx_word' id='word_1_120' title='bbox 638 1086 852 1143; x_wconf 84' lang='lat' dir='ltr'><strong>perxvuannos</strong></span> <span class='ocrx_word' id='word_1_121' title='bbox 862 1073 956 1125; x_wconf 87' lang='lat' dir='ltr'><strong>sancte</strong></span> <span class='ocrx_word' id='word_1_122' title='bbox 1006 1073 1059 1145; x_wconf 90' lang='lat' dir='ltr'><strong>ipsi</strong></span> <span class='ocrx_word' id='word_1_123' title='bbox 1072 1073 1157 1128; x_wconf 91' lang='lat' dir='ltr'><strong>simul</strong></span> <span class='ocrx_word' id='word_1_124' title='bbox 1173 1074 1201 1128; x_wconf 93' lang='lat' dir='ltr'><strong>iu</strong></span> <span class='ocrx_word' id='word_1_125' title='bbox 1216 1074 1350 1144; x_wconf 73' lang='lat' dir='ltr'><strong>angliam</strong></span> <span class='ocrx_word' id='word_1_126' title='bbox 1364 1074 1485 1146; x_wconf 83' lang='lat' dir='ltr'><strong>profecti</strong></span> <span class='ocrx_word' id='word_1_127' title='bbox 1502 1076 1579 1129; x_wconf 88' lang='lat' dir='ltr'><strong>suut.</strong></span> 
     </span>
     <span class='ocr_line' id='line_1_11' title="bbox 144 1166 1821 1239; baseline 0 -17"><span class='ocrx_word' id='word_1_128' title='bbox 144 1166 224 1222; x_wconf 78' lang='lat' dir='ltr'><strong>rexit.</strong></span> <span class='ocrx_word' id='word_1_129' title='bbox 1041 1169 1107 1223; x_wconf 88' lang='lat' dir='ltr'><strong>Post</strong></span> <span class='ocrx_word' id='word_1_130' title='bbox 1126 1167 1240 1239; x_wconf 80' lang='lat' dir='ltr'><strong>aliquod</strong></span> <span class='ocrx_word' id='word_1_131' title='bbox 1261 1171 1384 1238; x_wconf 88' lang='lat' dir='ltr'><strong>tempus,</strong></span> <span class='ocrx_word' id='word_1_132' title='bbox 1403 1167 1472 1222; x_wconf 90' lang='lat' dir='ltr'><strong>dum</strong></span> <span class='ocrx_word' id='word_1_133' title='bbox 1487 1168 1622 1222; x_wconf 88' lang='lat' dir='ltr'><strong>ldelcoma</strong></span> <span class='ocrx_word' id='word_1_134' title='bbox 1642 1184 1692 1223; x_wconf 83' lang='lat' dir='ltr'><strong>rex</strong></span> <span class='ocrx_word' id='word_1_135' title='bbox 1716 1168 1752 1223; x_wconf 87' lang='lat' dir='ltr'><strong>ad</strong></span> <span class='ocrx_word' id='word_1_136' title='bbox 1773 1185 1821 1224; x_wconf 91' lang='lat' dir='ltr'><strong>sua</strong></span> 
     </span>
     <span class='ocr_line' id='line_1_12' title="bbox 143 1246 1822 1337; baseline -0.005 -12"><span class='ocrx_word' id='word_1_137' title='bbox 143 1270 194 1325; x_wconf 83' lang='lat' dir='ltr'><strong>XX.</strong></span> <span class='ocrx_word' id='word_1_138' title='bbox 216 1270 343 1325; x_wconf 82' lang='lat' dir='ltr'><strong>Melcomo</strong></span> <span class='ocrx_word' id='word_1_139' title='bbox 359 1269 499 1326; x_wconf 76' lang='lat' dir='ltr'><strong>Scotorum</strong></span> <span class='ocrx_word' id='word_1_140' title='bbox 514 1285 562 1324; x_wconf 77' lang='lat' dir='ltr'><strong>ren</strong></span> <span class='ocrx_word' id='word_1_141' title='bbox 577 1271 607 1322; x_wconf 78' lang='lat' dir='ltr'><strong>in</strong></span> <span class='ocrx_word' id='word_1_142' title='bbox 626 1282 713 1337; x_wconf 75' lang='lat' dir='ltr'><strong>regem</strong></span> <span class='ocrx_word' id='word_1_143' title='bbox 731 1246 838 1335; x_wconf 67' lang='lat' dir='ltr'><strong>angliae</strong></span> <span class='ocrx_word' id='word_1_144' title='bbox 858 1267 955 1321; x_wconf 84' lang='lat' dir='ltr'><strong>bellum</strong></span> <span class='ocrx_word' id='word_1_145' title='bbox 1007 1261 1091 1316; x_wconf 88' lang='lat' dir='ltr'><strong>vellet</strong></span> <span class='ocrx_word' id='word_1_146' title='bbox 1111 1277 1250 1327; x_wconf 90' lang='lat' dir='ltr'><strong>remeare,</strong></span> <span class='ocrx_word' id='word_1_147' title='bbox 1271 1260 1495 1333; x_wconf 81' lang='lat' dir='ltr'><strong>muneribusque</strong></span> <span class='ocrx_word' id='word_1_148' title='bbox 1512 1261 1608 1316; x_wconf 88' lang='lat' dir='ltr'><strong>multis</strong></span> <span class='ocrx_word' id='word_1_149' title='bbox 1626 1261 1822 1317; x_wconf 90' lang='lat' dir='ltr'><strong>honoratusa</strong></span> 
     </span>
     <span class='ocr_line' id='line_1_13' title="bbox 180 1347 1821 1426; baseline 0.002 -22"><span class='ocrx_word' id='word_1_150' title='bbox 180 1352 304 1420; x_wconf 82' lang='lat' dir='ltr'><strong>suscipit.</strong></span> <span class='ocrx_word' id='word_1_151' title='bbox 318 1378 352 1388; x_wconf 92' lang='lat'>—</span> <span class='ocrx_word' id='word_1_152' title='bbox 363 1348 476 1406; x_wconf 83' lang='lat' dir='ltr'><strong>Occidit.</strong></span> <span class='ocrx_word' id='word_1_153' title='bbox 490 1379 523 1387; x_wconf 96' lang='lat'><em>-</em></span> <span class='ocrx_word' id='word_1_154' title='bbox 536 1350 574 1402; x_wconf 85' lang='lat' dir='ltr'><strong>De</strong></span> <span class='ocrx_word' id='word_1_155' title='bbox 586 1348 643 1417; x_wconf 73' lang='lat' dir='ltr'><strong>ejus</strong></span> <span class='ocrx_word' id='word_1_156' title='bbox 656 1348 767 1416; x_wconf 69' lang='lat' dir='ltr'><strong>conjece</strong></span> <span class='ocrx_word' id='word_1_157' title='bbox 781 1352 806 1402; x_wconf 87' lang='lat' dir='ltr'><strong>et</strong></span> <span class='ocrx_word' id='word_1_158' title='bbox 820 1347 919 1402; x_wconf 76' lang='lat' dir='ltr'><strong>tiberis.</strong></span> <span class='ocrx_word' id='word_1_159' title='bbox 1007 1371 1084 1426; x_wconf 86' lang='lat' dir='ltr'><strong>rege,</strong></span> <span class='ocrx_word' id='word_1_160' title='bbox 1101 1355 1209 1409; x_wconf 88' lang='lat' dir='ltr'><strong>rediret</strong></span> <span class='ocrx_word' id='word_1_161' title='bbox 1229 1355 1353 1426; x_wconf 87' lang='lat' dir='ltr'><strong>pacitice,</strong></span> <span class='ocrx_word' id='word_1_162' title='bbox 1377 1370 1465 1426; x_wconf 89' lang='lat' dir='ltr'><strong>prope</strong></span> <span class='ocrx_word' id='word_1_163' title='bbox 1486 1355 1559 1410; x_wconf 85' lang='lat' dir='ltr'><strong>lines</strong></span> <span class='ocrx_word' id='word_1_164' title='bbox 1572 1371 1640 1410; x_wconf 90' lang='lat' dir='ltr'><strong>suos</strong></span> <span class='ocrx_word' id='word_1_165' title='bbox 1660 1355 1821 1410; x_wconf 80' lang='lat' dir='ltr'><strong>Radbertus</strong></span> 
     </span>
     <span class='ocr_line' id='line_1_14' title="bbox 179 1444 1822 1521; baseline -0.001 -17"><span class='ocrx_word' id='word_1_166' title='bbox 179 1449 219 1504; x_wconf 85' lang='lat' dir='ltr'><strong>Eo</strong></span> <span class='ocrx_word' id='word_1_167' title='bbox 238 1452 367 1519; x_wconf 89' lang='lat' dir='ltr'><strong>tempore</strong></span> <span class='ocrx_word' id='word_1_168' title='bbox 389 1446 479 1500; x_wconf 90' lang='lat' dir='ltr'><strong>multa</strong></span> <span class='ocrx_word' id='word_1_169' title='bbox 501 1445 609 1500; x_wconf 87' lang='lat' dir='ltr'><strong>malitia</strong></span> <span class='ocrx_word' id='word_1_170' title='bbox 623 1444 653 1498; x_wconf 93' lang='lat' dir='ltr'><strong>iu</strong></span> <span class='ocrx_word' id='word_1_171' title='bbox 677 1444 760 1498; x_wconf 90' lang='lat' dir='ltr'><strong>terris</strong></span> <span class='ocrx_word' id='word_1_172' title='bbox 777 1448 835 1498; x_wconf 89' lang='lat' dir='ltr'><strong>orta</strong></span> <span class='ocrx_word' id='word_1_173' title='bbox 857 1448 910 1512; x_wconf 89' lang='lat' dir='ltr'><strong>est,</strong></span> <span class='ocrx_word' id='word_1_174' title='bbox 929 1446 958 1498; x_wconf 89' lang='lat' dir='ltr'><strong>et</strong></span> <span class='ocrx_word' id='word_1_175' title='bbox 1007 1449 1042 1503; x_wconf 90' lang='lat' dir='ltr'><strong>de</strong></span> <span class='ocrx_word' id='word_1_176' title='bbox 1058 1448 1202 1516; x_wconf 87' lang='lat' dir='ltr'><strong>biulbraio,</strong></span> <span class='ocrx_word' id='word_1_177' title='bbox 1221 1464 1285 1502; x_wconf 92' lang='lat' dir='ltr'><strong>eum</strong></span> <span class='ocrx_word' id='word_1_178' title='bbox 1305 1448 1416 1503; x_wconf 79' lang='lat' dir='ltr'><strong>llorello</strong></span> <span class='ocrx_word' id='word_1_179' title='bbox 1438 1454 1541 1521; x_wconf 89' lang='lat' dir='ltr'><strong>nepote</strong></span> <span class='ocrx_word' id='word_1_180' title='bbox 1562 1465 1613 1504; x_wconf 91' lang='lat' dir='ltr'><strong>suo</strong></span> <span class='ocrx_word' id='word_1_181' title='bbox 1634 1452 1664 1503; x_wconf 89' lang='lat' dir='ltr'><strong>et</strong></span> <span class='ocrx_word' id='word_1_182' title='bbox 1684 1448 1822 1503; x_wconf 82' lang='lat' dir='ltr'><strong>militibus</strong></span> 
     </span>
     <span class='ocr_line' id='line_1_15' title="bbox 143 1536 1820 1612; baseline -0.001 -15"><span class='ocrx_word' id='word_1_183' title='bbox 143 1542 328 1598; x_wconf 84' lang='lat' dir='ltr'><strong>vehementer</strong></span> <span class='ocrx_word' id='word_1_184' title='bbox 349 1543 531 1611; x_wconf 84' lang='lat' dir='ltr'><strong>augmentata</strong></span> <span class='ocrx_word' id='word_1_185' title='bbox 554 1543 606 1593; x_wconf 88' lang='lat' dir='ltr'><strong>est.</strong></span> <span class='ocrx_word' id='word_1_186' title='bbox 629 1536 762 1592; x_wconf 81' lang='lat' dir='ltr'><strong>Militares</strong></span> <span class='ocrx_word' id='word_1_187' title='bbox 787 1537 839 1591; x_wconf 92' lang='lat' dir='ltr'><strong>viri</strong></span> <span class='ocrx_word' id='word_1_188' title='bbox 866 1552 957 1592; x_wconf 84' lang='lat' dir='ltr'><strong>mores</strong></span> <span class='ocrx_word' id='word_1_189' title='bbox 1006 1542 1123 1596; x_wconf 88' lang='lat' dir='ltr'><strong>armatis</strong></span> <span class='ocrx_word' id='word_1_190' title='bbox 1141 1542 1272 1608; x_wconf 90' lang='lat' dir='ltr'><strong>occurrit,</strong></span> <span class='ocrx_word' id='word_1_191' title='bbox 1286 1547 1314 1597; x_wconf 92' lang='lat' dir='ltr'><strong>et</strong></span> <span class='ocrx_word' id='word_1_192' title='bbox 1329 1558 1361 1595; x_wconf 87' lang='lat' dir='ltr'><strong>ex</strong></span> <span class='ocrx_word' id='word_1_193' title='bbox 1379 1542 1522 1612; x_wconf 87' lang='lat' dir='ltr'><strong>insperato</strong></span> <span class='ocrx_word' id='word_1_194' title='bbox 1541 1542 1684 1597; x_wconf 87' lang='lat' dir='ltr'><strong>inermem</strong></span> <span class='ocrx_word' id='word_1_195' title='bbox 1704 1541 1820 1596; x_wconf 75' lang='lat' dir='ltr'><strong>interie-</strong></span> 
     </span>
     <span class='ocr_line' id='line_1_16' title="bbox 144 1630 1822 1709; baseline -0.001 -19"><span class='ocrx_word' id='word_1_196' title='bbox 144 1639 279 1709; x_wconf 87' lang='lat' dir='ltr'><strong>patrruos</strong></span> <span class='ocrx_word' id='word_1_197' title='bbox 291 1635 320 1688; x_wconf 93' lang='lat' dir='ltr'><strong>iu</strong></span> <span class='ocrx_word' id='word_1_198' title='bbox 333 1634 436 1688; x_wconf 93' lang='lat' dir='ltr'><strong>vestitu</strong></span> <span class='ocrx_word' id='word_1_199' title='bbox 449 1637 477 1688; x_wconf 88' lang='lat' dir='ltr'><strong>et</strong></span> <span class='ocrx_word' id='word_1_200' title='bbox 486 1631 652 1704; x_wconf 88' lang='lat' dir='ltr'><strong>capillorum</strong></span> <span class='ocrx_word' id='word_1_201' title='bbox 668 1635 784 1686; x_wconf 92' lang='lat' dir='ltr'><strong>tonsura</strong></span> <span class='ocrx_word' id='word_1_202' title='bbox 798 1630 957 1703; x_wconf 89' lang='lat' dir='ltr'><strong>derelique·</strong></span> <span class='ocrx_word' id='word_1_203' title='bbox 1007 1635 1055 1690; x_wconf 90' lang='lat' dir='ltr'><strong>eit.</strong></span> <span class='ocrx_word' id='word_1_204' title='bbox 1072 1635 1151 1700; x_wconf 89' lang='lat' dir='ltr'><strong>Quod</strong></span> <span class='ocrx_word' id='word_1_205' title='bbox 1166 1636 1285 1690; x_wconf 91' lang='lat' dir='ltr'><strong>audiens</strong></span> <span class='ocrx_word' id='word_1_206' title='bbox 1298 1651 1347 1690; x_wconf 84' lang='lat' dir='ltr'><strong>rex</strong></span> <span class='ocrx_word' id='word_1_207' title='bbox 1359 1636 1529 1706; x_wconf 76' lang='lat' dir='ltr'><strong>bogiorum,</strong></span> <span class='ocrx_word' id='word_1_208' title='bbox 1545 1635 1686 1707; x_wconf 84' lang='lat' dir='ltr'><strong>regnique</strong></span> <span class='ocrx_word' id='word_1_209' title='bbox 1700 1635 1822 1707; x_wconf 89' lang='lat' dir='ltr'><strong>optima·</strong></span> 
     </span>
     <span class='ocr_line' id='line_1_17' title="bbox 145 1714 1820 1800; baseline -0.002 -15"><span class='ocrx_word' id='word_1_210' title='bbox 145 1733 221 1798; x_wconf 90' lang='lat' dir='ltr'><strong>runt,</strong></span> <span class='ocrx_word' id='word_1_211' title='bbox 236 1745 306 1800; x_wconf 87' lang='lat' dir='ltr'><strong>quos</strong></span> <span class='ocrx_word' id='word_1_212' title='bbox 323 1728 406 1799; x_wconf 89' lang='lat' dir='ltr'><strong>paulo</strong></span> <span class='ocrx_word' id='word_1_213' title='bbox 427 1731 488 1797; x_wconf 91' lang='lat' dir='ltr'><strong>post</strong></span> <span class='ocrx_word' id='word_1_214' title='bbox 509 1727 665 1797; x_wconf 86' lang='lat' dir='ltr'><strong>burgenses</strong></span> <span class='ocrx_word' id='word_1_215' title='bbox 683 1728 712 1779; x_wconf 89' lang='lat' dir='ltr'><strong>et</strong></span> <span class='ocrx_word' id='word_1_216' title='bbox 725 1725 822 1781; x_wconf 85' lang='lat' dir='ltr'><strong>rustici</strong></span> <span class='ocrx_word' id='word_1_217' title='bbox 843 1731 871 1779; x_wconf 91' lang='lat' dir='ltr'><strong>et</strong></span> <span class='ocrx_word' id='word_1_218' title='bbox 885 1714 1059 1799; x_wconf 81' lang='lat' dir='ltr'><strong>peueBtes,</strong></span> <span class='ocrx_word' id='word_1_219' title='bbox 1085 1728 1163 1783; x_wconf 89' lang='lat' dir='ltr'><strong>valde</strong></span> <span class='ocrx_word' id='word_1_220' title='bbox 1187 1728 1342 1783; x_wconf 80' lang='lat' dir='ltr'><strong>contristati</strong></span> <span class='ocrx_word' id='word_1_221' title='bbox 1367 1734 1444 1796; x_wconf 92' lang='lat' dir='ltr'><strong>sunt,</strong></span> <span class='ocrx_word' id='word_1_222' title='bbox 1469 1735 1498 1783; x_wconf 89' lang='lat' dir='ltr'><strong>et</strong></span> <span class='ocrx_word' id='word_1_223' title='bbox 1521 1744 1573 1800; x_wconf 88' lang='lat' dir='ltr'><strong>pro</strong></span> <span class='ocrx_word' id='word_1_224' title='bbox 1598 1735 1655 1784; x_wconf 86' lang='lat' dir='ltr'><strong>tum</strong></span> <span class='ocrx_word' id='word_1_225' title='bbox 1678 1727 1754 1784; x_wconf 83' lang='lat' dir='ltr'><strong>loeda</strong></span> <span class='ocrx_word' id='word_1_226' title='bbox 1779 1745 1820 1797; x_wconf 87' lang='lat' dir='ltr'><strong>re,</strong></span> 
     </span>
     <span class='ocr_line' id='line_1_18' title="bbox 146 1818 1821 1894; baseline -0.002 -15"><span class='ocrx_word' id='word_1_227' title='bbox 146 1826 237 1879; x_wconf 89' lang='lat' dir='ltr'><strong>totum</strong></span> <span class='ocrx_word' id='word_1_228' title='bbox 258 1822 360 1893; x_wconf 90' lang='lat' dir='ltr'><strong>vulgus</strong></span> <span class='ocrx_word' id='word_1_229' title='bbox 381 1819 484 1875; x_wconf 88' lang='lat' dir='ltr'><strong>imitati</strong></span> <span class='ocrx_word' id='word_1_230' title='bbox 509 1822 584 1874; x_wconf 91' lang='lat' dir='ltr'><strong>suut.</strong></span> <span class='ocrx_word' id='word_1_231' title='bbox 609 1821 643 1874; x_wconf 86' lang='lat' dir='ltr'><strong>Et</strong></span> <span class='ocrx_word' id='word_1_232' title='bbox 666 1819 733 1890; x_wconf 91' lang='lat' dir='ltr'><strong>quia</strong></span> <span class='ocrx_word' id='word_1_233' title='bbox 757 1819 859 1874; x_wconf 73' lang='lat' dir='ltr'><strong>divinae</strong></span> <span class='ocrx_word' id='word_1_234' title='bbox 885 1818 957 1889; x_wconf 87' lang='lat' dir='ltr'><strong>legis</strong></span> <span class='ocrx_word' id='word_1_235' title='bbox 1007 1821 1252 1894; x_wconf 87' lang='lat' dir='ltr'><strong>tamquecrudeli,</strong></span> <span class='ocrx_word' id='word_1_236' title='bbox 1266 1839 1282 1876; x_wconf 89' lang='lat' dir='ltr'><strong>a</strong></span> <span class='ocrx_word' id='word_1_237' title='bbox 1297 1822 1467 1877; x_wconf 89' lang='lat' dir='ltr'><strong>Normauuis</strong></span> <span class='ocrx_word' id='word_1_238' title='bbox 1480 1821 1642 1889; x_wconf 83' lang='lat' dir='ltr'><strong>commissa,</strong></span> <span class='ocrx_word' id='word_1_239' title='bbox 1656 1821 1746 1876; x_wconf 90' lang='lat' dir='ltr'><strong>nimis</strong></span> <span class='ocrx_word' id='word_1_240' title='bbox 1760 1837 1821 1877; x_wconf 90' lang='lat' dir='ltr'><strong>eru·</strong></span> 
     </span>
     <span class='ocr_line' id='line_1_19' title="bbox 145 1897 1820 1989; baseline -0.001 -18"><span class='ocrx_word' id='word_1_241' title='bbox 145 1916 337 1989; x_wconf 70' lang='lat' dir='ltr'><strong>prevaricatio</strong></span> <span class='ocrx_word' id='word_1_242' title='bbox 350 1915 435 1970; x_wconf 90' lang='lat' dir='ltr'><strong>nimis</strong></span> <span class='ocrx_word' id='word_1_243' title='bbox 446 1913 622 1980; x_wconf 80' lang='lat' dir='ltr'><strong>exuberavit,</strong></span> <span class='ocrx_word' id='word_1_244' title='bbox 636 1912 754 1968; x_wconf 89' lang='lat' dir='ltr'><strong>uoelestis</strong></span> <span class='ocrx_word' id='word_1_245' title='bbox 768 1913 818 1969; x_wconf 77' lang='lat' dir='ltr'><strong>irae</strong></span> <span class='ocrx_word' id='word_1_246' title='bbox 831 1911 956 1968; x_wconf 88' lang='lat' dir='ltr'><strong>animad·</strong></span> <span class='ocrx_word' id='word_1_247' title='bbox 1006 1917 1140 1972; x_wconf 88' lang='lat' dir='ltr'><strong>buerunt.</strong></span> <span class='ocrx_word' id='word_1_248' title='bbox 1161 1897 1287 1971; x_wconf 87' lang='lat' dir='ltr'><strong>Priscum</strong></span> <span class='ocrx_word' id='word_1_249' title='bbox 1299 1916 1407 1970; x_wconf 88' lang='lat' dir='ltr'><strong>lacinus</strong></span> <span class='ocrx_word' id='word_1_250' title='bbox 1419 1932 1435 1969; x_wconf 89' lang='lat' dir='ltr'><strong>a</strong></span> <span class='ocrx_word' id='word_1_251' title='bbox 1448 1915 1593 1971; x_wconf 90' lang='lat' dir='ltr'><strong>modernis</strong></span> <span class='ocrx_word' id='word_1_252' title='bbox 1607 1915 1746 1971; x_wconf 88' lang='lat' dir='ltr'><strong>iteratum</strong></span> <span class='ocrx_word' id='word_1_253' title='bbox 1767 1918 1820 1970; x_wconf 89' lang='lat' dir='ltr'><strong>est.</strong></span> 
     </span>
     <span class='ocr_line' id='line_1_20' title="bbox 144 2006 1823 2080; baseline -0.001 -15"><span class='ocrx_word' id='word_1_254' title='bbox 144 2010 237 2066; x_wconf 91' lang='lat' dir='ltr'><strong>versio</strong></span> <span class='ocrx_word' id='word_1_255' title='bbox 259 2008 355 2064; x_wconf 91' lang='lat' dir='ltr'><strong>multis</strong></span> <span class='ocrx_word' id='word_1_256' title='bbox 377 2007 515 2080; x_wconf 88' lang='lat' dir='ltr'><strong>variisque</strong></span> <span class='ocrx_word' id='word_1_257' title='bbox 538 2007 743 2063; x_wconf 84' lang='lat' dir='ltr'><strong>calamitatibus</strong></span> <span class='ocrx_word' id='word_1_258' title='bbox 766 2023 832 2061; x_wconf 91' lang='lat' dir='ltr'><strong>reos</strong></span> <span class='ocrx_word' id='word_1_259' title='bbox 853 2006 956 2061; x_wconf 88' lang='lat' dir='ltr'><strong>merito</strong></span> <span class='ocrx_word' id='word_1_260' title='bbox 1007 2011 1077 2065; x_wconf 89' lang='lat' dir='ltr'><strong>Nam</strong></span> <span class='ocrx_word' id='word_1_261' title='bbox 1096 2010 1169 2064; x_wconf 91' lang='lat' dir='ltr'><strong>sicut</strong></span> <span class='ocrx_word' id='word_1_262' title='bbox 1186 2009 1292 2077; x_wconf 83' lang='lat' dir='ltr'><strong>libuer,</strong></span> <span class='ocrx_word' id='word_1_263' title='bbox 1312 2008 1386 2064; x_wconf 90' lang='lat' dir='ltr'><strong>iilius</strong></span> <span class='ocrx_word' id='word_1_264' title='bbox 1405 2011 1469 2078; x_wconf 80' lang='lat' dir='ltr'><strong>Ner,</strong></span> <span class='ocrx_word' id='word_1_265' title='bbox 1490 2026 1505 2063; x_wconf 91' lang='lat' dir='ltr'><strong>a</strong></span> <span class='ocrx_word' id='word_1_266' title='bbox 1523 2009 1592 2065; x_wconf 82' lang='lat' dir='ltr'><strong>Joab</strong></span> <span class='ocrx_word' id='word_1_267' title='bbox 1613 2013 1643 2064; x_wconf 91' lang='lat' dir='ltr'><strong>et</strong></span> <span class='ocrx_word' id='word_1_268' title='bbox 1662 2009 1772 2078; x_wconf 71' lang='lat' dir='ltr'><strong>abisai,</strong></span> <span class='ocrx_word' id='word_1_269' title='bbox 1788 2009 1823 2064; x_wconf 89' lang='lat' dir='ltr'><strong>de</strong></span> 
     </span>
     <span class='ocr_line' id='line_1_21' title="bbox 145 2101 1821 2176; baseline -0.002 -18"><span class='ocrx_word' id='word_1_270' title='bbox 145 2103 285 2176; x_wconf 86' lang='lat' dir='ltr'><strong>protrivit.</strong></span> <span class='ocrx_word' id='word_1_271' title='bbox 1008 2104 1094 2158; x_wconf 80' lang='lat' dir='ltr'><strong>doure</strong></span> <span class='ocrx_word' id='word_1_272' title='bbox 1108 2102 1193 2158; x_wconf 88' lang='lat' dir='ltr'><strong>David</strong></span> <span class='ocrx_word' id='word_1_273' title='bbox 1207 2101 1321 2173; x_wconf 84' lang='lat' dir='ltr'><strong>pacifice</strong></span> <span class='ocrx_word' id='word_1_274' title='bbox 1335 2103 1457 2172; x_wconf 85' lang='lat' dir='ltr'><strong>rediens,</strong></span> <span class='ocrx_word' id='word_1_275' title='bbox 1474 2103 1569 2157; x_wconf 84' lang='lat' dir='ltr'><strong>dolose</strong></span> <span class='ocrx_word' id='word_1_276' title='bbox 1584 2106 1751 2174; x_wconf 87' lang='lat' dir='ltr'><strong>peremptus</strong></span> <span class='ocrx_word' id='word_1_277' title='bbox 1766 2106 1821 2170; x_wconf 90' lang='lat' dir='ltr'><strong>est,</strong></span> 
     </span>
     <span class='ocr_line' id='line_1_22' title="bbox 181 2195 1822 2268; baseline -0.002 -15"><span class='ocrx_word' id='word_1_278' title='bbox 181 2200 213 2253; x_wconf 90' lang='lat' dir='ltr'><strong>Iu</strong></span> <span class='ocrx_word' id='word_1_279' title='bbox 231 2198 278 2252; x_wconf 94' lang='lat' dir='ltr'><strong>illo</strong></span> <span class='ocrx_word' id='word_1_280' title='bbox 296 2202 435 2267; x_wconf 89' lang='lat' dir='ltr'><strong>tempore,</strong></span> <span class='ocrx_word' id='word_1_281' title='bbox 449 2196 592 2266; x_wconf 73' lang='lat' dir='ltr'><strong>Melcuma,</strong></span> <span class='ocrx_word' id='word_1_282' title='bbox 614 2211 664 2250; x_wconf 86' lang='lat' dir='ltr'><strong>rex</strong></span> <span class='ocrx_word' id='word_1_283' title='bbox 682 2195 841 2260; x_wconf 90' lang='lat' dir='ltr'><strong>Scotorum,</strong></span> <span class='ocrx_word' id='word_1_284' title='bbox 857 2199 958 2266; x_wconf 84' lang='lat' dir='ltr'><strong>eontra</strong></span> <span class='ocrx_word' id='word_1_285' title='bbox 1007 2197 1048 2253; x_wconf 89' lang='lat' dir='ltr'><strong>sic</strong></span> <span class='ocrx_word' id='word_1_286' title='bbox 1059 2197 1194 2252; x_wconf 87' lang='lat' dir='ltr'><strong>ldelcoma</strong></span> <span class='ocrx_word' id='word_1_287' title='bbox 1207 2213 1254 2251; x_wconf 84' lang='lat' dir='ltr'><strong>rex</strong></span> <span class='ocrx_word' id='word_1_288' title='bbox 1269 2196 1304 2251; x_wconf 91' lang='lat' dir='ltr'><strong>de</strong></span> <span class='ocrx_word' id='word_1_289' title='bbox 1323 2197 1401 2251; x_wconf 93' lang='lat' dir='ltr'><strong>curia</strong></span> <span class='ocrx_word' id='word_1_290' title='bbox 1413 2195 1554 2251; x_wconf 88' lang='lat' dir='ltr'><strong>Guillelmi</strong></span> <span class='ocrx_word' id='word_1_291' title='bbox 1574 2197 1651 2267; x_wconf 88' lang='lat' dir='ltr'><strong>regis</strong></span> <span class='ocrx_word' id='word_1_292' title='bbox 1669 2212 1822 2268; x_wconf 89' lang='lat' dir='ltr'><strong>cumpace</strong></span> 
     </span>
     <span class='ocr_line' id='line_1_23' title="bbox 108 2288 1609 2364; baseline -0.003 -16"><span class='ocrx_word' id='word_1_293' title='bbox 108 2296 114 2312; x_wconf 71' lang='grc'><em>“</em></span> <span class='ocrx_word' id='word_1_294' title='bbox 144 2308 244 2364; x_wconf 87' lang='lat' dir='ltr'><strong>regem</strong></span> <span class='ocrx_word' id='word_1_295' title='bbox 260 2291 414 2362; x_wconf 73' lang='lat' dir='ltr'><strong>anglorum</strong></span> <span class='ocrx_word' id='word_1_296' title='bbox 430 2289 591 2358; x_wconf 89' lang='lat' dir='ltr'><strong>rebellavit,</strong></span> <span class='ocrx_word' id='word_1_297' title='bbox 607 2289 791 2360; x_wconf 91' lang='lat' dir='ltr'><strong>debitumque</strong></span> <span class='ocrx_word' id='word_1_298' title='bbox 811 2288 956 2344; x_wconf 88' lang='lat' dir='ltr'><strong>servitium</strong></span> <span class='ocrx_word' id='word_1_299' title='bbox 1007 2290 1371 2356; x_wconf 68' lang='lat' dir='ltr'><strong>retricansallolbraiauis</strong></span> <span class='ocrx_word' id='word_1_300' title='bbox 1386 2290 1541 2346; x_wconf 88' lang='lat' dir='ltr'><strong>trucidatus</strong></span> <span class='ocrx_word' id='word_1_301' title='bbox 1556 2295 1609 2346; x_wconf 92' lang='lat' dir='ltr'><strong>est.</strong></span> 
     </span>
     <span class='ocr_line' id='line_1_24' title="bbox 145 2381 1822 2456; baseline -0.003 -13"><span class='ocrx_word' id='word_1_302' title='bbox 145 2385 302 2456; x_wconf 90' lang='lat' dir='ltr'><strong>denegavit.</strong></span> <span class='ocrx_word' id='word_1_303' title='bbox 318 2386 402 2438; x_wconf 87' lang='lat' dir='ltr'><strong>Porro</strong></span> <span class='ocrx_word' id='word_1_304' title='bbox 415 2383 581 2439; x_wconf 88' lang='lat' dir='ltr'><strong>Guillelmus</strong></span> <span class='ocrx_word' id='word_1_305' title='bbox 596 2398 655 2450; x_wconf 84' lang='lat' dir='ltr'><strong>rex,</strong></span> <span class='ocrx_word' id='word_1_306' title='bbox 671 2388 820 2453; x_wconf 88' lang='lat' dir='ltr'><strong>postquam</strong></span> <span class='ocrx_word' id='word_1_307' title='bbox 839 2382 869 2437; x_wconf 93' lang='lat' dir='ltr'><strong>iu</strong></span> <span class='ocrx_word' id='word_1_308' title='bbox 884 2383 956 2437; x_wconf 88' lang='lat' dir='ltr'><strong>Nor·</strong></span> <span class='ocrx_word' id='word_1_309' title='bbox 1042 2385 1197 2456; x_wconf 79' lang='lat' dir='ltr'><strong>Margarita,</strong></span> <span class='ocrx_word' id='word_1_310' title='bbox 1222 2386 1369 2440; x_wconf 86' lang='lat' dir='ltr'><strong>Scotorum</strong></span> <span class='ocrx_word' id='word_1_311' title='bbox 1399 2384 1508 2455; x_wconf 89' lang='lat' dir='ltr'><strong>regina,</strong></span> <span class='ocrx_word' id='word_1_312' title='bbox 1533 2387 1594 2438; x_wconf 87' lang='lat' dir='ltr'><strong>tam</strong></span> <span class='ocrx_word' id='word_1_313' title='bbox 1620 2381 1694 2438; x_wconf 87' lang='lat' dir='ltr'><strong>tristi</strong></span> <span class='ocrx_word' id='word_1_314' title='bbox 1722 2383 1822 2438; x_wconf 90' lang='lat' dir='ltr'><strong>nuntio</strong></span> 
     </span>
     <span class='ocr_line' id='line_1_25' title="bbox 145 2476 1822 2549; baseline -0.002 -15"><span class='ocrx_word' id='word_1_315' title='bbox 145 2480 271 2548; x_wconf 88' lang='lat' dir='ltr'><strong>mannia,</strong></span> <span class='ocrx_word' id='word_1_316' title='bbox 292 2482 323 2534; x_wconf 95' lang='lat' dir='ltr'><strong>ut</strong></span> <span class='ocrx_word' id='word_1_317' title='bbox 341 2494 425 2549; x_wconf 84' lang='lat' dir='ltr'><strong>supra</strong></span> <span class='ocrx_word' id='word_1_318' title='bbox 447 2477 605 2545; x_wconf 86' lang='lat' dir='ltr'><strong>retulimus,</strong></span> <span class='ocrx_word' id='word_1_319' title='bbox 619 2492 685 2531; x_wconf 91' lang='lat' dir='ltr'><strong>cum</strong></span> <span class='ocrx_word' id='word_1_320' title='bbox 705 2476 848 2532; x_wconf 88' lang='lat' dir='ltr'><strong>Rodberto</strong></span> <span class='ocrx_word' id='word_1_321' title='bbox 868 2476 957 2531; x_wconf 76' lang='lat' dir='ltr'><strong>tratre</strong></span> <span class='ocrx_word' id='word_1_322' title='bbox 1008 2479 1043 2534; x_wconf 91' lang='lat' dir='ltr'><strong>de</strong></span> <span class='ocrx_word' id='word_1_323' title='bbox 1074 2480 1165 2533; x_wconf 88' lang='lat' dir='ltr'><strong>morte</strong></span> <span class='ocrx_word' id='word_1_324' title='bbox 1193 2477 1245 2531; x_wconf 89' lang='lat' dir='ltr'><strong>viri</strong></span> <span class='ocrx_word' id='word_1_325' title='bbox 1275 2478 1418 2548; x_wconf 86' lang='lat' dir='ltr'><strong>perculsa,</strong></span> <span class='ocrx_word' id='word_1_326' title='bbox 1448 2477 1634 2544; x_wconf 91' lang='lat' dir='ltr'><strong>contremuit,</strong></span> <span class='ocrx_word' id='word_1_327' title='bbox 1664 2492 1822 2548; x_wconf 89' lang='lat' dir='ltr'><strong>omnesque</strong></span> 
     </span>
     <span class='ocr_line' id='line_1_26' title="bbox 146 2569 1822 2646; baseline -0.004 -16"><span class='ocrx_word' id='word_1_328' title='bbox 146 2591 196 2630; x_wconf 91' lang='lat' dir='ltr'><strong>suo</strong></span> <span class='ocrx_word' id='word_1_329' title='bbox 216 2590 313 2646; x_wconf 89' lang='lat' dir='ltr'><strong>pacem</strong></span> <span class='ocrx_word' id='word_1_330' title='bbox 330 2573 443 2640; x_wconf 87' lang='lat' dir='ltr'><strong>iecerat,</strong></span> <span class='ocrx_word' id='word_1_331' title='bbox 462 2571 613 2643; x_wconf 88' lang='lat' dir='ltr'><strong>ipsumque</strong></span> <span class='ocrx_word' id='word_1_332' title='bbox 632 2576 732 2626; x_wconf 87' lang='lat' dir='ltr'><strong>contra</strong></span> <span class='ocrx_word' id='word_1_333' title='bbox 749 2570 850 2625; x_wconf 87' lang='lat' dir='ltr'><strong>iniidos</strong></span> <span class='ocrx_word' id='word_1_334' title='bbox 864 2569 956 2641; x_wconf 91' lang='lat' dir='ltr'><strong>prodi·</strong></span> <span class='ocrx_word' id='word_1_335' title='bbox 1009 2572 1090 2644; x_wconf 89' lang='lat' dir='ltr'><strong>regui</strong></span> <span class='ocrx_word' id='word_1_336' title='bbox 1111 2571 1153 2626; x_wconf 91' lang='lat' dir='ltr'><strong>sui</strong></span> <span class='ocrx_word' id='word_1_337' title='bbox 1174 2587 1303 2643; x_wconf 90' lang='lat' dir='ltr'><strong>proceres</strong></span> <span class='ocrx_word' id='word_1_338' title='bbox 1324 2571 1495 2640; x_wconf 88' lang='lat' dir='ltr'><strong>convocavit,</strong></span> <span class='ocrx_word' id='word_1_339' title='bbox 1521 2571 1617 2642; x_wconf 91' lang='lat' dir='ltr'><strong>eisque</strong></span> <span class='ocrx_word' id='word_1_340' title='bbox 1645 2570 1719 2625; x_wconf 90' lang='lat' dir='ltr'><strong>tilios</strong></span> <span class='ocrx_word' id='word_1_341' title='bbox 1744 2586 1822 2635; x_wconf 82' lang='lat' dir='ltr'><strong>srvos,</strong></span> 
     </span>
     <span class='ocr_line' id='line_1_27' title="bbox 146 2663 1821 2740; baseline -0.003 -15"><span class='ocrx_word' id='word_1_342' title='bbox 146 2675 230 2737; x_wconf 86' lang='lat' dir='ltr'><strong>tores,</strong></span> <span class='ocrx_word' id='word_1_343' title='bbox 244 2667 292 2740; x_wconf 94' lang='lat' dir='ltr'><strong>qui</strong></span> <span class='ocrx_word' id='word_1_344' title='bbox 311 2670 409 2723; x_wconf 90' lang='lat' dir='ltr'><strong>contra</strong></span> <span class='ocrx_word' id='word_1_345' title='bbox 426 2681 525 2736; x_wconf 88' lang='lat' dir='ltr'><strong>regem</strong></span> <span class='ocrx_word' id='word_1_346' title='bbox 540 2665 778 2736; x_wconf 86' lang='lat' dir='ltr'><strong>conspiraverant,</strong></span> <span class='ocrx_word' id='word_1_347' title='bbox 793 2679 889 2719; x_wconf 88' lang='lat' dir='ltr'><strong>secum</strong></span> <span class='ocrx_word' id='word_1_348' title='bbox 905 2664 956 2718; x_wconf 93' lang='lat' dir='ltr'><strong>du·</strong></span> <span class='ocrx_word' id='word_1_349' title='bbox 1009 2666 1152 2738; x_wconf 84' lang='lat' dir='ltr'><strong>Edgarum</strong></span> <span class='ocrx_word' id='word_1_350' title='bbox 1166 2667 1195 2719; x_wconf 91' lang='lat' dir='ltr'><strong>et</strong></span> <span class='ocrx_word' id='word_1_351' title='bbox 1209 2665 1399 2720; x_wconf 77' lang='lat' dir='ltr'><strong>Alexandrum</strong></span> <span class='ocrx_word' id='word_1_352' title='bbox 1413 2668 1442 2719; x_wconf 93' lang='lat' dir='ltr'><strong>et</strong></span> <span class='ocrx_word' id='word_1_353' title='bbox 1453 2665 1539 2720; x_wconf 89' lang='lat' dir='ltr'><strong>David</strong></span> <span class='ocrx_word' id='word_1_354' title='bbox 1552 2663 1778 2730; x_wconf 86' lang='lat' dir='ltr'><strong>commendavit,</strong></span> <span class='ocrx_word' id='word_1_355' title='bbox 1790 2681 1821 2720; x_wconf 88' lang='lat' dir='ltr'><strong>ac</strong></span> 
     </span>
     <span class='ocr_line' id='line_1_28' title="bbox 147 2756 1823 2829; baseline -0.004 -11"><span class='ocrx_word' id='word_1_356' title='bbox 147 2766 235 2829; x_wconf 86' lang='lat' dir='ltr'><strong>xerat,</strong></span> <span class='ocrx_word' id='word_1_357' title='bbox 255 2761 409 2817; x_wconf 80' lang='lat' dir='ltr'><strong>exercitum</strong></span> <span class='ocrx_word' id='word_1_358' title='bbox 427 2760 512 2813; x_wconf 90' lang='lat' dir='ltr'><strong>totius</strong></span> <span class='ocrx_word' id='word_1_359' title='bbox 530 2757 642 2829; x_wconf 80' lang='lat' dir='ltr'><strong>Angliae</strong></span> <span class='ocrx_word' id='word_1_360' title='bbox 661 2756 849 2829; x_wconf 86' lang='lat' dir='ltr'><strong>conglobavit,</strong></span> <span class='ocrx_word' id='word_1_361' title='bbox 870 2762 898 2812; x_wconf 89' lang='lat' dir='ltr'><strong>et</strong></span> <span class='ocrx_word' id='word_1_362' title='bbox 915 2774 959 2812; x_wconf 89' lang='lat' dir='ltr'><strong>us·</strong></span> <span class='ocrx_word' id='word_1_363' title='bbox 1008 2765 1039 2816; x_wconf 92' lang='lat' dir='ltr'><strong>ut</strong></span> <span class='ocrx_word' id='word_1_364' title='bbox 1052 2776 1100 2815; x_wconf 91' lang='lat' dir='ltr'><strong>eos</strong></span> <span class='ocrx_word' id='word_1_365' title='bbox 1113 2759 1185 2813; x_wconf 89' lang='lat' dir='ltr'><strong>sicut</strong></span> <span class='ocrx_word' id='word_1_366' title='bbox 1200 2759 1271 2813; x_wconf 90' lang='lat' dir='ltr'><strong>lilios</strong></span> <span class='ocrx_word' id='word_1_367' title='bbox 1285 2758 1358 2829; x_wconf 85' lang='lat' dir='ltr'><strong>regis</strong></span> <span class='ocrx_word' id='word_1_368' title='bbox 1374 2758 1557 2826; x_wconf 86' lang='lat' dir='ltr'><strong>honorarent,</strong></span> <span class='ocrx_word' id='word_1_369' title='bbox 1573 2757 1743 2813; x_wconf 87' lang='lat' dir='ltr'><strong>obsecravit.</strong></span> <span class='ocrx_word' id='word_1_370' title='bbox 1759 2759 1823 2814; x_wconf 88' lang='lat' dir='ltr'><strong>Sus·</strong></span> 
     </span>
     <span class='ocr_line' id='line_1_29' title="bbox 147 2851 1823 2928; baseline -0.003 -17"><span class='ocrx_word' id='word_1_371' title='bbox 147 2873 202 2928; x_wconf 92' lang='lat' dir='ltr'><strong>que</strong></span> <span class='ocrx_word' id='word_1_372' title='bbox 217 2856 251 2911; x_wconf 90' lang='lat' dir='ltr'><strong>ad</strong></span> <span class='ocrx_word' id='word_1_373' title='bbox 265 2870 405 2926; x_wconf 89' lang='lat' dir='ltr'><strong>magnum</strong></span> <span class='ocrx_word' id='word_1_374' title='bbox 420 2853 538 2919; x_wconf 84' lang='lat' dir='ltr'><strong>flumen,</strong></span> <span class='ocrx_word' id='word_1_375' title='bbox 553 2853 630 2924; x_wconf 91' lang='lat' dir='ltr'><strong>quod</strong></span> <span class='ocrx_word' id='word_1_376' title='bbox 646 2852 724 2907; x_wconf 88' lang='lat' dir='ltr'><strong>Scote</strong></span> <span class='ocrx_word' id='word_1_377' title='bbox 738 2853 832 2905; x_wconf 89' lang='lat' dir='ltr'><strong>Watra</strong></span> <span class='ocrx_word' id='word_1_378' title='bbox 844 2851 956 2921; x_wconf 88' lang='lat' dir='ltr'><strong>dieitur,</strong></span> <span class='ocrx_word' id='word_1_379' title='bbox 1008 2854 1098 2925; x_wconf 87' lang='lat' dir='ltr'><strong>ceptis</strong></span> <span class='ocrx_word' id='word_1_380' title='bbox 1115 2858 1208 2907; x_wconf 89' lang='lat' dir='ltr'><strong>autem</strong></span> <span class='ocrx_word' id='word_1_381' title='bbox 1230 2852 1360 2923; x_wconf 87' lang='lat' dir='ltr'><strong>precibus</strong></span> <span class='ocrx_word' id='word_1_382' title='bbox 1381 2852 1444 2923; x_wconf 87' lang='lat' dir='ltr'><strong>ejus</strong></span> <span class='ocrx_word' id='word_1_383' title='bbox 1467 2869 1530 2906; x_wconf 92' lang='lat' dir='ltr'><strong>cum</strong></span> <span class='ocrx_word' id='word_1_384' title='bbox 1552 2851 1663 2923; x_wconf 91' lang='lat' dir='ltr'><strong>ingenti</strong></span> <span class='ocrx_word' id='word_1_385' title='bbox 1688 2851 1787 2907; x_wconf 86' lang='lat' dir='ltr'><strong>lavore</strong></span> <span class='ocrx_word' id='word_1_386' title='bbox 1807 2868 1823 2906; x_wconf 89' lang='grc' dir='ltr'><strong>ιι</strong></span> 
     </span>
     <span class='ocr_line' id='line_1_30' title="bbox 146 2944 1822 3022; baseline -0.002 -18"><span class='ocrx_word' id='word_1_387' title='bbox 146 2948 288 3022; x_wconf 82' lang='lat' dir='ltr'><strong>perduxit.</strong></span> <span class='ocrx_word' id='word_1_388' title='bbox 317 2948 372 3004; x_wconf 91' lang='lat' dir='ltr'><strong>Sed</strong></span> <span class='ocrx_word' id='word_1_389' title='bbox 398 2947 464 3019; x_wconf 85' lang='lat' dir='ltr'><strong>quia</strong></span> <span class='ocrx_word' id='word_1_390' title='bbox 490 2944 690 3001; x_wconf 87' lang='lat' dir='ltr'><strong>inaccessibilis</strong></span> <span class='ocrx_word' id='word_1_391' title='bbox 717 2944 852 2999; x_wconf 88' lang='lat' dir='ltr'><strong>transitus</strong></span> <span class='ocrx_word' id='word_1_392' title='bbox 877 2949 957 3012; x_wconf 87' lang='lat' dir='ltr'><strong>crat,</strong></span> <span class='ocrx_word' id='word_1_393' title='bbox 1008 2947 1100 3013; x_wconf 86' lang='lat' dir='ltr'><strong>curia,</strong></span> <span class='ocrx_word' id='word_1_394' title='bbox 1117 2947 1201 3017; x_wconf 89' lang='lat' dir='ltr'><strong>jussit</strong></span> <span class='ocrx_word' id='word_1_395' title='bbox 1221 2946 1372 3018; x_wconf 86' lang='lat' dir='ltr'><strong>aggregari</strong></span> <span class='ocrx_word' id='word_1_396' title='bbox 1393 2961 1552 3017; x_wconf 89' lang='lat' dir='ltr'><strong>pauperum</strong></span> <span class='ocrx_word' id='word_1_397' title='bbox 1572 2945 1702 3017; x_wconf 89' lang='lat' dir='ltr'><strong>agmina,</strong></span> <span class='ocrx_word' id='word_1_398' title='bbox 1724 2946 1822 3017; x_wconf 89' lang='lat' dir='ltr'><strong>eisque</strong></span> 
     </span>
    </p>
   </div>
   <div class='ocr_carea' id='block_1_3' title="bbox 146 3038 1824 3582">
    <p class='ocr_par' dir='ltr' id='par_1_3' title="bbox 146 3038 1824 3582">
     <span class='ocr_line' id='line_1_31' title="bbox 147 3038 1822 3155; baseline -0.004 -56"><span class='ocrx_word' id='word_1_399' title='bbox 147 3060 234 3116; x_wconf 90' lang='lat' dir='ltr'><strong>super</strong></span> <span class='ocrx_word' id='word_1_400' title='bbox 255 3043 344 3114; x_wconf 88' lang='lat' dir='ltr'><strong>ripam</strong></span> <span class='ocrx_word' id='word_1_401' title='bbox 360 3040 496 3096; x_wconf 86' lang='lat' dir='ltr'><strong>consedit.</strong></span> <span class='ocrx_word' id='word_1_402' title='bbox 519 3041 576 3097; x_wconf 84' lang='lat' dir='ltr'><strong>Rex</strong></span> <span class='ocrx_word' id='word_1_403' title='bbox 593 3042 689 3094; x_wconf 90' lang='lat' dir='ltr'><strong>autem</strong></span> <span class='ocrx_word' id='word_1_404' title='bbox 712 3039 860 3095; x_wconf 89' lang='lat' dir='ltr'><strong>Scotorum</strong></span> <span class='ocrx_word' id='word_1_405' title='bbox 881 3056 896 3094; x_wconf 88' lang='lat' dir='ltr'><strong>e</strong></span> <span class='ocrx_word' id='word_1_406' title='bbox 918 3056 959 3095; x_wconf 90' lang='lat' dir='ltr'><strong>re·</strong></span> <span class='ocrx_word' id='word_1_407' title='bbox 968 3080 996 3155; x_wconf 74' lang='lat' dir='ltr'>C</span> <span class='ocrx_word' id='word_1_408' title='bbox 1008 3057 1059 3112; x_wconf 91' lang='lat' dir='ltr'><strong>pro</strong></span> <span class='ocrx_word' id='word_1_409' title='bbox 1081 3056 1177 3095; x_wconf 84' lang='lat' dir='ltr'><strong>aurore</strong></span> <span class='ocrx_word' id='word_1_410' title='bbox 1196 3041 1244 3096; x_wconf 90' lang='lat' dir='ltr'><strong>Dei</strong></span> <span class='ocrx_word' id='word_1_411' title='bbox 1266 3056 1381 3096; x_wconf 90' lang='lat' dir='ltr'><strong>omucm</strong></span> <span class='ocrx_word' id='word_1_412' title='bbox 1397 3039 1561 3095; x_wconf 90' lang='lat' dir='ltr'><strong>thesaurum</strong></span> <span class='ocrx_word' id='word_1_413' title='bbox 1577 3055 1660 3093; x_wconf 90' lang='lat' dir='ltr'><strong>suum</strong></span> <span class='ocrx_word' id='word_1_414' title='bbox 1677 3038 1822 3108; x_wconf 85' lang='lat' dir='ltr'><strong>distribui,</strong></span> 
     </span>
     <span class='ocr_line' id='line_1_32' title="bbox 147 3132 1823 3210; baseline -0.003 -17"><span class='ocrx_word' id='word_1_415' title='bbox 147 3138 230 3210; x_wconf 89' lang='lat' dir='ltr'><strong>gione</strong></span> <span class='ocrx_word' id='word_1_416' title='bbox 250 3152 315 3192; x_wconf 91' lang='lat' dir='ltr'><strong>cum</strong></span> <span class='ocrx_word' id='word_1_417' title='bbox 336 3134 495 3206; x_wconf 85' lang='lat' dir='ltr'><strong>legionibus</strong></span> <span class='ocrx_word' id='word_1_418' title='bbox 516 3134 574 3189; x_wconf 90' lang='lat' dir='ltr'><strong>suis</strong></span> <span class='ocrx_word' id='word_1_419' title='bbox 595 3134 629 3188; x_wconf 93' lang='lat' dir='ltr'><strong>ad</strong></span> <span class='ocrx_word' id='word_1_420' title='bbox 653 3133 818 3188; x_wconf 88' lang='lat' dir='ltr'><strong>bellandum</strong></span> <span class='ocrx_word' id='word_1_421' title='bbox 842 3135 958 3204; x_wconf 88' lang='lat' dir='ltr'><strong>paratus</strong></span> <span class='ocrx_word' id='word_1_422' title='bbox 1008 3151 1161 3206; x_wconf 86' lang='lat' dir='ltr'><strong>omnesque</strong></span> <span class='ocrx_word' id='word_1_423' title='bbox 1175 3134 1285 3206; x_wconf 81' lang='lat' dir='ltr'><strong>rogavit</strong></span> <span class='ocrx_word' id='word_1_424' title='bbox 1303 3141 1334 3189; x_wconf 93' lang='lat' dir='ltr'><strong>ut</strong></span> <span class='ocrx_word' id='word_1_425' title='bbox 1352 3151 1404 3206; x_wconf 91' lang='lat' dir='ltr'><strong>pro</strong></span> <span class='ocrx_word' id='word_1_426' title='bbox 1424 3151 1463 3201; x_wconf 91' lang='lat' dir='ltr'><strong>se,</strong></span> <span class='ocrx_word' id='word_1_427' title='bbox 1483 3132 1585 3189; x_wconf 91' lang='lat' dir='ltr'><strong>marito</strong></span> <span class='ocrx_word' id='word_1_428' title='bbox 1600 3149 1662 3199; x_wconf 91' lang='lat' dir='ltr'><strong>suo,</strong></span> <span class='ocrx_word' id='word_1_429' title='bbox 1681 3133 1823 3204; x_wconf 88' lang='lat' dir='ltr'><strong>proleque</strong></span> 
     </span>
     <span class='ocr_line' id='line_1_33' title="bbox 146 3225 1821 3302; baseline -0.004 -15"><span class='ocrx_word' id='word_1_430' title='bbox 146 3231 282 3298; x_wconf 84' lang='lat' dir='ltr'><strong>constitit,</strong></span> <span class='ocrx_word' id='word_1_431' title='bbox 305 3230 425 3302; x_wconf 89' lang='lat' dir='ltr'><strong>regique</strong></span> <span class='ocrx_word' id='word_1_432' title='bbox 445 3228 600 3300; x_wconf 68' lang='lat' dir='ltr'><strong>auglorum</strong></span> <span class='ocrx_word' id='word_1_433' title='bbox 622 3245 674 3299; x_wconf 91' lang='lat' dir='ltr'><strong>per</strong></span> <span class='ocrx_word' id='word_1_434' title='bbox 695 3227 886 3283; x_wconf 89' lang='lat' dir='ltr'><strong>internuntios</strong></span> <span class='ocrx_word' id='word_1_435' title='bbox 907 3227 959 3281; x_wconf 87' lang='lat' dir='ltr'><strong>ista</strong></span> <span class='ocrx_word' id='word_1_436' title='bbox 1008 3246 1059 3285; x_wconf 87' lang='lat' dir='ltr'><strong>sua</strong></span> <span class='ocrx_word' id='word_1_437' title='bbox 1081 3228 1232 3283; x_wconf 91' lang='lat' dir='ltr'><strong>Dominum</strong></span> <span class='ocrx_word' id='word_1_438' title='bbox 1254 3229 1401 3283; x_wconf 86' lang='lat' dir='ltr'><strong>studerent</strong></span> <span class='ocrx_word' id='word_1_439' title='bbox 1419 3227 1574 3298; x_wconf 89' lang='lat' dir='ltr'><strong>deprecari.</strong></span> <span class='ocrx_word' id='word_1_440' title='bbox 1598 3229 1664 3282; x_wconf 77' lang='lat' dir='ltr'><strong>llaec</strong></span> <span class='ocrx_word' id='word_1_441' title='bbox 1683 3225 1821 3282; x_wconf 91' lang='lat' dir='ltr'><strong>nimirum</strong></span> 
     </span>
     <span class='ocr_line' id='line_1_34' title="bbox 147 3319 1824 3393; baseline -0.004 -13"><span class='ocrx_word' id='word_1_442' title='bbox 147 3325 313 3380; x_wconf 86' lang='lat' dir='ltr'><strong>mandavit:</strong></span> <span class='ocrx_word' id='word_1_443' title='bbox 329 3345 343 3374; x_wconf 76' lang='grc' dir='ltr'><strong>ιι</strong></span> <span class='ocrx_word' id='word_1_444' title='bbox 358 3322 430 3393; x_wconf 81' lang='lat' dir='ltr'><strong>Tibi,</strong></span> <span class='ocrx_word' id='word_1_445' title='bbox 446 3339 495 3377; x_wconf 86' lang='lat' dir='ltr'><strong>rex</strong></span> <span class='ocrx_word' id='word_1_446' title='bbox 515 3321 675 3389; x_wconf 87' lang='lat' dir='ltr'><strong>Guillelme,</strong></span> <span class='ocrx_word' id='word_1_447' title='bbox 697 3321 766 3376; x_wconf 91' lang='lat' dir='ltr'><strong>nibil</strong></span> <span class='ocrx_word' id='word_1_448' title='bbox 787 3320 888 3389; x_wconf 90' lang='lat' dir='ltr'><strong>debeo,</strong></span> <span class='ocrx_word' id='word_1_449' title='bbox 904 3319 959 3376; x_wconf 85' lang='lat' dir='ltr'><strong>nisi</strong></span> <span class='ocrx_word' id='word_1_450' title='bbox 1007 3323 1066 3377; x_wconf 87' lang='lat' dir='ltr'><strong>iilia</strong></span> <span class='ocrx_word' id='word_1_451' title='bbox 1091 3323 1144 3377; x_wconf 86' lang='lat' dir='ltr'><strong>init</strong></span> <span class='ocrx_word' id='word_1_452' title='bbox 1165 3321 1296 3388; x_wconf 83' lang='lat' dir='ltr'><strong>Eduardi,</strong></span> <span class='ocrx_word' id='word_1_453' title='bbox 1321 3321 1396 3391; x_wconf 81' lang='lat' dir='ltr'><strong>regis</strong></span> <span class='ocrx_word' id='word_1_454' title='bbox 1420 3322 1577 3388; x_wconf 84' lang='lat' dir='ltr'><strong>Hunorum,</strong></span> <span class='ocrx_word' id='word_1_455' title='bbox 1603 3320 1650 3391; x_wconf 92' lang='lat' dir='ltr'><strong>qui</strong></span> <span class='ocrx_word' id='word_1_456' title='bbox 1672 3320 1727 3377; x_wconf 87' lang='lat' dir='ltr'><strong>luit</strong></span> <span class='ocrx_word' id='word_1_457' title='bbox 1748 3319 1824 3375; x_wconf 89' lang='lat' dir='ltr'><strong>illius</strong></span> 
     </span>
     <span class='ocr_line' id='line_1_35' title="bbox 147 3413 1824 3488; baseline -0.004 -13"><span class='ocrx_word' id='word_1_458' title='bbox 147 3419 328 3488; x_wconf 86' lang='lat' dir='ltr'><strong>conflictum,</strong></span> <span class='ocrx_word' id='word_1_459' title='bbox 351 3417 373 3472; x_wconf 89' lang='lat' dir='ltr'><strong>si</strong></span> <span class='ocrx_word' id='word_1_460' title='bbox 397 3433 413 3471; x_wconf 91' lang='lat' dir='ltr'><strong>a</strong></span> <span class='ocrx_word' id='word_1_461' title='bbox 436 3421 463 3472; x_wconf 90' lang='lat' dir='ltr'><strong>te</strong></span> <span class='ocrx_word' id='word_1_462' title='bbox 489 3415 601 3488; x_wconf 86' lang='lat' dir='ltr'><strong>injuriis</strong></span> <span class='ocrx_word' id='word_1_463' title='bbox 626 3415 770 3470; x_wconf 88' lang='lat' dir='ltr'><strong>lacessitus</strong></span> <span class='ocrx_word' id='word_1_464' title='bbox 793 3414 884 3469; x_wconf 84' lang='lat' dir='ltr'><strong>fuero.</strong></span> <span class='ocrx_word' id='word_1_465' title='bbox 908 3415 959 3468; x_wconf 89' lang='lat' dir='ltr'><strong>Ve·</strong></span> <span class='ocrx_word' id='word_1_466' title='bbox 1008 3414 1150 3471; x_wconf 83' lang='lat' dir='ltr'><strong>Edmuudi</strong></span> <span class='ocrx_word' id='word_1_467' title='bbox 1169 3419 1359 3487; x_wconf 89' lang='lat' dir='ltr'><strong>cognomento</strong></span> <span class='ocrx_word' id='word_1_468' title='bbox 1373 3413 1518 3481; x_wconf 79' lang='lat' dir='ltr'><strong>lrnesidae,</strong></span> <span class='ocrx_word' id='word_1_469' title='bbox 1535 3413 1629 3468; x_wconf 79' lang='lat' dir='ltr'><strong>fratris</strong></span> <span class='ocrx_word' id='word_1_470' title='bbox 1644 3414 1767 3469; x_wconf 84' lang='lat' dir='ltr'><strong>Eduardi</strong></span> <span class='ocrx_word' id='word_1_471' title='bbox 1783 3430 1824 3468; x_wconf 77' lang='lat' dir='ltr'><strong>ra</strong></span> 
     </span>
     <span class='ocr_line' id='line_1_36' title="bbox 146 3507 1823 3582; baseline -0.004 -14"><span class='ocrx_word' id='word_1_472' title='bbox 146 3530 221 3577; x_wconf 89' lang='lat' dir='ltr'><strong>rum,</strong></span> <span class='ocrx_word' id='word_1_473' title='bbox 244 3513 267 3567; x_wconf 91' lang='lat' dir='ltr'><strong>si</strong></span> <span class='ocrx_word' id='word_1_474' title='bbox 292 3511 478 3580; x_wconf 80' lang='lat' dir='ltr'><strong>liudbertum,</strong></span> <span class='ocrx_word' id='word_1_475' title='bbox 503 3508 727 3582; x_wconf 88' lang='lat' dir='ltr'><strong>primogenitum</strong></span> <span class='ocrx_word' id='word_1_476' title='bbox 752 3507 893 3564; x_wconf 83' lang='lat' dir='ltr'><strong>Grvitlelmi</strong></span> <span class='ocrx_word' id='word_1_477' title='bbox 916 3525 958 3563; x_wconf 91' lang='lat' dir='ltr'><strong>re·</strong></span> <span class='ocrx_word' id='word_1_478' title='bbox 1009 3510 1051 3581; x_wconf 85' lang='lat' dir='ltr'><strong>gis</strong></span> <span class='ocrx_word' id='word_1_479' title='bbox 1078 3509 1252 3580; x_wconf 71' lang='lat' dir='ltr'><strong>auglorum,</strong></span> <span class='ocrx_word' id='word_1_480' title='bbox 1281 3514 1310 3563; x_wconf 89' lang='lat' dir='ltr'><strong>et</strong></span> <span class='ocrx_word' id='word_1_481' title='bbox 1337 3509 1414 3564; x_wconf 88' lang='lat' dir='ltr'><strong>exsul</strong></span> <span class='ocrx_word' id='word_1_482' title='bbox 1440 3508 1594 3580; x_wconf 88' lang='lat' dir='ltr'><strong>conjugem</strong></span> <span class='ocrx_word' id='word_1_483' title='bbox 1618 3507 1731 3580; x_wconf 87' lang='lat' dir='ltr'><strong>accepit</strong></span> <span class='ocrx_word' id='word_1_484' title='bbox 1757 3523 1823 3563; x_wconf 89' lang='lat' dir='ltr'><strong>eum</strong></span> 
     </span>
    </p>
   </div>
   <div class='ocr_carea' id='block_1_4' title="bbox 146 3602 960 3865">
    <p class='ocr_par' dir='ltr' id='par_1_4' title="bbox 146 3602 960 3865">
     <span class='ocr_line' id='line_1_37' title="bbox 147 3602 960 3680; baseline -0.007 -18"><span class='ocrx_word' id='word_1_485' title='bbox 147 3608 190 3680; x_wconf 88' lang='lat' dir='ltr'><strong>gis</strong></span> <span class='ocrx_word' id='word_1_486' title='bbox 208 3607 308 3675; x_wconf 87' lang='lat' dir='ltr'><strong>illium,</strong></span> <span class='ocrx_word' id='word_1_487' title='bbox 324 3605 429 3673; x_wconf 89' lang='lat' dir='ltr'><strong>videro,</strong></span> <span class='ocrx_word' id='word_1_488' title='bbox 446 3604 486 3659; x_wconf 94' lang='lat' dir='ltr'><strong>illi</strong></span> <span class='ocrx_word' id='word_1_489' title='bbox 507 3603 643 3659; x_wconf 85' lang='lat' dir='ltr'><strong>exhibere</strong></span> <span class='ocrx_word' id='word_1_490' title='bbox 666 3607 781 3674; x_wconf 88' lang='lat' dir='ltr'><strong>paratus</strong></span> <span class='ocrx_word' id='word_1_491' title='bbox 798 3619 860 3658; x_wconf 89' lang='lat' dir='ltr'><strong>sum</strong></span> <span class='ocrx_word' id='word_1_492' title='bbox 878 3602 960 3675; x_wconf 90' lang='lat' dir='ltr'><strong>quid·</strong></span> 
     </span>
     <span class='ocr_line' id='line_1_38' title="bbox 146 3696 959 3774; baseline -0.009 -17"><span class='ocrx_word' id='word_1_493' title='bbox 146 3703 215 3774; x_wconf 92' lang='lat' dir='ltr'><strong>quid</strong></span> <span class='ocrx_word' id='word_1_494' title='bbox 246 3701 346 3757; x_wconf 85' lang='lat' dir='ltr'><strong>detrec.</strong></span> <span class='ocrx_word' id='word_1_495' title='bbox 374 3721 387 3750; x_wconf 88' lang='grc' dir='ltr'><strong>ιι</strong></span> <span class='ocrx_word' id='word_1_496' title='bbox 409 3698 456 3756; x_wconf 83' lang='lat' dir='ltr'><strong>liis</strong></span> <span class='ocrx_word' id='word_1_497' title='bbox 487 3697 606 3768; x_wconf 91' lang='lat' dir='ltr'><strong>auditis,</strong></span> <span class='ocrx_word' id='word_1_498' title='bbox 635 3714 668 3752; x_wconf 83' lang='lat' dir='ltr'><strong>ex</strong></span> <span class='ocrx_word' id='word_1_499' title='bbox 693 3697 823 3752; x_wconf 90' lang='lat' dir='ltr'><strong>consultu</strong></span> <span class='ocrx_word' id='word_1_500' title='bbox 848 3696 959 3768; x_wconf 88' lang='lat' dir='ltr'><strong>sapien·</strong></span> 
     </span>
     <span class='ocr_line' id='line_1_39' title="bbox 146 3789 959 3865; baseline -0.009 -13"><span class='ocrx_word' id='word_1_501' title='bbox 146 3797 228 3865; x_wconf 89' lang='lat' dir='ltr'><strong>tium,</strong></span> <span class='ocrx_word' id='word_1_502' title='bbox 243 3795 402 3850; x_wconf 85' lang='lat' dir='ltr'><strong>Radbertus</strong></span> <span class='ocrx_word' id='word_1_503' title='bbox 416 3793 472 3848; x_wconf 88' lang='lat' dir='ltr'><strong>dux</strong></span> <span class='ocrx_word' id='word_1_504' title='bbox 487 3808 552 3847; x_wconf 88' lang='lat' dir='ltr'><strong>cum</strong></span> <span class='ocrx_word' id='word_1_505' title='bbox 565 3791 663 3863; x_wconf 89' lang='lat' dir='ltr'><strong>paucis</strong></span> <span class='ocrx_word' id='word_1_506' title='bbox 675 3790 811 3847; x_wconf 90' lang='lat' dir='ltr'><strong>militibus</strong></span> <span class='ocrx_word' id='word_1_507' title='bbox 825 3789 959 3845; x_wconf 83' lang='lat' dir='ltr'><strong>transire·</strong></span> 
     </span>
    </p>
   </div>
   <div class='ocr_carea' id='block_1_5' title="bbox 145 3890 957 4050">
    <p class='ocr_par' dir='ltr' id='par_1_5' title="bbox 145 3890 957 4050">
     <span class='ocr_line' id='line_1_40' title="bbox 145 3890 224 3947; baseline 0 0"><span class='ocrx_word' id='word_1_508' title='bbox 145 3890 224 3947; x_wconf 87' lang='lat' dir='ltr'><strong>tavit.</strong></span> 
     </span>
     <span class='ocr_line' id='line_1_41' title="bbox 182 3977 957 4050; baseline -0.009 -12"><span class='ocrx_word' id='word_1_509' title='bbox 182 3985 241 4038; x_wconf 83' lang='lat' dir='ltr'><strong>Rex</strong></span> <span class='ocrx_word' id='word_1_510' title='bbox 261 3985 360 4037; x_wconf 91' lang='lat' dir='ltr'><strong>autem</strong></span> <span class='ocrx_word' id='word_1_511' title='bbox 381 3980 529 4035; x_wconf 88' lang='lat' dir='ltr'><strong>Scotorum</strong></span> <span class='ocrx_word' id='word_1_512' title='bbox 543 3978 709 4050; x_wconf 86' lang='lat' dir='ltr'><strong>benigniter</strong></span> <span class='ocrx_word' id='word_1_513' title='bbox 726 3978 806 4033; x_wconf 91' lang='lat' dir='ltr'><strong>illum</strong></span> <span class='ocrx_word' id='word_1_514' title='bbox 824 3977 957 4049; x_wconf 87' lang='lat' dir='ltr'><strong>suscepit,</strong></span> 
     </span>
    </p>
   </div>
   <div class='ocr_carea' id='block_1_6' title="bbox 1008 3601 1825 4050">
    <p class='ocr_par' dir='ltr' id='par_1_6' title="bbox 1008 3601 1825 4050">
     <span class='ocr_line' id='line_1_42' title="bbox 1008 3601 1824 3675; baseline -0.002 -17"><span class='ocrx_word' id='word_1_515' title='bbox 1008 3619 1096 3675; x_wconf 92' lang='lat' dir='ltr'><strong>regno</strong></span> <span class='ocrx_word' id='word_1_516' title='bbox 1118 3603 1205 3658; x_wconf 85' lang='lat' dir='ltr'><strong>liliam</strong></span> <span class='ocrx_word' id='word_1_517' title='bbox 1225 3603 1383 3658; x_wconf 86' lang='lat' dir='ltr'><strong>Salomonis</strong></span> <span class='ocrx_word' id='word_1_518' title='bbox 1404 3603 1478 3674; x_wconf 87' lang='lat' dir='ltr'><strong>regis</strong></span> <span class='ocrx_word' id='word_1_519' title='bbox 1499 3602 1657 3657; x_wconf 87' lang='lat' dir='ltr'><strong>tluuorum.</strong></span> <span class='ocrx_word' id='word_1_520' title='bbox 1677 3601 1824 3658; x_wconf 85' lang='lat' dir='ltr'><strong>Generosa</strong></span> 
     </span>
     <span class='ocr_line' id='line_1_43' title="bbox 1009 3695 1824 3770; baseline -0.005 -17"><span class='ocrx_word' id='word_1_521' title='bbox 1009 3697 1112 3770; x_wconf 86' lang='lat' dir='ltr'><strong>quippe</strong></span> <span class='ocrx_word' id='word_1_522' title='bbox 1137 3697 1243 3752; x_wconf 89' lang='lat' dir='ltr'><strong>mulier</strong></span> <span class='ocrx_word' id='word_1_523' title='bbox 1266 3696 1301 3751; x_wconf 89' lang='lat' dir='ltr'><strong>de</strong></span> <span class='ocrx_word' id='word_1_524' title='bbox 1326 3696 1466 3768; x_wconf 86' lang='lat' dir='ltr'><strong>sauguine</strong></span> <span class='ocrx_word' id='word_1_525' title='bbox 1493 3711 1594 3768; x_wconf 88' lang='lat' dir='ltr'><strong>regum</strong></span> <span class='ocrx_word' id='word_1_526' title='bbox 1621 3695 1734 3768; x_wconf 88' lang='lat' dir='ltr'><strong>proavis</strong></span> <span class='ocrx_word' id='word_1_527' title='bbox 1762 3701 1824 3750; x_wconf 91' lang='lat' dir='ltr'><strong>orta</strong></span> 
     </span>
     <span class='ocr_line' id='line_1_44' title="bbox 1008 3789 1824 3864; baseline -0.002 -17"><span class='ocrx_word' id='word_1_528' title='bbox 1008 3791 1145 3864; x_wconf 84' lang='lat' dir='ltr'><strong>pollebat3</strong></span> <span class='ocrx_word' id='word_1_529' title='bbox 1168 3791 1216 3846; x_wconf 91' lang='lat' dir='ltr'><strong>sed</strong></span> <span class='ocrx_word' id='word_1_530' title='bbox 1239 3807 1353 3846; x_wconf 90' lang='lat' dir='ltr'><strong>morum</strong></span> <span class='ocrx_word' id='word_1_531' title='bbox 1370 3790 1505 3856; x_wconf 87' lang='lat' dir='ltr'><strong>bonitate,</strong></span> <span class='ocrx_word' id='word_1_532' title='bbox 1525 3789 1649 3861; x_wconf 69' lang='lat' dir='ltr'><strong>vitaeque</strong></span> <span class='ocrx_word' id='word_1_533' title='bbox 1672 3790 1824 3845; x_wconf 87' lang='lat' dir='ltr'><strong>sanctitate</strong></span> 
     </span>
     <span class='ocr_line' id='line_1_45' title="bbox 1008 3882 1825 3957; baseline -0.005 -16"><span class='ocrx_word' id='word_1_534' title='bbox 1008 3886 1098 3957; x_wconf 79' lang='lat' dir='ltr'><strong>inagis</strong></span> <span class='ocrx_word' id='word_1_535' title='bbox 1113 3885 1294 3957; x_wconf 80' lang='lat' dir='ltr'><strong>praecluebat.</strong></span> <span class='ocrx_word' id='word_1_536' title='bbox 1318 3885 1444 3957; x_wconf 89' lang='lat' dir='ltr'><strong>Denique</strong></span> <span class='ocrx_word' id='word_1_537' title='bbox 1464 3887 1660 3956; x_wconf 84' lang='lat' dir='ltr'><strong>competenter</strong></span> <span class='ocrx_word' id='word_1_538' title='bbox 1681 3882 1825 3939; x_wconf 86' lang='lat' dir='ltr'><strong>ordinatis</strong></span> 
     </span>
     <span class='ocr_line' id='line_1_46' title="bbox 1008 3976 1823 4050; baseline -0.004 -15"><span class='ocrx_word' id='word_1_539' title='bbox 1008 3979 1103 4048; x_wconf 89' lang='lat' dir='ltr'><strong>rebus,</strong></span> <span class='ocrx_word' id='word_1_540' title='bbox 1124 3983 1152 4034; x_wconf 89' lang='lat' dir='ltr'><strong>et</strong></span> <span class='ocrx_word' id='word_1_541' title='bbox 1170 3980 1244 4050; x_wconf 90' lang='lat' dir='ltr'><strong>gazis</strong></span> <span class='ocrx_word' id='word_1_542' title='bbox 1267 3977 1421 4033; x_wconf 88' lang='lat' dir='ltr'><strong>distributis</strong></span> <span class='ocrx_word' id='word_1_543' title='bbox 1442 3994 1602 4050; x_wconf 90' lang='lat' dir='ltr'><strong>pauperum</strong></span> <span class='ocrx_word' id='word_1_544' title='bbox 1623 3976 1754 4045; x_wconf 70' lang='lat' dir='ltr'><strong>caetibus,</strong></span> <span class='ocrx_word' id='word_1_545' title='bbox 1778 3993 1823 4032; x_wconf 91' lang='lat' dir='ltr'><strong>ec·</strong></span> 
     </span>
    </p>
   </div>
   <div class='ocr_carea' id='block_1_7' title="bbox 143 4070 1826 4993">
    <p class='ocr_par' dir='ltr' id='par_1_7' title="bbox 146 4070 1826 4425">
     <span class='ocr_line' id='line_1_47' title="bbox 148 4070 1820 4147; baseline -0.004 -15"><span class='ocrx_word' id='word_1_546' title='bbox 148 4086 303 4147; x_wconf 84' lang='lat' dir='ltr'><strong>secumque</strong></span> <span class='ocrx_word' id='word_1_547' title='bbox 317 4075 407 4130; x_wconf 89' lang='lat' dir='ltr'><strong>tribus</strong></span> <span class='ocrx_word' id='word_1_548' title='bbox 420 4072 521 4128; x_wconf 88' lang='lat' dir='ltr'><strong>diebus</strong></span> <span class='ocrx_word' id='word_1_549' title='bbox 539 4070 727 4127; x_wconf 88' lang='lat' dir='ltr'><strong>amicabiliter</strong></span> <span class='ocrx_word' id='word_1_550' title='bbox 739 4070 868 4125; x_wconf 89' lang='lat' dir='ltr'><strong>detinuit.</strong></span> <span class='ocrx_word' id='word_1_551' title='bbox 883 4072 959 4125; x_wconf 87' lang='lat' dir='ltr'><strong>Tunc</strong></span> <span class='ocrx_word' id='word_1_552' title='bbox 1009 4073 1123 4128; x_wconf 82' lang='lat' dir='ltr'><strong>alesiam</strong></span> <span class='ocrx_word' id='word_1_553' title='bbox 1144 4073 1268 4138; x_wconf 87' lang='lat' dir='ltr'><strong>intravit,</strong></span> <span class='ocrx_word' id='word_1_554' title='bbox 1291 4073 1405 4127; x_wconf 89' lang='lat' dir='ltr'><strong>missam</strong></span> <span class='ocrx_word' id='word_1_555' title='bbox 1419 4088 1436 4126; x_wconf 90' lang='lat' dir='ltr'><strong>a</strong></span> <span class='ocrx_word' id='word_1_556' title='bbox 1448 4071 1601 4143; x_wconf 88' lang='lat' dir='ltr'><strong>capellanis</strong></span> <span class='ocrx_word' id='word_1_557' title='bbox 1618 4071 1755 4126; x_wconf 88' lang='lat' dir='ltr'><strong>celebrari</strong></span> <span class='ocrx_word' id='word_1_558' title='bbox 1776 4087 1820 4125; x_wconf 88' lang='lat' dir='ltr'><strong>ro·</strong></span> 
     </span>
     <span class='ocr_line' id='line_1_48' title="bbox 147 4164 1823 4243; baseline -0.005 -17"><span class='ocrx_word' id='word_1_559' title='bbox 147 4187 234 4243; x_wconf 88' lang='lat' dir='ltr'><strong>super</strong></span> <span class='ocrx_word' id='word_1_560' title='bbox 246 4169 400 4241; x_wconf 90' lang='lat' dir='ltr'><strong>quemdam</strong></span> <span class='ocrx_word' id='word_1_561' title='bbox 414 4172 541 4222; x_wconf 91' lang='lat' dir='ltr'><strong>montem</strong></span> <span class='ocrx_word' id='word_1_562' title='bbox 560 4165 701 4220; x_wconf 82' lang='lat' dir='ltr'><strong>excelsum</strong></span> <span class='ocrx_word' id='word_1_563' title='bbox 715 4165 816 4219; x_wconf 79' lang='lat' dir='ltr'><strong>direem</strong></span> <span class='ocrx_word' id='word_1_564' title='bbox 830 4165 957 4235; x_wconf 86' lang='lat' dir='ltr'><strong>deduxit,</strong></span> <span class='ocrx_word' id='word_1_565' title='bbox 1011 4167 1097 4239; x_wconf 88' lang='lat' dir='ltr'><strong>gavit.</strong></span> <span class='ocrx_word' id='word_1_566' title='bbox 1110 4166 1203 4223; x_wconf 92' lang='lat' dir='ltr'><strong>Sacris</strong></span> <span class='ocrx_word' id='word_1_567' title='bbox 1215 4166 1349 4238; x_wconf 90' lang='lat' dir='ltr'><strong>deinceps</strong></span> <span class='ocrx_word' id='word_1_568' title='bbox 1360 4166 1460 4220; x_wconf 89' lang='lat' dir='ltr'><strong>devote</strong></span> <span class='ocrx_word' id='word_1_569' title='bbox 1475 4164 1620 4220; x_wconf 88' lang='lat' dir='ltr'><strong>solemniis</strong></span> <span class='ocrx_word' id='word_1_570' title='bbox 1629 4164 1771 4231; x_wconf 87' lang='lat' dir='ltr'><strong>interluit,</strong></span> <span class='ocrx_word' id='word_1_571' title='bbox 1783 4165 1823 4231; x_wconf 87' lang='lat' dir='ltr'><strong>et,</strong></span> 
     </span>
     <span class='ocr_line' id='line_1_49' title="bbox 148 4257 1826 4335; baseline -0.005 -15"><span class='ocrx_word' id='word_1_572' title='bbox 148 4271 176 4321; x_wconf 93' lang='lat' dir='ltr'><strong>et</strong></span> <span class='ocrx_word' id='word_1_573' title='bbox 190 4264 257 4320; x_wconf 92' lang='lat' dir='ltr'><strong>iude</strong></span> <span class='ocrx_word' id='word_1_574' title='bbox 270 4264 299 4318; x_wconf 91' lang='lat' dir='ltr'><strong>iu</strong></span> <span class='ocrx_word' id='word_1_575' title='bbox 317 4261 440 4335; x_wconf 90' lang='lat' dir='ltr'><strong>quadam</strong></span> <span class='ocrx_word' id='word_1_576' title='bbox 454 4260 574 4332; x_wconf 91' lang='lat' dir='ltr'><strong>planitie</strong></span> <span class='ocrx_word' id='word_1_577' title='bbox 588 4259 736 4331; x_wconf 89' lang='lat' dir='ltr'><strong>ingentem</strong></span> <span class='ocrx_word' id='word_1_578' title='bbox 748 4259 903 4314; x_wconf 86' lang='lat' dir='ltr'><strong>exercitum</strong></span> <span class='ocrx_word' id='word_1_579' title='bbox 918 4277 960 4315; x_wconf 86' lang='lat' dir='ltr'><strong>ar·</strong></span> <span class='ocrx_word' id='word_1_580' title='bbox 1010 4267 1072 4332; x_wconf 90' lang='lat' dir='ltr'><strong>post</strong></span> <span class='ocrx_word' id='word_1_581' title='bbox 1092 4277 1179 4316; x_wconf 76' lang='lat' dir='ltr'><strong>sacrae</strong></span> <span class='ocrx_word' id='word_1_582' title='bbox 1197 4261 1407 4332; x_wconf 88' lang='lat' dir='ltr'><strong>perceptionem</strong></span> <span class='ocrx_word' id='word_1_583' title='bbox 1430 4258 1618 4326; x_wconf 77' lang='lat' dir='ltr'><strong>eucharistiae,</strong></span> <span class='ocrx_word' id='word_1_584' title='bbox 1641 4257 1720 4313; x_wconf 91' lang='lat' dir='ltr'><strong>inter</strong></span> <span class='ocrx_word' id='word_1_585' title='bbox 1738 4257 1826 4313; x_wconf 83' lang='lat' dir='ltr'><strong>verba</strong></span> 
     </span>
     <span class='ocr_line' id='line_1_50' title="bbox 146 4352 1326 4425; baseline -0.007 -10"><span class='ocrx_word' id='word_1_586' title='bbox 146 4363 290 4415; x_wconf 85' lang='lat' dir='ltr'><strong>matorum</strong></span> <span class='ocrx_word' id='word_1_587' title='bbox 316 4356 340 4411; x_wconf 88' lang='lat' dir='ltr'><strong>ei</strong></span> <span class='ocrx_word' id='word_1_588' title='bbox 364 4353 496 4411; x_wconf 90' lang='lat' dir='ltr'><strong>ostendit.</strong></span> <span class='ocrx_word' id='word_1_589' title='bbox 522 4353 629 4408; x_wconf 82' lang='lat' dir='ltr'><strong>Deinde</strong></span> <span class='ocrx_word' id='word_1_590' title='bbox 652 4352 727 4408; x_wconf 88' lang='lat' dir='ltr'><strong>iuter</strong></span> <span class='ocrx_word' id='word_1_591' title='bbox 751 4352 823 4409; x_wconf 91' lang='lat' dir='ltr'><strong>duos</strong></span> <span class='ocrx_word' id='word_1_592' title='bbox 847 4359 959 4409; x_wconf 91' lang='lat' dir='ltr'><strong>montes</strong></span> <span class='ocrx_word' id='word_1_593' title='bbox 1010 4354 1147 4410; x_wconf 89' lang='lat' dir='ltr'><strong>orationis</strong></span> <span class='ocrx_word' id='word_1_594' title='bbox 1162 4353 1326 4425; x_wconf 80' lang='lat' dir='ltr'><strong>exspimvit.</strong></span> 
     </span>
    </p>

    <p class='ocr_par' dir='ltr' id='par_1_8' title="bbox 143 4444 1826 4993">
     <span class='ocr_line' id='line_1_51' title="bbox 147 4444 1823 4528; baseline -0.005 -19"><span class='ocrx_word' id='word_1_595' title='bbox 147 4453 281 4509; x_wconf 91' lang='lat' dir='ltr'><strong>eumdem</strong></span> <span class='ocrx_word' id='word_1_596' title='bbox 293 4468 327 4506; x_wconf 77' lang='lat' dir='ltr'><strong>er</strong></span> <span class='ocrx_word' id='word_1_597' title='bbox 338 4450 392 4505; x_wconf 90' lang='lat' dir='ltr'><strong>alia</strong></span> <span class='ocrx_word' id='word_1_598' title='bbox 402 4453 481 4521; x_wconf 87' lang='lat' dir='ltr'><strong>parte</strong></span> <span class='ocrx_word' id='word_1_599' title='bbox 495 4447 621 4515; x_wconf 89' lang='lat' dir='ltr'><strong>minavit,</strong></span> <span class='ocrx_word' id='word_1_600' title='bbox 633 4450 661 4501; x_wconf 89' lang='lat' dir='ltr'><strong>et</strong></span> <span class='ocrx_word' id='word_1_601' title='bbox 675 4447 703 4501; x_wconf 92' lang='lat' dir='ltr'><strong>in</strong></span> <span class='ocrx_word' id='word_1_602' title='bbox 717 4447 772 4502; x_wconf 89' lang='lat' dir='ltr'><strong>alio</strong></span> <span class='ocrx_word' id='word_1_603' title='bbox 786 4464 886 4519; x_wconf 89' lang='lat' dir='ltr'><strong>eampo</strong></span> <span class='ocrx_word' id='word_1_604' title='bbox 902 4455 997 4528; x_wconf 73' lang='lat' dir='ltr'><strong>mal)</strong></span> <span class='ocrx_word' id='word_1_605' title='bbox 1042 4449 1116 4502; x_wconf 90' lang='lat' dir='ltr'><strong>luter</strong></span> <span class='ocrx_word' id='word_1_606' title='bbox 1141 4451 1243 4502; x_wconf 84' lang='lat' dir='ltr'><strong>caetera</strong></span> <span class='ocrx_word' id='word_1_607' title='bbox 1268 4446 1354 4514; x_wconf 81' lang='lat' dir='ltr'><strong>boue,</strong></span> <span class='ocrx_word' id='word_1_608' title='bbox 1384 4461 1448 4518; x_wconf 80' lang='lat' dir='ltr'><strong>quae</strong></span> <span class='ocrx_word' id='word_1_609' title='bbox 1475 4445 1578 4500; x_wconf 89' lang='lat' dir='ltr'><strong>nobilis</strong></span> <span class='ocrx_word' id='word_1_610' title='bbox 1605 4444 1674 4499; x_wconf 90' lang='lat' dir='ltr'><strong>bera</strong></span> <span class='ocrx_word' id='word_1_611' title='bbox 1704 4445 1823 4514; x_wconf 86' lang='lat' dir='ltr'><strong>lecerat,</strong></span> 
     </span>
     <span class='ocr_line' id='line_1_52' title="bbox 143 4538 1824 4622; baseline -0.006 -19"><span class='ocrx_word' id='word_1_612' title='bbox 143 4549 238 4622; x_wconf 86' lang='lat' dir='ltr'><strong>jerem</strong></span> <span class='ocrx_word' id='word_1_613' title='bbox 261 4544 418 4601; x_wconf 88' lang='lat' dir='ltr'><strong>exercitum</strong></span> <span class='ocrx_word' id='word_1_614' title='bbox 439 4543 465 4598; x_wconf 91' lang='lat' dir='ltr'><strong>ei</strong></span> <span class='ocrx_word' id='word_1_615' title='bbox 487 4541 718 4598; x_wconf 86' lang='lat' dir='ltr'><strong>demonstravit:</strong></span> <span class='ocrx_word' id='word_1_616' title='bbox 741 4562 754 4590; x_wconf 78' lang='grc' dir='ltr'>α</span> <span class='ocrx_word' id='word_1_617' title='bbox 776 4541 898 4609; x_wconf 88' lang='lat' dir='ltr'><strong>Talibus,</strong></span> <span class='ocrx_word' id='word_1_618' title='bbox 919 4542 960 4597; x_wconf 92' lang='lat' dir='ltr'><strong>iu·</strong></span> <span class='ocrx_word' id='word_1_619' title='bbox 1011 4542 1121 4596; x_wconf 90' lang='lat' dir='ltr'><strong>llueuse</strong></span> <span class='ocrx_word' id='word_1_620' title='bbox 1140 4540 1318 4607; x_wconf 90' lang='lat' dir='ltr'><strong>coeuobium,</strong></span> <span class='ocrx_word' id='word_1_621' title='bbox 1337 4539 1411 4611; x_wconf 93' lang='lat' dir='ltr'><strong>quod</strong></span> <span class='ocrx_word' id='word_1_622' title='bbox 1433 4554 1530 4594; x_wconf 89' lang='lat' dir='ltr'><strong>servus</strong></span> <span class='ocrx_word' id='word_1_623' title='bbox 1550 4538 1653 4596; x_wconf 88' lang='lat' dir='ltr'><strong>Cbristi</strong></span> <span class='ocrx_word' id='word_1_624' title='bbox 1672 4538 1824 4607; x_wconf 87' lang='lat' dir='ltr'><strong>Columba,</strong></span> 
     </span>
     <span class='ocr_line' id='line_1_53' title="bbox 146 4632 1824 4714; baseline -0.005 -17"><span class='ocrx_word' id='word_1_625' title='bbox 146 4642 218 4714; x_wconf 90' lang='lat' dir='ltr'><strong>quit,</strong></span> <span class='ocrx_word' id='word_1_626' title='bbox 241 4641 359 4712; x_wconf 88' lang='lat' dir='ltr'><strong>stipatus</strong></span> <span class='ocrx_word' id='word_1_627' title='bbox 380 4637 476 4693; x_wconf 90' lang='lat' dir='ltr'><strong>cuneis</strong></span> <span class='ocrx_word' id='word_1_628' title='bbox 498 4635 607 4705; x_wconf 83' lang='lat' dir='ltr'><strong>scotiae,</strong></span> <span class='ocrx_word' id='word_1_629' title='bbox 626 4638 740 4708; x_wconf 88' lang='lat' dir='ltr'><strong>paratus</strong></span> <span class='ocrx_word' id='word_1_630' title='bbox 760 4651 823 4690; x_wconf 89' lang='lat' dir='ltr'><strong>sum</strong></span> <span class='ocrx_word' id='word_1_631' title='bbox 842 4635 958 4691; x_wconf 90' lang='lat' dir='ltr'><strong>lratrem</strong></span> <span class='ocrx_word' id='word_1_632' title='bbox 1009 4641 1137 4706; x_wconf 90' lang='lat' dir='ltr'><strong>tempore</strong></span> <span class='ocrx_word' id='word_1_633' title='bbox 1164 4635 1281 4702; x_wconf 83' lang='lat' dir='ltr'><strong>Brodei,</strong></span> <span class='ocrx_word' id='word_1_634' title='bbox 1311 4634 1387 4706; x_wconf 86' lang='lat' dir='ltr'><strong>regis</strong></span> <span class='ocrx_word' id='word_1_635' title='bbox 1412 4633 1575 4703; x_wconf 86' lang='lat' dir='ltr'><strong>Pictorum,</strong></span> <span class='ocrx_word' id='word_1_636' title='bbox 1600 4633 1650 4687; x_wconf 88' lang='lat' dir='ltr'><strong>tilii</strong></span> <span class='ocrx_word' id='word_1_637' title='bbox 1672 4632 1824 4701; x_wconf 87' lang='lat' dir='ltr'><strong>lleiloeon,</strong></span> 
     </span>
     <span class='ocr_line' id='line_1_54' title="bbox 146 4727 1826 4805; baseline -0.005 -14"><span class='ocrx_word' id='word_1_638' title='bbox 146 4740 226 4790; x_wconf 77' lang='lat' dir='ltr'><strong>tuoni</strong></span> <span class='ocrx_word' id='word_1_639' title='bbox 238 4734 391 4805; x_wconf 88' lang='lat' dir='ltr'><strong>suscipere,</strong></span> <span class='ocrx_word' id='word_1_640' title='bbox 402 4732 424 4786; x_wconf 91' lang='lat' dir='ltr'><strong>si</strong></span> <span class='ocrx_word' id='word_1_641' title='bbox 436 4731 491 4786; x_wconf 91' lang='lat' dir='ltr'><strong>buc</strong></span> <span class='ocrx_word' id='word_1_642' title='bbox 500 4731 535 4786; x_wconf 88' lang='lat' dir='ltr'><strong>ad</strong></span> <span class='ocrx_word' id='word_1_643' title='bbox 546 4747 592 4786; x_wconf 91' lang='lat' dir='ltr'><strong>me</strong></span> <span class='ocrx_word' id='word_1_644' title='bbox 602 4729 816 4801; x_wconf 76' lang='lat' dir='ltr'><strong>presumpserit</strong></span> <span class='ocrx_word' id='word_1_645' title='bbox 826 4729 960 4784; x_wconf 84' lang='lat' dir='ltr'><strong>transire·</strong></span> <span class='ocrx_word' id='word_1_646' title='bbox 1009 4735 1214 4796; x_wconf 85' lang='lat' dir='ltr'><strong>construxerat,</strong></span> <span class='ocrx_word' id='word_1_647' title='bbox 1234 4729 1282 4785; x_wconf 92' lang='lat' dir='ltr'><strong>sed</strong></span> <span class='ocrx_word' id='word_1_648' title='bbox 1296 4731 1462 4800; x_wconf 88' lang='lat' dir='ltr'><strong>tempestate</strong></span> <span class='ocrx_word' id='word_1_649' title='bbox 1478 4727 1643 4799; x_wconf 78' lang='lat' dir='ltr'><strong>praeliorum</strong></span> <span class='ocrx_word' id='word_1_650' title='bbox 1655 4742 1723 4782; x_wconf 88' lang='lat' dir='ltr'><strong>cum</strong></span> <span class='ocrx_word' id='word_1_651' title='bbox 1740 4728 1826 4799; x_wconf 86' lang='lat' dir='ltr'><strong>longa</strong></span> 
     </span>
     <span class='ocr_line' id='line_1_55' title="bbox 146 4820 1822 4896; baseline -0.006 -10"><span class='ocrx_word' id='word_1_652' title='bbox 146 4835 216 4886; x_wconf 88' lang='lat' dir='ltr'><strong>tare.</strong></span> <span class='ocrx_word' id='word_1_653' title='bbox 231 4829 343 4884; x_wconf 86' lang='lat' dir='ltr'><strong>Utinam</strong></span> <span class='ocrx_word' id='word_1_654' title='bbox 358 4826 425 4882; x_wconf 90' lang='lat' dir='ltr'><strong>velit</strong></span> <span class='ocrx_word' id='word_1_655' title='bbox 438 4843 488 4881; x_wconf 93' lang='lat' dir='ltr'><strong>uos</strong></span> <span class='ocrx_word' id='word_1_656' title='bbox 500 4823 631 4896; x_wconf 87' lang='lat' dir='ltr'><strong>aggredi,</strong></span> <span class='ocrx_word' id='word_1_657' title='bbox 648 4829 676 4879; x_wconf 92' lang='lat' dir='ltr'><strong>et</strong></span> <span class='ocrx_word' id='word_1_658' title='bbox 688 4823 836 4878; x_wconf 91' lang='lat' dir='ltr'><strong>missilium</strong></span> <span class='ocrx_word' id='word_1_659' title='bbox 852 4829 959 4879; x_wconf 89' lang='lat' dir='ltr'><strong>nostro·</strong></span> <span class='ocrx_word' id='word_1_660' title='bbox 1009 4827 1145 4881; x_wconf 87' lang='lat' dir='ltr'><strong>vetustate</strong></span> <span class='ocrx_word' id='word_1_661' title='bbox 1159 4823 1284 4879; x_wconf 92' lang='lat' dir='ltr'><strong>dirutum</strong></span> <span class='ocrx_word' id='word_1_662' title='bbox 1298 4824 1401 4892; x_wconf 83' lang='lat' dir='ltr'><strong>iuerat,</strong></span> <span class='ocrx_word' id='word_1_663' title='bbox 1415 4820 1503 4877; x_wconf 91' lang='lat' dir='ltr'><strong>ildelis</strong></span> <span class='ocrx_word' id='word_1_664' title='bbox 1516 4820 1613 4892; x_wconf 90' lang='lat' dir='ltr'><strong>regina</strong></span> <span class='ocrx_word' id='word_1_665' title='bbox 1628 4821 1822 4889; x_wconf 70' lang='lat' dir='ltr'><strong>reaedificavit,</strong></span> 
     </span>
     <span class='ocr_line' id='line_1_56' title="bbox 145 4914 1825 4993; baseline -0.004 -15"><span class='ocrx_word' id='word_1_666' title='bbox 145 4939 209 4979; x_wconf 88' lang='lat' dir='ltr'><strong>rum</strong></span> <span class='ocrx_word' id='word_1_667' title='bbox 225 4938 346 4979; x_wconf 86' lang='lat' dir='ltr'><strong>acumen</strong></span> <span class='ocrx_word' id='word_1_668' title='bbox 360 4919 501 4993; x_wconf 82' lang='lat' dir='ltr'><strong>experiril</strong></span> <span class='ocrx_word' id='word_1_669' title='bbox 519 4920 622 4974; x_wconf 81' lang='lat' dir='ltr'><strong>Fateor</strong></span> <span class='ocrx_word' id='word_1_670' title='bbox 636 4917 711 4990; x_wconf 90' lang='lat' dir='ltr'><strong>quod</strong></span> <span class='ocrx_word' id='word_1_671' title='bbox 733 4933 782 4972; x_wconf 82' lang='lat' dir='ltr'><strong>rex</strong></span> <span class='ocrx_word' id='word_1_672' title='bbox 800 4917 957 4987; x_wconf 86' lang='lat' dir='ltr'><strong>Eduardus,</strong></span> <span class='ocrx_word' id='word_1_673' title='bbox 1009 4919 1136 4990; x_wconf 87' lang='lat' dir='ltr'><strong>datisque</strong></span> <span class='ocrx_word' id='word_1_674' title='bbox 1154 4917 1313 4989; x_wconf 90' lang='lat' dir='ltr'><strong>sumptibus</strong></span> <span class='ocrx_word' id='word_1_675' title='bbox 1333 4916 1441 4972; x_wconf 90' lang='lat' dir='ltr'><strong>idoneis</strong></span> <span class='ocrx_word' id='word_1_676' title='bbox 1455 4915 1490 4971; x_wconf 90' lang='lat' dir='ltr'><strong>ad</strong></span> <span class='ocrx_word' id='word_1_677' title='bbox 1504 4931 1576 4987; x_wconf 89' lang='lat' dir='ltr'><strong>opus</strong></span> <span class='ocrx_word' id='word_1_678' title='bbox 1590 4914 1705 4972; x_wconf 89' lang='lat' dir='ltr'><strong>Domini</strong></span> <span class='ocrx_word' id='word_1_679' title='bbox 1720 4932 1825 4973; x_wconf 92' lang='lat' dir='ltr'><strong>mona·</strong></span> 
     </span>
    </p>
   </div>
   <div class='ocr_carea' id='block_1_8' title="bbox 133 5011 960 5846">
    <p class='ocr_par' dir='ltr' id='par_1_9' title="bbox 133 5011 960 5846">
     <span class='ocr_line' id='line_1_57' title="bbox 145 5011 960 5087; baseline -0.007 -15"><span class='ocrx_word' id='word_1_680' title='bbox 145 5017 215 5073; x_wconf 91' lang='lat' dir='ltr'><strong>dum</strong></span> <span class='ocrx_word' id='word_1_681' title='bbox 234 5017 304 5071; x_wconf 92' lang='lat' dir='ltr'><strong>mibi</strong></span> <span class='ocrx_word' id='word_1_682' title='bbox 323 5015 506 5087; x_wconf 76' lang='lat' dir='ltr'><strong>Margaritam</strong></span> <span class='ocrx_word' id='word_1_683' title='bbox 528 5017 699 5085; x_wconf 89' lang='lat' dir='ltr'><strong>proneptem</strong></span> <span class='ocrx_word' id='word_1_684' title='bbox 718 5027 799 5066; x_wconf 74' lang='lat' dir='ltr'><strong>saram</strong></span> <span class='ocrx_word' id='word_1_685' title='bbox 818 5011 847 5066; x_wconf 93' lang='lat' dir='ltr'><strong>iu</strong></span> <span class='ocrx_word' id='word_1_686' title='bbox 863 5013 960 5083; x_wconf 90' lang='lat' dir='ltr'><strong>conju-</strong></span> 
     </span>
     <span class='ocr_line' id='line_1_58' title="bbox 145 5104 960 5183; baseline -0.006 -17"><span class='ocrx_word' id='word_1_687' title='bbox 145 5111 224 5183; x_wconf 88' lang='lat' dir='ltr'><strong>gium</strong></span> <span class='ocrx_word' id='word_1_688' title='bbox 241 5109 368 5178; x_wconf 89' lang='lat' dir='ltr'><strong>tradidit,</strong></span> <span class='ocrx_word' id='word_1_689' title='bbox 384 5109 579 5164; x_wconf 85' lang='lat' dir='ltr'><strong>Lodoueusem</strong></span> <span class='ocrx_word' id='word_1_690' title='bbox 597 5107 763 5163; x_wconf 88' lang='lat' dir='ltr'><strong>comitatum</strong></span> <span class='ocrx_word' id='word_1_691' title='bbox 782 5104 855 5160; x_wconf 92' lang='lat' dir='ltr'><strong>mibi</strong></span> <span class='ocrx_word' id='word_1_692' title='bbox 873 5104 960 5161; x_wconf 89' lang='lat' dir='ltr'><strong>dona·</strong></span> 
     </span>
     <span class='ocr_line' id='line_1_59' title="bbox 144 5199 960 5272; baseline -0.006 -13"><span class='ocrx_word' id='word_1_693' title='bbox 144 5204 194 5260; x_wconf 84' lang='lat' dir='ltr'><strong>vit.</strong></span> <span class='ocrx_word' id='word_1_694' title='bbox 219 5205 327 5261; x_wconf 91' lang='lat' dir='ltr'><strong>Deinde</strong></span> <span class='ocrx_word' id='word_1_695' title='bbox 351 5203 517 5261; x_wconf 87' lang='lat' dir='ltr'><strong>Guillelmus</strong></span> <span class='ocrx_word' id='word_1_696' title='bbox 537 5217 587 5257; x_wconf 87' lang='lat' dir='ltr'><strong>rex</strong></span> <span class='ocrx_word' id='word_1_697' title='bbox 612 5199 690 5272; x_wconf 93' lang='lat' dir='ltr'><strong>quod</strong></span> <span class='ocrx_word' id='word_1_698' title='bbox 713 5205 878 5255; x_wconf 88' lang='lat' dir='ltr'><strong>antecessor</strong></span> <span class='ocrx_word' id='word_1_699' title='bbox 898 5201 960 5271; x_wconf 87' lang='lat' dir='ltr'><strong>ejus</strong></span> 
     </span>
     <span class='ocr_line' id='line_1_60' title="bbox 146 5293 958 5366; baseline -0.005 -12"><span class='ocrx_word' id='word_1_700' title='bbox 146 5298 217 5354; x_wconf 90' lang='lat' dir='ltr'><strong>inibi</strong></span> <span class='ocrx_word' id='word_1_701' title='bbox 232 5297 351 5354; x_wconf 88' lang='lat' dir='ltr'><strong>dederat</strong></span> <span class='ocrx_word' id='word_1_702' title='bbox 364 5296 510 5364; x_wconf 88' lang='lat' dir='ltr'><strong>concessit,</strong></span> <span class='ocrx_word' id='word_1_703' title='bbox 524 5299 553 5351; x_wconf 90' lang='lat' dir='ltr'><strong>et</strong></span> <span class='ocrx_word' id='word_1_704' title='bbox 564 5311 611 5350; x_wconf 90' lang='lat' dir='ltr'><strong>me</strong></span> <span class='ocrx_word' id='word_1_705' title='bbox 622 5293 683 5365; x_wconf 91' lang='lat' dir='ltr'><strong>tibi,</strong></span> <span class='ocrx_word' id='word_1_706' title='bbox 693 5294 887 5366; x_wconf 90' lang='lat' dir='ltr'><strong>primogenito</strong></span> <span class='ocrx_word' id='word_1_707' title='bbox 896 5311 958 5364; x_wconf 93' lang='lat' dir='ltr'><strong>suo,</strong></span> 
     </span>
     <span class='ocr_line' id='line_1_61' title="bbox 144 5387 957 5461; baseline -0.004 -14"><span class='ocrx_word' id='word_1_708' title='bbox 144 5390 366 5448; x_wconf 78' lang='lat' dir='ltr'><strong>contruendavit.</strong></span> <span class='ocrx_word' id='word_1_709' title='bbox 385 5390 464 5446; x_wconf 87' lang='lat' dir='ltr'><strong>Unde</strong></span> <span class='ocrx_word' id='word_1_710' title='bbox 479 5388 557 5461; x_wconf 93' lang='lat' dir='ltr'><strong>quod</strong></span> <span class='ocrx_word' id='word_1_711' title='bbox 572 5388 622 5444; x_wconf 91' lang='lat' dir='ltr'><strong>tibi</strong></span> <span class='ocrx_word' id='word_1_712' title='bbox 638 5387 754 5460; x_wconf 87' lang='lat' dir='ltr'><strong>promisi</strong></span> <span class='ocrx_word' id='word_1_713' title='bbox 774 5388 957 5444; x_wconf 89' lang='lat' dir='ltr'><strong>conservabo.</strong></span> 
     </span>
     <span class='ocr_line' id='line_1_62' title="bbox 144 5481 957 5554; baseline -0.005 -12"><span class='ocrx_word' id='word_1_714' title='bbox 144 5485 199 5542; x_wconf 89' lang='lat' dir='ltr'><strong>Sed</strong></span> <span class='ocrx_word' id='word_1_715' title='bbox 220 5485 299 5541; x_wconf 83' lang='lat' dir='ltr'><strong>fratri</strong></span> <span class='ocrx_word' id='word_1_716' title='bbox 319 5488 367 5541; x_wconf 93' lang='lat' dir='ltr'><strong>tuo</strong></span> <span class='ocrx_word' id='word_1_717' title='bbox 385 5483 456 5540; x_wconf 92' lang='lat' dir='ltr'><strong>nibil</strong></span> <span class='ocrx_word' id='word_1_718' title='bbox 474 5483 590 5554; x_wconf 91' lang='lat' dir='ltr'><strong>promisi</strong></span> <span class='ocrx_word' id='word_1_719' title='bbox 610 5488 640 5538; x_wconf 88' lang='lat' dir='ltr'><strong>et</strong></span> <span class='ocrx_word' id='word_1_720' title='bbox 656 5481 728 5538; x_wconf 90' lang='lat' dir='ltr'><strong>nihil</strong></span> <span class='ocrx_word' id='word_1_721' title='bbox 749 5481 850 5538; x_wconf 88' lang='lat' dir='ltr'><strong>debeo.</strong></span> <span class='ocrx_word' id='word_1_722' title='bbox 864 5484 957 5546; x_wconf 84' lang='lat' dir='ltr'><strong>Nemo,</strong></span> 
     </span>
     <span class='ocr_line' id='line_1_63' title="bbox 144 5576 958 5648; baseline -0.009 -12"><span class='ocrx_word' id='word_1_723' title='bbox 144 5583 177 5636; x_wconf 90' lang='lat' dir='ltr'><strong>ut</strong></span> <span class='ocrx_word' id='word_1_724' title='bbox 202 5579 328 5636; x_wconf 80' lang='lat' dir='ltr'><strong>Clu-istus</strong></span> <span class='ocrx_word' id='word_1_725' title='bbox 351 5578 409 5646; x_wconf 91' lang='lat' dir='ltr'><strong>ait,</strong></span> <span class='ocrx_word' id='word_1_726' title='bbox 434 5582 520 5648; x_wconf 82' lang='lat' dir='ltr'><strong>potest</strong></span> <span class='ocrx_word' id='word_1_727' title='bbox 543 5576 647 5632; x_wconf 83' lang='lat' dir='ltr'><strong>duobus</strong></span> <span class='ocrx_word' id='word_1_728' title='bbox 671 5576 788 5632; x_wconf 75' lang='lat' dir='ltr'><strong>dominis</strong></span> <span class='ocrx_word' id='word_1_729' title='bbox 809 5578 918 5632; x_wconf 80' lang='lat' dir='ltr'><strong>seruire.</strong></span> <span class='ocrx_word' id='word_1_730' title='bbox 944 5598 958 5627; x_wconf 87' lang='grc' dir='ltr'><strong>ιι</strong></span> 
     </span>
     <span class='ocr_line' id='line_1_64' title="bbox 143 5669 959 5744; baseline -0.006 -13"><span class='ocrx_word' id='word_1_731' title='bbox 143 5672 263 5743; x_wconf 62' lang='lat' dir='ltr'><strong>(narret,</strong></span> <span class='ocrx_word' id='word_1_732' title='bbox 283 5687 321 5741; x_wconf 86' lang='lat' dir='ltr'><strong>vr,</strong></span> <span class='ocrx_word' id='word_1_733' title='bbox 340 5673 396 5744; x_wconf 72' lang='lat' dir='ltr'><strong>ti.)</strong></span> <span class='ocrx_word' id='word_1_734' title='bbox 417 5671 575 5727; x_wconf 83' lang='lat' dir='ltr'><strong>Radbertus</strong></span> <span class='ocrx_word' id='word_1_735' title='bbox 598 5669 746 5743; x_wconf 87' lang='lat' dir='ltr'><strong>respoudit</strong></span> <span class='ocrx_word' id='word_1_736' title='bbox 768 5686 807 5725; x_wconf 72' lang='grc' dir='ltr'><strong>ιιι</strong></span> <span class='ocrx_word' id='word_1_737' title='bbox 831 5670 866 5726; x_wconf 89' lang='lat' dir='ltr'><strong>Dt</strong></span> <span class='ocrx_word' id='word_1_738' title='bbox 887 5686 959 5726; x_wconf 89' lang='lat' dir='ltr'><strong>asse·</strong></span> 
     </span>
     <span class='ocr_line' id='line_1_65' title="bbox 133 5764 960 5846; baseline -0.01 -17"><span class='ocrx_word' id='word_1_739' title='bbox 133 5769 187 5846; x_wconf 71' lang='lat' dir='ltr'><strong>ris,</strong></span> <span class='ocrx_word' id='word_1_740' title='bbox 208 5766 249 5825; x_wconf 84' lang='lat' dir='ltr'><strong>itr</strong></span> <span class='ocrx_word' id='word_1_741' title='bbox 267 5768 320 5824; x_wconf 84' lang='lat' dir='ltr'><strong>est.</strong></span> <span class='ocrx_word' id='word_1_742' title='bbox 347 5765 404 5825; x_wconf 85' lang='lat' dir='ltr'><strong>Sed</strong></span> <span class='ocrx_word' id='word_1_743' title='bbox 424 5764 595 5824; x_wconf 88' lang='lat' dir='ltr'><strong>mutationes</strong></span> <span class='ocrx_word' id='word_1_744' title='bbox 619 5780 716 5820; x_wconf 87' lang='lat' dir='ltr'><strong>rerum</strong></span> <span class='ocrx_word' id='word_1_745' title='bbox 736 5764 817 5821; x_wconf 76' lang='lat' dir='ltr'><strong>lactas</strong></span> <span class='ocrx_word' id='word_1_746' title='bbox 839 5767 915 5837; x_wconf 84' lang='lat' dir='ltr'><strong>suut,</strong></span> <span class='ocrx_word' id='word_1_747' title='bbox 930 5768 960 5821; x_wconf 89' lang='lat' dir='ltr'><strong>et</strong></span> 
     </span>
    </p>
   </div>
   <div class='ocr_carea' id='block_1_9' title="bbox 1008 5011 1828 5838">
    <p class='ocr_par' dir='ltr' id='par_1_10' title="bbox 1009 5011 1246 5083">
     <span class='ocr_line' id='line_1_66' title="bbox 1009 5011 1246 5083; baseline -0.008 -15"><span class='ocrx_word' id='word_1_748' title='bbox 1009 5012 1079 5081; x_wconf 89' lang='lat' dir='ltr'><strong>chis,</strong></span> <span class='ocrx_word' id='word_1_749' title='bbox 1096 5011 1246 5083; x_wconf 89' lang='lat' dir='ltr'><strong>reparavit.</strong></span> 
     </span>
    </p>

    <p class='ocr_par' dir='ltr' id='par_1_11' title="bbox 1008 5100 1828 5838">
     <span class='ocr_line' id='line_1_67' title="bbox 1046 5100 1827 5173; baseline -0.003 -12"><span class='ocrx_word' id='word_1_750' title='bbox 1046 5108 1118 5161; x_wconf 90' lang='lat' dir='ltr'><strong>Duas</strong></span> <span class='ocrx_word' id='word_1_751' title='bbox 1135 5105 1215 5173; x_wconf 86' lang='lat' dir='ltr'><strong>tilias,</strong></span> <span class='ocrx_word' id='word_1_752' title='bbox 1238 5106 1320 5161; x_wconf 89' lang='lat' dir='ltr'><strong>Editb</strong></span> <span class='ocrx_word' id='word_1_753' title='bbox 1342 5111 1370 5162; x_wconf 89' lang='lat' dir='ltr'><strong>et</strong></span> <span class='ocrx_word' id='word_1_754' title='bbox 1388 5103 1515 5171; x_wconf 86' lang='lat' dir='ltr'><strong>llariam,</strong></span> <span class='ocrx_word' id='word_1_755' title='bbox 1534 5100 1714 5171; x_wconf 76' lang='lat' dir='ltr'><strong>Christianae,</strong></span> <span class='ocrx_word' id='word_1_756' title='bbox 1735 5100 1827 5160; x_wconf 86' lang='lat' dir='ltr'><strong>semri</strong></span> 
     </span>
     <span class='ocr_line' id='line_1_68' title="bbox 1009 5196 1825 5272; baseline -0.002 -17"><span class='ocrx_word' id='word_1_757' title='bbox 1009 5217 1077 5270; x_wconf 80' lang='lat' dir='ltr'><strong>suae,</strong></span> <span class='ocrx_word' id='word_1_758' title='bbox 1090 5216 1152 5272; x_wconf 79' lang='lat' dir='ltr'><strong>quae</strong></span> <span class='ocrx_word' id='word_1_759' title='bbox 1170 5199 1363 5254; x_wconf 86' lang='lat' dir='ltr'><strong>Rumesieusis</strong></span> <span class='ocrx_word' id='word_1_760' title='bbox 1378 5198 1501 5254; x_wconf 71' lang='lat' dir='ltr'><strong>abbatie</strong></span> <span class='ocrx_word' id='word_1_761' title='bbox 1518 5196 1743 5252; x_wconf 88' lang='lat' dir='ltr'><strong>sanctimonialis</strong></span> <span class='ocrx_word' id='word_1_762' title='bbox 1753 5203 1825 5265; x_wconf 86' lang='lat' dir='ltr'><strong>erat,</strong></span> 
     </span>
     <span class='ocr_line' id='line_1_69' title="bbox 1009 5291 1826 5365; baseline -0.004 -15"><span class='ocrx_word' id='word_1_763' title='bbox 1009 5293 1188 5362; x_wconf 87' lang='lat' dir='ltr'><strong>educandas,</strong></span> <span class='ocrx_word' id='word_1_764' title='bbox 1213 5294 1357 5365; x_wconf 86' lang='lat' dir='ltr'><strong>sacrisque</strong></span> <span class='ocrx_word' id='word_1_765' title='bbox 1379 5292 1479 5348; x_wconf 86' lang='lat' dir='ltr'><strong>litteris</strong></span> <span class='ocrx_word' id='word_1_766' title='bbox 1505 5291 1674 5346; x_wconf 88' lang='lat' dir='ltr'><strong>imbuendas</strong></span> <span class='ocrx_word' id='word_1_767' title='bbox 1695 5291 1826 5348; x_wconf 87' lang='lat' dir='ltr'><strong>miserat.</strong></span> 
     </span>
     <span class='ocr_line' id='line_1_70' title="bbox 1010 5384 1827 5453; baseline -0.007 -8"><span class='ocrx_word' id='word_1_768' title='bbox 1010 5387 1067 5446; x_wconf 90' lang='lat' dir='ltr'><strong>lllic</strong></span> <span class='ocrx_word' id='word_1_769' title='bbox 1082 5388 1187 5445; x_wconf 89' lang='lat' dir='ltr'><strong>diutius</strong></span> <span class='ocrx_word' id='word_1_770' title='bbox 1210 5388 1284 5444; x_wconf 88' lang='lat' dir='ltr'><strong>inter</strong></span> <span class='ocrx_word' id='word_1_771' title='bbox 1303 5387 1457 5442; x_wconf 88' lang='lat' dir='ltr'><strong>monachas</strong></span> <span class='ocrx_word' id='word_1_772' title='bbox 1477 5384 1610 5442; x_wconf 82' lang='lat' dir='ltr'><strong>enutritae</strong></span> <span class='ocrx_word' id='word_1_773' title='bbox 1629 5387 1708 5453; x_wconf 87' lang='lat' dir='ltr'><strong>suut,</strong></span> <span class='ocrx_word' id='word_1_774' title='bbox 1723 5388 1753 5439; x_wconf 88' lang='lat' dir='ltr'><strong>et</strong></span> <span class='ocrx_word' id='word_1_775' title='bbox 1769 5388 1827 5440; x_wconf 66' lang='lat' dir='ltr'><strong>Dm</strong></span> 
     </span>
     <span class='ocr_line' id='line_1_71' title="bbox 1009 5476 1828 5553; baseline -0.002 -17"><span class='ocrx_word' id='word_1_776' title='bbox 1009 5481 1207 5538; x_wconf 87' lang='lat' dir='ltr'><strong>litteratoriam</strong></span> <span class='ocrx_word' id='word_1_777' title='bbox 1232 5485 1323 5536; x_wconf 91' lang='lat' dir='ltr'><strong>artem</strong></span> <span class='ocrx_word' id='word_1_778' title='bbox 1344 5496 1431 5553; x_wconf 83' lang='lat' dir='ltr'><strong>quam</strong></span> <span class='ocrx_word' id='word_1_779' title='bbox 1451 5479 1593 5536; x_wconf 89' lang='lat' dir='ltr'><strong>bonorum</strong></span> <span class='ocrx_word' id='word_1_780' title='bbox 1615 5476 1828 5535; x_wconf 83' lang='lat' dir='ltr'><strong>observantiam</strong></span> 
     </span>
     <span class='ocr_line' id='line_1_72' title="bbox 1009 5570 1826 5646; baseline -0.006 -14"><span class='ocrx_word' id='word_1_781' title='bbox 1009 5592 1121 5632; x_wconf 89' lang='lat' dir='ltr'><strong>morum</strong></span> <span class='ocrx_word' id='word_1_782' title='bbox 1136 5574 1323 5643; x_wconf 88' lang='lat' dir='ltr'><strong>edidicerunt,</strong></span> <span class='ocrx_word' id='word_1_783' title='bbox 1335 5573 1518 5646; x_wconf 87' lang='lat' dir='ltr'><strong>nubilemque</strong></span> <span class='ocrx_word' id='word_1_784' title='bbox 1529 5575 1647 5629; x_wconf 77' lang='lat' dir='ltr'><strong>etatem</strong></span> <span class='ocrx_word' id='word_1_785' title='bbox 1659 5570 1826 5646; x_wconf 84' lang='lat' dir='ltr'><strong>pertingen-</strong></span> 
     </span>
     <span class='ocr_line' id='line_1_73' title="bbox 1008 5666 1825 5740; baseline -0.001 -16"><span class='ocrx_word' id='word_1_786' title='bbox 1008 5672 1062 5738; x_wconf 87' lang='lat' dir='ltr'><strong>tes,</strong></span> <span class='ocrx_word' id='word_1_787' title='bbox 1076 5668 1207 5725; x_wconf 81' lang='lat' dir='ltr'><strong>solatium</strong></span> <span class='ocrx_word' id='word_1_788' title='bbox 1227 5669 1277 5725; x_wconf 91' lang='lat' dir='ltr'><strong>Dei</strong></span> <span class='ocrx_word' id='word_1_789' title='bbox 1294 5668 1401 5725; x_wconf 77' lang='lat' dir='ltr'><strong>devote</strong></span> <span class='ocrx_word' id='word_1_790' title='bbox 1421 5666 1547 5740; x_wconf 86' lang='lat' dir='ltr'><strong>virgines</strong></span> <span class='ocrx_word' id='word_1_791' title='bbox 1559 5666 1733 5739; x_wconf 76' lang='lat' dir='ltr'><strong>praestolatae</strong></span> <span class='ocrx_word' id='word_1_792' title='bbox 1747 5668 1825 5723; x_wconf 81' lang='lat' dir='ltr'><strong>suut.</strong></span> 
     </span>
     <span class='ocr_line' id='line_1_74' title="bbox 1008 5758 1828 5838; baseline -0.002 -17"><span class='ocrx_word' id='word_1_793' title='bbox 1008 5763 1076 5821; x_wconf 83' lang='lat' dir='ltr'><strong>llam</strong></span> <span class='ocrx_word' id='word_1_794' title='bbox 1098 5765 1230 5838; x_wconf 80' lang='lat' dir='ltr'><strong>utroque,</strong></span> <span class='ocrx_word' id='word_1_795' title='bbox 1252 5768 1285 5819; x_wconf 90' lang='lat' dir='ltr'><strong>nt</strong></span> <span class='ocrx_word' id='word_1_796' title='bbox 1308 5760 1492 5831; x_wconf 83' lang='lat' dir='ltr'><strong>dictumest,</strong></span> <span class='ocrx_word' id='word_1_797' title='bbox 1516 5765 1634 5836; x_wconf 80' lang='lat' dir='ltr'><strong>parante</strong></span> <span class='ocrx_word' id='word_1_798' title='bbox 1659 5758 1784 5835; x_wconf 70' lang='lat' dir='ltr'><strong>orbate,</strong></span> <span class='ocrx_word' id='word_1_799' title='bbox 1798 5764 1828 5825; x_wconf 86' lang='lat' dir='ltr'><strong>et</strong></span> 
     </span>
    </p>
   </div>
   <div class='ocr_carea' id='block_1_10' title="bbox 0 0 1884 6046">
    <p class='ocr_par' dir='ltr' id='par_1_12' title="bbox 0 0 1884 6046">
     <span class='ocr_line' id='line_1_75' title="bbox 0 0 1884 6046; baseline 0 0"><span class='ocrx_word' id='word_1_800' title='bbox 0 0 1884 6046; x_wconf 95' lang='lat' dir='ltr'><strong> </strong></span> 
     </span>
    </p>
   </div>
  </div>
 </body>
</html>
