3750 6046
150 196 200 255 tes

832 203 995 263 suosmet
1015 203 1145 262 VITALlS

1781 210 1833 265 tto

183 321 303 386 Quidam
319 324 353 379 de
372 328 482 397 septem
497 326 826 386 11111111111111111111111
840 331 962 386 iuterro-
975 340 1004 414 Α
1015 328 1072 397 Dei,
1094 329 1221 401 gaudens
1241 330 1270 384 in
1292 346 1360 386 vera
1380 330 1437 386 lide
1462 336 1490 385 et
1512 330 1643 386 salvificis
1665 329 1833 399 virtutibus,

151 417 256 488 gabant
271 434 339 472 eum
355 421 431 490 quod
448 428 522 477 esset
533 423 637 477 ostium
650 424 724 478 lesu.
739 426 774 478 ht
793 425 841 480 ille
856 425 965 480 dicebat

147 511 202 564 hoc
223 527 284 566 esse
305 512 491 571 Salvatorem.
514 516 645 588 septenis
666 517 772 589 quippe
792 518 964 573 sectionibus

146 621 162 657 a
180 605 318 660 1111111111
339 606 499 679 discrepant
520 613 580 664 111
602 610 677 665 linea
698 612 825 666 veritatis
840 611 961 667 deviant.

146 697 215 750 Nam
235 698 369 752 Pharisaei
388 704 417 754 et
433 701 589 771 Sadducaei,
607 703 714 757 Essenii
728 709 756 758 et
769 704 956 771 [1111111111-

145 790 534 861 merobaptistm,Basbuthasi
552 799 578 849 et
600 796 758 863 Samaritae,
776 797 893 867 privatis
915 815 964 868 ap·

145 883 246 954 pellari
261 884 404 940 vocabulis
416 887 583 957 gloriantur,
596 892 624 942 et
636 890 746 944 diversa
761 891 899 961 dogmata
910 908 962 962 pro

145 977 306 1032 intentione
325 995 375 1033 sua
389 980 574 1051 pertinaciter
594 989 723 1038 asserunt
743 987 771 1037 et
790 989 960 1055 sequuntur.

149 1071 189 1124 Ex
203 1071 304 1141 quibus
322 1072 464 1144 aliquanti
477 1091 528 1145 per
542 1076 681 1130 iacobum
700 1076 885 1132 crediderunt
898 1078 963 1148 quia

143 1165 223 1217 lesus
246 1167 289 1218 est
310 1167 451 1222 Christus.
474 1170 602 1240 Cumque
624 1169 706 1223 multi
729 1186 762 1223 ex
785 1171 963 1241 principibus

146 1256 336 1312 credidissent
354 1260 382 1313 in
402 1260 508 1328 lesum,
526 1264 587 1315 orta
607 1265 651 1316 est
668 1263 769 1333 ingens
789 1264 962 1334 perturbatio

147 1350 324 1421 iudaeorum,
334 1353 495 1408 Scribarum
510 1359 539 1408 et
552 1356 770 1423 Pharisaeorum,
783 1357 939 1412 dicentium
955 1377 960 1410 :

149 1464 162 1491 a
183 1443 256 1497 Nihil
272 1449 401 1516 superest
416 1448 484 1517 quin
501 1449 595 1503 omnis
610 1450 731 1521 populus
750 1451 848 1505 credat
870 1451 900 1505 in
916 1452 961 1505 lc-

147 1553 221 1604 sum,
247 1539 322 1609 qnod
345 1541 406 1610 ipse
428 1542 464 1596 sit
486 1542 624 1597 Christus.
643 1565 656 1591 »
681 1544 791 1598 Deinde
815 1546 962 1599 communi

1013 424 1116 479 fortem
1130 424 1298 479 bellatorem
1319 425 1348 479 in
1362 425 1501 479 auxilium
1515 425 1643 480 diuturni
1660 425 1833 482 certaminis

1012 516 1210 589 advocatpura
1223 518 1385 585 devotione,
1402 519 1545 590 clarisque
1562 519 1703 574 vocibus:

1089 628 1353 691 incolomitatem
1366 629 1454 692 frater
1468 631 1583 688 Domini,

1095 690 1135 738 Sit
1147 691 1195 739 tibi
1210 691 1258 754 pia
1270 704 1351 754 super
1363 705 1412 742 nos
1424 694 1579 755 compassio,

1092 753 1160 812 Quos
1174 765 1233 801 reos
1244 753 1311 812 sarit
1325 754 1441 816 superba
1450 756 1584 816 iactantia

1091 818 1177 877 Atque
1191 813 1300 876 [oedauit
1312 815 1405 865 mundi
1416 815 1575 879 petulantia.

1091 878 1190 926 Nostra
1200 876 1338 926 clementer
1349 878 1451 927 exaudi
1463 878 1630 940 precamina,

1091 939 1238 1000 impetrans
1250 937 1326 988 nobis
1340 953 1408 988 uerae
1422 938 1487 990 lucis
1500 940 1601 1004 quadiu

1092 1000 1142 1049 Pro
1155 999 1269 1049 inimicis
1284 1002 1331 1063 qui
1343 1003 1430 1050 orasti
1443 1003 1593 1061 Dominum,

1094 1061 1150 1111 Tibi
1164 1061 1262 1111 deuotis
1276 1062 1394 1124 impende
1410 1062 1580 1128 suffragium,

1094 1124 1124 1172 tu
1136 1124 1325 1236 sempp'ternum
1339 1126 1532 1176 nanciscantur
1542 1127 1692 1190 premium.

1223 1198 1291 1235 men.

1298 1305 1366 1358 11111.
1386 1305 1539 1375 Philippus.

1047 1442 1193 1514 Philippus
1210 1457 1238 1497 os
1258 1443 1393 1512 lampadis
1406 1442 1623 1515 interpretatur,
1638 1461 1696 1517 quo
1712 1445 1833 1500 nomine

1012 1535 1225 1591 demonstratur
1238 1537 1314 1608 quod
1328 1536 1387 1608 ipse
1406 1541 1482 1592 totus
1500 1542 1602 1609 patens
1615 1542 1678 1594 erat
1689 1538 1830 1593 infusioni

144 1632 274 1686 consultu
297 1633 332 1685 ad
358 1633 492 1688 iacobum
517 1642 707 1701 erecesscrunt,
733 1654 859 1709 eumque
885 1655 961 1692 reve·
1013 1630 1134 1701 gemin&
1148 1630 1305 1699 charitatis,
1318 1635 1347 1684 tit
1357 1631 1462 1685 divinis
1476 1631 1660 1704 obsequendo
1670 1632 1831 1700 mandatist

144 1728 239 1778 rariter
253 1736 426 1795 rogaverunt
445 1733 477 1782 ut
496 1728 525 1782 iu
545 1729 589 1784 die
608 1730 680 1784 festu)
699 1731 812 1785 paschae
826 1732 854 1786 jn
868 1732 958 1786 excel.
970 1702 998 1774 Β
1011 1723 1136 1778 imbutus
1154 1729 1182 1778 et
1203 1724 1356 1778 instructus
1378 1724 1594 1780 charismatibus
1618 1726 1716 1794 sacris,
1740 1727 1833 1781 instar

144 1832 206 1870 sum
217 1816 312 1888 pinuae
329 1820 427 1891 templi
443 1822 534 1875 locum
550 1823 726 1894 ascenderet,
739 1840 895 1896 verumque
907 1828 960 1879 tes-

143 1909 297 1965 timonium
318 1912 352 1966 de
370 1914 434 1968 lesu
454 1912 629 1971 multitudini
643 1917 809 1972 ludaeorum
823 1921 851 1973 et
866 1920 958 1990 genti-

145 2002 225 2072 lium,
242 2005 291 2075 qui
305 2006 338 2060 de
358 2006 456 2061 vicinis
470 2025 520 2063 seu
538 2009 704 2080 longinquis
723 2011 883 2067 civitatibus
896 2029 960 2066 con·

145 2096 283 2165 venirent,
300 2105 485 2155 asseveraret.
498 2102 533 2155 At
547 2102 603 2167 ille,
616 2103 763 2158 occasione
777 2107 891 2176 accepta
905 2122 960 2159 ma·

144 2189 298 2246 nifestandi
326 2194 489 2263 veritatem,
516 2195 625 2250 laetatus
655 2202 706 2264 est,
734 2197 959 2269 obsequiumque

144 2299 226 2338 suurn
242 2286 433 2355 precantibus,
449 2288 513 2342 licet
536 2306 592 2343 non
613 2290 647 2344 ad
663 2289 776 2344 libitum
796 2291 958 2363 malignan-

1009 1815 1112 1870 lucidae
1127 1816 1265 1886 lampadis
1281 1817 1417 1871 barbaras
1432 1823 1531 1889 gentes
1544 1819 1697 1874 illustrarit
1711 1818 1831 1874 rutilan-

1010 1908 1085 1964 tibus
1106 1909 1244 1980 exemplis
1265 1915 1293 1964 et
1317 1910 1446 1965 doctrina
1467 1911 1602 1967 veritatis.
1629 1912 1680 1967 llic
1706 1930 1724 1967 a
1751 1913 1831 1967 Beth·

1010 2003 1087 2057 saida
1108 2002 1219 2058 civitate
1242 2004 1363 2059 Galilaeae
1388 2006 1467 2058 ortus
1488 2008 1541 2072 est,
1570 2010 1599 2060 et
1621 2007 1697 2060 inter
1723 2005 1830 2077 primos

1010 2096 1129 2168 vestigia
1148 2096 1250 2152 Christi
1272 2101 1384 2152 secutus
1406 2103 1457 2152 est.
1474 2099 1539 2152 Post
1558 2098 1757 2154 ascensionem
1780 2101 1830 2154 Do·

1010 2190 1082 2243 mini
1095 2190 1192 2257 Gallis,
1206 2191 1249 2244 vel
1265 2191 1378 2258 Galatis,
1394 2194 1480 2262 atque
1494 2191 1607 2263 Scythis
1622 2208 1674 2263 per
1687 2210 1721 2247 xx
1737 2209 1827 2247 annes

1009 2283 1195 2354 Evangelium
1208 2285 1380 2356 pra-dicavit,
1396 2290 1423 2339 11
1437 2284 1563 2340 diversas
1576 2289 1677 2357 gentes
1692 2286 1730 2341 ad
1743 2287 1826 2356 agni-

143 2375 225 2444 tium,
244 2378 384 2447 pollicitus
404 2385 456 2435 ast.
473 2381 529 2436 Hor
546 2382 624 2437 enim
644 2383 686 2437 vir
695 2383 789 2454 justus
807 2384 901 2439 divino
914 2386 961 2458 agi
1010 2376 1118 2432 tionem
1132 2378 1189 2432 reri
1205 2379 1322 2433 luminis
1337 2379 1482 2448 pertraxit.
1496 2379 1645 2442 Quondam
1659 2379 1689 2433 in
1700 2379 1829 2451 Scythia,

143 2474 215 2525 nutu
230 2470 376 2540 intellexit,
390 2473 509 2546 ideoque
528 2474 742 2531 obsecrantibus
757 2477 906 2548 acquievit.
927 2481 957 2534 ln
1010 2471 1079 2525 dum
1100 2488 1116 2523 a
1135 2471 1289 2542 gentitibus
1308 2475 1465 2537 111111θὶ111,
1482 2488 1514 2527 ³0
1534 2473 1570 2527 ad
1590 2477 1714 2527 statuam
1735 2473 1828 2527 Martis

143 2562 256 2618 sublimi
281 2566 389 2636 positus
410 2567 445 2621 ad
469 2583 584 2623 omnem
604 2571 744 2640 poputum
768 2586 834 2625 voce
853 2588 959 2642 magua
1010 2563 1111 2618 duetus
1140 2565 1174 2619 ad
1209 2565 1426 2619 sacrificandum
1455 2565 1693 2635 compelleretur,
1726 2567 1828 2637 ingens

143 2657 288 2725 clamavit,
307 2662 391 2731 atque
410 2661 506 2715 tusum
526 2662 576 2717 ssei
596 2662 699 2717 Filium
718 2664 815 2718 omnia
833 2665 957 2736 comple.
1010 2655 1095 2712 draco
1109 2658 1255 2712 desubtus
1269 2659 1360 2713 basim
1374 2661 1475 2713 statuae
1490 2659 1566 2726 exiit,
1582 2660 1716 2714 etlilium
1730 2662 1827 2731 ponti-

142 2750 213 2805 vissc
227 2768 291 2822 qum
305 2753 339 2806 de
353 2752 563 2825 illoprophetm
579 2754 780 2826 predixerant,
796 2762 960 2813 constanter
1009 2749 1079 2819 fitis,
1106 2751 1155 2822 (1111
1178 2751 1361 2806 ministrabat
1385 2750 1481 2822 ignem
1504 2752 1649 2817 sacrificii,
1678 2754 1827 2825 percussit,

144 2847 173 2896 11
189 2845 339 2899 manifeste
355 2847 484 2900 asseruit.
1009 2845 1080 2899 duos
1093 2845 1177 2898 etiam
1188 2844 1329 2913 tribunos,
1339 2845 1388 2915 qui
1399 2844 1495 2899 eidem
1508 2845 1660 2915 provinciae
1672 2853 1826 2916 praeerant,

179 2937 305 3009 Denique
324 2939 399 2994 fideli
421 2943 619 3011 prosecutione
641 2943 733 2998 iacobi
755 2943 844 3013 1111111,
868 2946 959 3000 turbae
1009 2955 1132 3010 quorum
1151 2936 1285 2993 officiales
1299 2943 1427 2992 sanctum
1442 2938 1606 3010 Philippum
1620 2941 1782 3010 apostolum
1800 2942 1827 2995 in

144 3030 249 3100 gavisae
269 3038 343 3100 sunt,
365 3034 577 3107 bominumque
597 3037 788 3108 glorificantes
802 3039 956 3094 dixerunt:
1008 3032 1126 3086 vinculis
1148 3031 1294 3087 tenebant.
1316 3031 1355 3086 De
1376 3032 1445 3086 llatn
1463 3038 1559 3086 autem
1581 3031 1714 3087 draconis
1730 3051 1827 3090 omnes

144 3143 158 3172 u
179 3125 309 3180 lausanna
331 3126 387 3181 filiu
409 3128 511 3183 David!
535 3152 547 3178 n
570 3130 701 3185 Pharisaei
726 3136 832 3200 autem,
852 3133 959 3204 aliique
1011 3125 1134 3181 morbidi
1147 3124 1248 3180 redditi
1261 3131 1326 3179 sunt
1342 3124 1570 3179 etvehementer
1583 3129 1724 3197 egrotare
1738 3143 1829 3199 corpe·

142 3217 268 3273 veritatis
279 3219 396 3290 inimici,
412 3222 492 3276 valde
507 3225 665 3279 contristati
679 3229 755 3293 sunt,
770 3232 807 3292 et,
824 3225 894 3280 inito
912 3226 958 3279 in·
1010 3223 1086 3273 runt·
1102 3220 1179 3272 Tittlt
1199 3218 1346 3288 Philippus
1368 3234 1466 3272 omnes
1480 3218 1631 3274 admonuit
1644 3223 1678 3274 tlt
1691 3220 1719 3274 in
1736 3221 1828 3276 Domi·

143 3313 186 3365 ter
198 3327 227 3366 se
245 3313 516 3383 pussim0001101110‚
533 3317 731 3372 clamaverunt
747 3335 753 3371 :
771 3341 784 3368 u
801 3318 839 3373 0!
856 3324 884 3373 er
895 3319 956 3390 jus.
1010 3328 1078 3366 num
1093 3312 1242 3366 crederent
1255 3312 1409 3366 etldartem
1423 3311 1825 3385 dejicientesconfringerent,

143 3406 189 3457 tus
210 3407 330 3461 erravit!
353 3427 366 3458 1
391 3409 467 3463 Tunc
488 3409 715 3480 adimpleverunt
737 3412 814 3482 quod
837 3412 865 3467 in
885 3412 958 3466 libro
1009 3405 1038 3460 in
1053 3405 1114 3460 loco
1129 3411 1235 3471 autem,
1246 3405 1275 3458 in
1291 3420 1347 3475 quo
1362 3404 1433 3458 fixus
1447 3408 1523 3459 stare
1537 3406 1697 3474 ridebatur,
1713 3424 1826 3462 crucem

143 3497 297 3569 Sapientiae
320 3500 456 3572 scriptum
478 3508 521 3558 est
543 3521 549 3557 :
576 3506 741 3571 disseramus
757 3506 873 3574 justum,
892 3510 958 3575 quia
1008 3499 1118 3554 Domini
1132 3498 1285 3569 affigerent
1299 3502 1328 3552 ct
1340 3499 1431 3569 ipsam
1446 3499 1609 3553 adorarent.
1624 3499 1733 3555 Deinde
1747 3500 1825 3571 adje-

141 3592 250 3645 iuutilis
272 3598 309 3647 est
329 3594 404 3649 scobis
428 3597 515 3666 (Sap,
538 3611 566 3663 n,
592 3597 646 3666 11).
672 3597 743 3651 Nam
767 3598 901 3653 Pharisaei
921 3599 957 3653 ad
1008 3593 1046 3648 cit
1057 3592 1143 3664 qnod,
1154 3592 1177 3646 si
1190 3592 1252 3646 haec
1264 3596 1427 3663 agerentur,
1438 3592 1546 3647 infirmi
1559 3597 1742 3664 sanarentur,
1752 3611 1827 3649 mor-

142 3699 208 3737 eum
225 3686 408 3742 ascendentes
429 3687 563 3744 dixerunt
579 3707 585 3744 :
604 3711 617 3740 a
632 3693 687 3746 Nos
707 3696 734 3746 te
750 3693 911 3762 rogavimus
926 3698 958 3747 ut
1007 3687 1049 3742 tui
1064 3686 1311 3754 resuscitarentur,
1323 3688 1351 3739 et
1364 3685 1478 3740 lethifer
1488 3687 1573 3741 draeo
1584 3686 1613 3740 in
1629 3687 1745 3742 nomine
1759 3690 1825 3742 iesu

142 3793 270 3833 errorem
293 3795 309 3834 a
330 3781 435 3852 populo
457 3783 492 3838 de
513 3784 578 3838 lesu
599 3784 722 3853 tolleres,
740 3789 769 3840 ot
789 3788 820 3840 tu
839 3786 957 3858 amplifi·
1007 3779 1093 3836 Cbisti
1116 3779 1276 3850 fugaretur.
1295 3780 1374 3833 Tunc
1396 3779 1448 3843 1111,
1472 3780 1521 3849 qui
1547 3779 1759 3850 cruciabantur,
1780 3783 1828 3837 do·

141 3871 220 3925 casti.
236 3894 249 3920 1
266 3873 371 3937 Quibus
386 3876 425 3930 ait
440 3877 580 3932 tarutius:
599 3899 612 3926 u
632 3879 691 3949 Ego
706 3894 831 3934 errorem
846 3880 908 3947 tuli,
928 3885 957 3935 et
1007 3874 1067 3928 lore
1091 3872 1180 3927 coacti
1203 3872 1327 3926 clamare
1350 3878 1499 3943 coeperunt
1521 3890 1528 3926 ε
1553 3895 1566 3922 α
1582 3874 1778 3944 Recuperetur
1800 3876 1828 3929 in

141 3963 291 4020 veritatem
306 3968 426 4022 ostendi.
442 3991 456 4018 n
477 3969 516 4024 illi
531 3973 639 4038 autem,
654 3971 744 4026 turbis
759 3971 788 4025 in
810 3972 872 4042 ejus
888 3989 957 4042 prm·
1008 3966 1088 4022 nohis
1109 3967 1207 4031 virtus,
1227 3968 1256 4020 et
1275 3966 1351 4020 hunc
1372 3967 1491 4021 Martem
1511 3966 1722 4045 dejiciemus.»
1744 3969 1827 4023 Facto

141 4057 280 4115 ditatione
303 4061 516 4131 gratulantibus
540 4066 568 4116 et
593 4063 623 4118 in
644 4065 738 4119 lesum
763 4063 954 4134 credentibus,
1007 4061 1103 4131 itaque
1122 4059 1246 4127 silentio,
1262 4059 1405 4130 apostolus
1425 4059 1561 4131 praecepit
1576 4059 1694 4115 draconi
1716 4067 1748 4117 nt
1766 4080 1827 4134 pro

141 4166 207 4205 eum
228 4169 262 4207 ox
286 4154 344 4209 alto
368 4154 618 4226 precipitaverunt
640 4162 668 4211 et
687 4157 830 4228 lapidibus
852 4174 955 4229 urgere
1006 4154 1083 4210 tinus
1101 4152 1288 4225 egrederetur
1302 4153 1333 4207 in
1354 4153 1470 4208 nomine
1489 4153 1614 4224 Domini,
1630 4158 1661 4209 et
1675 4155 1785 4211 vadens
1799 4156 1828 4211 in

141 4251 295 4316 caeperunt.
311 4247 364 4312 Qui
380 4247 507 4319 dejectus
518 4266 604 4321 super
619 4267 714 4321 genna
729 4268 779 4305 sue
792 4252 953 4322 procubuit,
1007 4248 1151 4303 desertum
1172 4246 1282 4302 nemini
1302 4251 1430 4313 noceret,
1445 4249 1476 4301 et
1488 4246 1519 4305 iu
1541 4246 1612 4314 loce,
1630 4247 1680 4302 ubi
1699 4265 1828 4305 accessus

51 4400 57 4409 ¹
141 4344 169 4393 et
182 4354 269 4394 orans
282 4341 352 4396 dixit
367 4358 374 4395 ι
392 4364 404 4391 «
422 4344 501 4414 Rogo
521 4346 557 4410 tu,
576 4344 696 4399 [terniue
713 4346 788 4399 Deus
808 4348 899 4414 Pater,
914 4361 956 4401 re·
1006 4341 1154 4396 hominum
1168 4345 1287 4408 nonest,
1301 4341 1453 4396 habitaret.
1464 4342 1542 4396 Tunc
1556 4340 1729 4396 saevissimus
1742 4343 1826 4397 draeo

141 4433 224 4487 mitte
238 4434 307 4501 illis;
319 4451 377 4489 non
391 4435 468 4490 enim
479 4436 571 4491 sciunt
585 4438 654 4508 quid
668 4438 786 4493 faciunt.
799 4460 812 4488 1
828 4440 956 4510 Cumque
966 4433 995 4505 D
1007 4435 1093 4490 exivit
1107 4441 1135 4490 et
1149 4435 1317 4490 festinanter
1335 4434 1413 4489 abire
1432 4434 1516 4505 eoepit
1537 4428 1566 4489 et
1586 4434 1663 4489 ultra
1683 4452 1825 4507 nusquam

140 4543 206 4581 oum
223 4529 287 4582 talia
303 4532 432 4584 orantem
453 4530 575 4601 desuper
594 4531 734 4602 lapidibus
754 4540 954 4605 perurgerent,

140 4637 214 4675 unus
229 4623 264 4677 do
278 4623 484 4693 sacerdotibus,
502 4624 536 4678 de
554 4625 618 4679 liliis
636 4625 759 4695 lleclrab,
776 4628 954 4697 exclamarit,

141 4715 238 4770 dicens
262 4733 268 4770 :
291 4738 304 4765 a
330 4717 447 4784 Parcite,
476 4718 592 4790 parcite,
616 4736 722 4790 quaeso.
745 4720 818 4784 Quid
845 4720 956 4775 facitis?

142 4809 194 4862 Pro
215 4810 294 4864 robis
318 4815 380 4865 orat
399 4812 444 4867 hic
461 4813 553 4883 justus
575 4829 661 4884 quem
686 4812 855 4884 lapidatis.»
879 4815 956 4868 Tunc

141 4900 229 4955 iratus
245 4903 362 4973 qnidam
381 4921 415 4958 ex
431 4906 580 4961 lerismis
596 4907 732 4978 perticam
752 4906 868 4962 fullonis
888 4909 956 4962 arri·

141 4994 213 5065 pult,
229 5002 256 5049 et
272 4996 300 5050 in
321 4996 413 5067 capite
432 5001 493 5069 ejus
515 5000 625 5055 fortiter
644 4999 732 5070 dedit,
748 5000 865 5072 ejusque
880 5016 957 5056 cere-

138 5087 223 5142 brum
238 5089 331 5160 ejecit.
351 5091 437 5145 Testis
457 5093 553 5164 itaque
572 5095 639 5149 Jesu
660 5094 763 5150 Christi
786 5094 831 5148 tali
847 5101 955 5167 marty-

139 5184 183 5239 rio
204 5190 245 5237 est
267 5188 490 5252 consummatus,
512 5187 608 5258 ibique
629 5204 716 5259 prope
737 5189 878 5260 templum
897 5190 955 5243 liat.

139 5279 203 5333 Maii
216 5282 258 5334 est
278 5279 415 5350 sepultus.
431 5280 493 5334 Non
508 5281 598 5335 multo
615 5286 678 5353 post
698 5281 878 5353 oppugnatio
892 5298 959 5337 con·

139 5378 236 5428 secuta
255 5376 298 5428 est
319 5372 491 5446 Vespasiani,
509 5389 596 5443 quam
618 5375 775 5446 prudentes
794 5375 957 5430 ludaeorum

140 5466 323 5522 crediderunt
343 5466 479 5522 divinitus
496 5467 629 5523 accidisse
648 5485 700 5539 pro
720 5468 848 5524 vindicta
861 5469 957 5524 iacobi

138 5559 220 5629 lusti,
235 5563 268 5615 ut
281 5561 429 5617 evidenter
443 5561 550 5633 legitur
563 5562 593 5617 in
608 5559 688 5617 libris
701 5563 816 5634 losephi
829 5563 958 5619 111111111-

139 5669 205 5710 rum
228 5654 347 5727 insignis
369 5655 602 5728 historiographi.
626 5656 781 5712 incredulis
805 5673 857 5730 pro
878 5661 957 5714 certo

39 5760 42 5764 '
140 5747 243 5805 ludaeis
264 5746 371 5822 duplici
388 5749 561 5807 contritione
580 5749 814 5822 periclitantibus,
835 5751 959 5808 Ecclesia

1006 4529 1177 4600 comparuit.
1192 4528 1343 4600 Apostolus
1357 4533 1454 4583 eutem
1468 4528 1558 4582 filium
1575 4528 1717 4599 pontificis
1732 4535 1761 4585 et
1779 4530 1826 4584 tri·

1006 4623 1109 4691 bunos,
1125 4623 1174 4694 qui
1187 4622 1292 4677 mortui
1304 4623 1430 4691 fuerant,
1442 4623 1471 4677 in
1483 4621 1599 4677 nemine
1615 4621 1727 4678 Domini
1741 4624 1826 4678 susci·

1006 4718 1084 4783 tavit,
1102 4731 1276 4787 omnemque
1290 4715 1416 4785 turbem,
1435 4732 1499 4788 quie
1518 4715 1646 4771 morbida
1664 4722 1735 4784 erat,
1754 4717 1825 4772 sani·

1007 4811 1057 4866 tati
1069 4809 1201 4865 restituit.
1215 4809 1341 4866 Universi
1351 4810 1477 4881 ergaqui
1488 4809 1651 4881 Philippum
1662 4811 1826 4882 apostolum

1006 4904 1148 4976 persecuti
1162 4908 1229 4958 sunt
1242 4902 1443 4974 poenitentiam
1457 4906 1589 4975 egerunt,
1606 4906 1636 4957 et
1648 4903 1735 4959 deum
1749 4905 1827 4959 hunc

1007 5015 1067 5054 esse
1089 5004 1230 5071 putantes,
1253 4996 1374 5052 adorare
1394 4997 1555 5052 voluerunt.
1583 4998 1642 5068 lpse
1657 5003 1757 5052 autem
1776 5015 1828 5070 per

1008 5110 1097 5149 unum
1119 5107 1227 5147 annum
1250 5106 1299 5145 eos
1316 5091 1426 5163 jugiter
1445 5090 1548 5159 docuit,
1573 5090 1671 5162 eisque
1694 5092 1826 5147 notitiam

1007 5187 1114 5243 summi
1135 5186 1184 5242 Dei
1208 5185 1328 5241 solerter
1348 5184 1514 5252 insinuavit,
1534 5190 1563 5239 et
1584 5183 1683 5239 omnia
1704 5201 1769 5257 quie
1790 5186 1827 5240 ad

1007 5297 1105 5337 veram
1126 5279 1216 5335 fidem
1239 5279 1385 5351 pertinent
1404 5278 1545 5334 instanter
1564 5277 1594 5332 in
1614 5278 1747 5334 cordibus
1762 5295 1826 5335 cre-

1007 5375 1139 5430 dentium
1162 5372 1323 5429 seminavit.
1345 5372 1429 5428 llulta
1449 5371 1539 5443 igilur
1560 5371 1649 5426 millia
1672 5372 1826 5428 hominum

1007 5468 1192 5525 crediderunt
1204 5471 1234 5524 et
1245 5466 1280 5522 ab
1293 5467 1393 5523 eodem
1408 5466 1535 5539 apostolo
1547 5465 1682 5538 baptizati
1693 5472 1771 5523 sunt.

1043 5562 1191 5636 Philippus
1201 5563 1298 5635 itaque
1306 5561 1462 5634 apostolus,
1471 5559 1563 5633 gratia
1570 5560 1620 5615 Dei
1628 5560 1828 5633 multipliciter

1006 5657 1131 5730 adjutus,
1147 5656 1253 5714 multas
1266 5654 1399 5713 ecclesias
1412 5653 1569 5711 construxit
1585 5656 1615 5709 et
1626 5653 1778 5727 episcopos
1794 5672 1827 5711 11

1008 5752 1188 5826 presbyteros
1208 5766 1274 5807 eum
1288 5748 1404 5825 reliquis
1419 5748 1568 5807 ordinibus
1585 5746 1673 5806 111111
1692 5747 1724 5806 in
1736 5750 1828 5807 111111
