3750 6046
50 228 108 287 aaa
478 224 635 287 nrsroan
655 226 922 287 ncunnsnsncn.
936 256 971 270 -
984 229 1071 286 rans
1089 194 1123 285 n.
1137 259 1172 271 -
1186 228 1248 286 nn.
1269 227 1302 284 v.
1687 230 1741 289 rso

50 353 240 410 medietatem
252 351 385 410 monachi
399 352 435 409 de
448 353 544 409 Norun
561 353 713 409 retineant.
884 354 1037 439 Asatcgit.
1054 355 1081 409 ln
1094 353 1140 409 die
1150 354 1263 409 Pascha
1274 353 1311 408 ad
1321 351 1474 424 prandium
1484 352 1699 426 residerejuxta
1709 371 1738 411 se

90 449 157 503 lianc
176 447 447 504 omniaWillelmus
467 451 496 502 et
517 447 633 502 Laelius
651 463 723 502 uxor
747 448 817 519 ejus,
843 453 873 504 ut
922 448 1016 521 ipsum
1036 448 1113 515 iecit,
1129 452 1158 503 et
1175 457 1232 503 tros
1255 448 1391 515 civitates,
1408 448 1428 503 si
1452 465 1549 504 sacrun
1570 454 1740 505 remaneret

52 542 191 612 diximus,
206 543 262 597 ileo
274 559 327 615 pro
346 542 435 597 salute
448 557 509 609 sua,
524 558 697 614 uirorumque
712 541 872 597 amicorum
923 542 952 597 in
967 542 1057 611 italia,
1073 543 1113 598 ilii
1126 542 1290 615 spopondit.

52 636 147 692 libere
160 639 375 702 concesserunt,
390 641 419 690 et
431 635 597 706 hujusmodi
616 636 829 691 concessionem
842 636 872 690 in
958 637 1074 690 Interim
1094 635 1204 691 liabilia
1223 636 1366 691 comitissa
1382 650 1521 698 mucrone¹
1540 636 1663 693 animosi
1684 638 1740 693 mi·

53 729 181 801 capitulo
200 732 228 786 S.
248 728 364 798 Ebruiii,
386 744 484 785 eoram
504 730 712 785 monachorum
732 732 872 785 conventu
923 729 979 785 litis
993 729 1119 800 Rugonis
1131 729 1165 785 de
1176 728 1284 801 ialgeio
1296 735 1446 801 perempta
1462 733 1523 796 cst;
1543 730 1579 784 ob
1597 731 1678 801 cujus
1692 730 1737 786 in·

54 830 82 879 et
112 823 247 895 piurimis
269 823 396 888 testibus,
420 824 594 894 generaliter
617 824 871 879 confirmaverunt.
923 823 1134 891 teriectionem,
1157 839 1289 895 regresso
1309 823 1345 877 da
1367 823 1467 894 Apulia
1480 822 1620 879 Wilieimo
1637 825 1738 881 Paniai

51 918 132 973 Tunc
148 918 208 988 ipsc
221 916 399 984 GuiUeimus,
414 916 451 971 ad
470 916 606 988 sutfragia
620 917 753 985 fratrum,
769 917 817 988 qui
837 917 872 971 ad
924 933 1031 989 magna
1045 916 1190 972 tribulatio
1207 920 1305 971 exorta
1319 922 1371 971 est.
1385 917 1457 971 Nam
1470 917 1579 972 crimen
1604 917 1630 972 ei
1645 919 1739 989 prodi·
1831 974 1836 979 ,

52 1009 282 1066 construendum
302 1010 376 1081 apud
398 1011 495 1065 Norun
515 1011 615 1066 ceilam
639 1010 707 1065 itari
726 1014 817 1078 erant,
840 1027 873 1065 xa
924 1009 1010 1064 tionis
1022 1008 1243 1081 impingebatur,
1260 1015 1289 1063 et
1302 1009 1484 1065 infestatione
1500 1009 1596 1065 hostili
1611 1012 1738 1081 graviter

54 1119 169 1158 marcos
182 1103 294 1174 urgenti
309 1104 440 1158 cominus
453 1104 592 1175 porrexit.
923 1119 939 1156 a
956 1103 1084 1173 pluribus
1107 1102 1217 1157 aemrrlis
1242 1102 1442 1173 impetebatur.
1467 1102 1586 1158 Praelata
1610 1120 1737 1176 namque

88 1199 158 1253 Post
181 1195 243 1251 haec
262 1197 413 1251 ldainerias
433 1197 519 1251 abbas
535 1200 565 1252 et
585 1197 669 1252 Fuico
689 1197 769 1268 prior
789 1202 874 1268 atque
924 1195 1029 1250 mulier
1046 1196 1172 1251 Pirctnm
1196 1201 1331 1263 castmm‚
1347 1196 1496 1251 Gnillelmo
1518 1196 1627 1263 datum,
1642 1197 1738 1252 abstu-

53 1289 228 1345 GuiUelmns
251 1291 350 1346 Pantoi
379 1290 535 1362 Rogerium
560 1290 706 1357 comitem,
733 1291 782 1362 qni
806 1295 874 1346 tunc
924 1290 1013 1358 lerat3
1036 1307 1088 1363 pro
1103 1307 1159 1362 qua
1178 1290 1281 1360 injuria
1302 1289 1427 1360 pertinax
1452 1290 1652 1346 malevolentia
1675 1290 1742 1346 diu·

52 1384 132 1456 apud
149 1384 317 1440 Beiesmiam
332 1383 875 1456 manebat,adierunt;eumquehumi·
925 1383 981 1439 tius
1015 1384 1091 1439 inter
1120 1399 1168 1440 eos
1201 1384 1393 1439 inhorruerat.
1426 1383 1505 1438 Unda
1538 1383 1736 1455 suspicabatur

53 1478 131 1540 liter.
145 1483 176 1532 ut
190 1476 320 1548 praedicti
333 1477 431 1532 militis
445 1476 615 1533 donationes
626 1494 677 1532 sna
689 1478 874 1535 concessione
925 1478 1001 1550 quad
1015 1478 1143 1550 praedicti
1159 1477 1257 1532 militis
1279 1477 1397 1532 consilio
1420 1477 1553 1548 perierit;
1578 1478 1738 1550 pracsertim

54 1570 873 1644 conilrmuret,petiemnt.lltilie,nteratliberaiisetpro-
925 1587 990 1626 cum
1022 1570 1172 1626 Guiilelmo
1202 1572 1350 1643 liugonenr
1377 1586 1481 1641 magua
1505 1570 1683 1626 familiaritas
1711 1575 1740 1627 et

54 1664 108 1719 bus
133 1664 221 1734 justa
244 1663 379 1735 petitioni
413 1680 512 1719 eorum
539 1664 702 1736 benigniter
724 1664 816 1733 iavit,
845 1669 874 1720 et
925 1664 1739 1736 crebracollocutioconjunxerit.Rogeriusigitnrcomes

54 1772 181 1830 quaeque
208 1757 362 1828 petierant,
385 1773 480 1813 coram
507 1757 641 1812 omnibus
666 1758 715 1830 qni
744 1762 812 1814 tunc
838 1758 874 1813 ad
885 1732 913 1804 B
926 1764 954 1815 et
968 1759 1020 1814 lllii
1035 1759 1096 1829 ejus
1110 1763 1198 1814 totam
1211 1764 1317 1814 terram
1331 1759 1392 1829 ejus
1411 1757 1571 1827 saisierunt,
1588 1758 1740 1830 ipsumque

54 1849 874 1923 curiamejusprodirersisnegotiisconvenerant,annuit.
927 1852 964 1908 ad
979 1855 1101 1908 mortem
1122 1853 1306 1924 quesierunt.
1320 1851 1488 1907 Gnillelmas
1509 1857 1649 1908 autemst
1665 1868 1742 1908 uxor

53 1945 135 2000 'lunc
161 1943 300 1999 nimirum
326 1944 462 1999 festivitas
487 1945 516 1999 S.
544 1944 682 2000 Leonardi
708 1945 877 2000 contessoris
928 1946 990 2016 ejus
1002 1962 1068 2000 cnm
1081 1945 1146 2000 lillis
1159 1945 1216 2000 suis
1228 1945 1340 2001 Uticam
1354 1945 1555 2017 confugerunt,
1569 1944 1666 2017 ibique
1679 1945 1739 2017 diu,
1850 2004 1853 2011 ,

55 2037 167 2094 ibidem
180 2037 390 2107 celebrabatur,
401 2038 437 2093 ad
447 2054 533 2110 qnam
544 2038 711 2094 solemniter
719 2040 875 2110 agendam,
927 2039 979 2095 sub
1000 2040 1174 2111 protectione
1192 2040 1408 2106 monachorum,
1428 2055 1493 2094 cum
1515 2054 1620 2109 magno
1636 2038 1740 2096 timore

56 2132 159 2203 dapsili
180 2132 286 2187 comite
306 2130 453 2195 invitante,
474 2132 569 2202 plnres
589 2132 657 2186 illuc
676 2139 874 2188 accesserant:
927 2132 1065 2188 demorati
1090 2138 1168 2188 sunt.
1191 2132 1328 2187 Praefatae
1351 2147 1440 2204 eques
1467 2130 1611 2203 objectum
1632 2132 1743 2190 lacinus

57 2227 206 2292 iloelnaus,
216 2224 499 2283 cenomannensium
511 2225 676 2296 episcopus;
690 2226 780 2296 Ruga,
792 2227 878 2282 texo·
927 2226 1064 2280 audacter
1078 2225 1255 2298 denegabat3
1279 2225 1329 2281 sed
1343 2225 1438 2281 nulius
1452 2241 1518 2280 eum
1531 2225 1615 2281 certis
1628 2225 1742 2283 indiciis

57 2320 203 2375 niensium
219 2318 368 2390 episcopus
379 2336 387 2388 3
399 2324 427 2373 et
441 2318 611 2386 Radbertus,
623 2319 802 2391 Sagiensium
819 2321 878 2390 epi·
927 2319 1140 2390 comprobabat,
1163 2335 1215 2373 nec
1234 2319 1388 2390 abneganti
1409 2320 1510 2386 scelus,
1526 2334 1646 2391 seseque
1665 2319 1742 2391 laga·

58 2430 183 2485 scopus;
199 2411 340 2467 ainardus
353 2428 477 2484 quoqne,
499 2411 585 2468 abbas
600 2412 746 2478 Uirensis;
768 2414 876 2468 liuran·
927 2412 992 2467 liter
1009 2429 1133 2483 purgare
1152 2412 1258 2467 volenti
1275 2412 1480 2482 acquiescebat.
1495 2411 1622 2467 Tandem
1640 2412 1742 2468 mulio

58 2507 111 2563 dus
135 2506 345 2572 Troarnensis,
373 2506 532 2562 Radbertus
562 2507 706 2578 Sagiensis
736 2510 765 2561 et
797 2509 878 2578 lingo
928 2522 991 2561 rurn
1006 2505 1171 2561 delinitione
1194 2505 1364 2576 optimatum
1386 2505 1534 2577 praelixam
1555 2512 1597 2561 est
1611 2505 1641 2561 in
1661 2506 1742 2562 curia

58 2599 289 2671 longiledensis,
306 2603 336 2654 et
354 2601 464 2669 Emma,
479 2601 705 2655 Almaniscarum
718 2600 876 2669 abbatissa3
929 2600 1048 2670 regiani
1065 2600 1195 2671 culpatus
1208 2599 1260 2666 vir,
1274 2599 1308 2654 ad
1322 2598 1543 2670 abstergendam
1558 2599 1659 2655 nefarii
1682 2616 1739 2655 ma·

60 2695 185 2749 Rerveus
203 2709 318 2764 qnoque
328 2693 491 2764 capellanus
500 2693 623 2765 episcopi
636 2693 879 2760 Lexoviensis,Ro·
928 2694 1021 2749 culam
1044 2693 1188 2763 facinoris,
1209 2693 1284 2764 apud
1308 2693 1520 2764 Rothomagum
1541 2694 1571 2748 in
1592 2694 1745 2765 prasentia

60 2788 157 2859 gerius
170 2786 279 2850 Faidel,
296 2788 376 2859 Rugo
390 2787 476 2842 Filius
488 2787 624 2852 Fulcaldi,
634 2787 793 2843 Radbertus
803 2787 878 2842 illins
929 2788 996 2842 cieri
1015 2787 1124 2842 snlrirct
1138 2787 1286 2842 candentis
1306 2802 1426 2842 examen
1447 2786 1585 2858 chalybis.
1602 2785 1685 2852 Quod
1704 2787 1744 2844 ita

60 2880 246 2947 'theodelini
258 2880 400 2952 Rogerins
413 2880 538 2950 Gnialra,
549 2879 635 2935 etalii
647 2881 728 2935 multi
741 2881 836 2936 clerici
851 2885 880 2937 et
931 2882 1034 2936 iactam
1050 2887 1101 2936 cst.
1116 2881 1277 2937 scintillans
1295 2880 1403 2936 larrnrn
1420 2878 1594 2935 nudarnanu
1608 2880 1742 2952 portarit,

60 2974 122 3029 iaici
139 2974 179 3028 ad
193 2990 280 3046 snpra
294 2974 428 3045 scriptam
444 2974 659 3029 concessionem
673 2975 839 3029 adluernnt.
930 2976 1036 3047 licique
1056 2981 1127 3031 nutu
1145 2992 1200 3029 non
1224 2973 1342 3029 adustus
1363 2973 1507 3045 apparuit,
1522 2978 1551 3029 et
1569 2972 1635 3029 inde
1650 2974 1744 3030 clema

93 3072 179 3123 Anno
205 3067 242 3122 ab
267 3067 461 3123 incarnatione
485 3067 597 3122 Domini
619 3070 698 3134 1077,
722 3068 995 3173 indictioneCcum
1010 3071 1069 3123 iota
1089 3068 1171 3140 plebe
1192 3069 1249 3123 nita
1271 3084 1338 3123 voce
1359 3068 1450 3122 ileum
1475 3066 1606 3123 laudarit.
1621 3068 1746 3125 Ualeroii

60 3178 104 3230 xv,
131 3160 297 3216 Radbertus
323 3160 422 3214 nubilis
450 3160 546 3227 abbas,
571 3160 659 3214 lrater
692 3162 816 3231 lingonis
843 3162 879 3217 de
932 3163 1025 3218 hostes
1041 3162 1143 3217 armati
1156 3162 1276 3217 aderant
1288 3161 1323 3216 ad
1346 3161 1550 3234 spectaculum,
1574 3164 1605 3216 nt
1631 3163 1655 3217 si
1679 3178 1745 3218 reus

59 3254 367 3320 drentemaisnilio,ad
384 3253 559 3325 colloquium
575 3254 717 3309 Gnillelmi
736 3255 809 3325 regis
828 3260 881 3311 hn-
931 3255 1198 3327 deprehenderetur
1212 3272 1265 3327 per
1285 3256 1360 3327 ignis
1371 3255 1521 3327 judicium,
1537 3257 1673 3312 continno
1686 3272 1746 3313 rea-

60 3351 176 3422 glornm
195 3346 226 3403 in
249 3346 450 3402 Rormanniam
463 3347 549 3415 venit,
565 3347 685 3420 regique
709 3348 819 3419 petenti
837 3365 881 3404 ve·

58 3443 148 3511 niam,
165 3458 202 3497 eo
215 3441 292 3513 quod
308 3441 401 3511 ipsum
421 3441 489 3495 olim
504 3440 534 3494 in
554 3440 682 3495 exsilium
703 3441 808 3512 injuste
831 3459 879 3497 ex·

60 3538 189 3610 putarat,
213 3534 341 3591 indulsit.
366 3536 444 3589 Runa
464 3534 603 3589 nimirum
628 3534 797 3590 accersierat
820 3536 881 3592 Phi·

58 3632 157 3702 lippus
171 3644 223 3683 rex
245 3628 428 3697 Francorum,
442 3628 540 3682 rolens
554 3628 581 3682 ei
600 3627 668 3683 dare
687 3628 881 3701 episcopatum

61 3722 305 3798 Camotensipm3
328 3721 375 3776 sed
398 3722 484 3777 Gallis
507 3723 734 3777 Narmannomm
758 3723 882 3778 devitan-

59 3819 139 3875 tibus
152 3814 363 3888 magisterium,
385 3816 556 3882 Goislredns,
572 3815 712 3871 Eustachii
734 3816 881 3871 bolonien-

61 3911 138 3966 sium
170 3908 285 3965 comitis
311 3924 410 3980 nepos,
437 3910 647 3981 praeoccupavit
672 3908 879 3981 pontilicatnm.

61 4005 221 4060 Praeclarus
239 4002 337 4074 ilaqne
355 4001 522 4069 Radbertus,
539 4008 687 4074 postquam
703 4003 791 4058 sacris
804 4003 881 4059 dedi-

61 4097 225 4153 cationibus
252 4095 432 4151 ecclesiarum
455 4095 674 4151 Cadomensinm
697 4100 725 4150 et
748 4096 882 4168 liniacen-

931 3352 986 3417 tus,
1001 3351 1148 3421 amputato
1171 3349 1212 3403 rei
1227 3349 1329 3421 capite,
1355 3348 1504 3420 puniretur
1529 3365 1580 3420 per
1604 3349 1744 3421 gladium.

931 3445 962 3497 ln
977 3443 1022 3498 his
1043 3443 1139 3515 itaque
1155 3442 1303 3513 pressuris,
1319 3458 1390 3515 quas
1402 3442 1569 3497 Gnillelmas
1582 3449 1610 3498 et
1623 3444 1666 3497 sui
1683 3459 1745 3515 per·

930 3537 1005 3609 pessi
1022 3541 1098 3604 sunt,
1120 3535 1269 3592 blainerius
1287 3536 1372 3591 abbas
1396 3538 1425 3590 et
1446 3536 1589 3591 Uticenses
1610 3537 1745 3593 monachi

930 3630 1094 3701 benigniter
1117 3645 1182 3684 eum
1210 3628 1349 3684 consolati
1372 3631 1458 3692 sunt,
1484 3628 1609 3700 totisque
1635 3628 1744 3684 nisibus

930 3723 1005 3794 apud
1025 3723 1115 3777 Deum
1128 3725 1157 3777 ct
1171 3722 1303 3776 homines
1324 3721 1506 3792 adjuverunt.
1522 3721 1601 3776 Unde
1616 3722 1745 3777 amicitia

931 3832 998 3888 erga
1011 3816 1073 3871 illos
1086 3815 1115 3870 in
1129 3815 1192 3886 ipso
1201 3814 1312 3870 tirmior
1324 3815 1458 3882 excrevit,
1475 3818 1505 3869 et
1516 3815 1552 3870 de
1565 3815 1656 3886 paliis,
1671 3832 1743 3888 quas

931 3909 990 3981 ipse
1015 3909 1050 3965 de
1073 3909 1172 3981 Apulia
1196 3908 1342 3978 delulerat,
1361 3914 1483 3980 quatuor
1507 3908 1687 3979 pretiosiores
1712 3909 1741 3966 S.

931 4003 1047 4059 Ebrulio
1058 4003 1175 4069 obtulit;
1190 4017 1223 4057 ex
1237 4002 1339 4074 quibus
1352 4007 1475 4074 quatuor
1484 4016 1581 4072 cappa
1594 4007 1744 4059 cantorum

931 4098 961 4152 in
974 4097 1073 4152 eadem
1090 4097 1170 4151 iactas
1185 4100 1252 4150 sunt
1270 4095 1399 4164 ecclesia,
1415 4111 1480 4166 qnae
1494 4111 1585 4167 nsque
1608 4095 1694 4152 hodie
1706 4094 1744 4151 ad

61 4193 139 4246 sium
162 4193 250 4261 atque
275 4189 469 4258 beccensium,
485 4206 548 4260 quae
570 4189 672 4244 eodem
690 4206 764 4244 anno
788 4205 881 4246 conse·
931 4191 1020 4246 divini
1032 4191 1164 4245 decorem
1179 4190 1283 4244 servitii
1296 4192 1444 4244 serrantur
1456 4189 1573 4244 ibidem.

62 4291 151 4340 cratae
170 4285 249 4350 sunt,
265 4283 406 4351 interluit,
418 4288 447 4338 et
459 4282 610 4338 amicabile
625 4283 800 4354 colloquium
814 4299 881 4339 eum
967 4287 1032 4339 Post
1052 4289 1173 4339 mortem
1194 4283 1334 4338 Gnillelmi
1357 4283 1433 4354 regis
1454 4282 1622 4354 bogiorum,
1637 4283 1743 4338 iterum

62 4394 133 4451 rege
146 4376 301 4444 willelmo,
315 4376 435 4448 aliisque
458 4375 557 4431 amicis
581 4380 608 4431 et
627 4377 793 4447 parentibus
812 4378 879 4445 suis,
934 4377 1088 4432 wilielmus
1108 4376 1239 4448 Apuliam
1259 4375 1386 4447 expetiit,
1400 4379 1438 4443 et,
1453 4376 1519 4430 inde
1536 4376 1605 4431 dom
1623 4374 1741 4442 rediret,

62 4488 135 4545 qnos
147 4475 235 4525 antea
254 4485 305 4540 per
323 4471 419 4542 piures
432 4486 521 4525 annos
535 4486 593 4525 non
615 4470 735 4537 viderat,
752 4470 1064 4543 consum-Dreliquias
1095 4470 1219 4540 comonis
1250 4469 1404 4524 beatissimi
1435 4468 1539 4524 Christi
1575 4468 1742 4523 contessoris

63 4566 162 4632 mavit,
180 4563 312 4634 Apuliam
327 4563 450 4634 repetiit,
461 4579 616 4636 secumque
627 4565 801 4620 Willeinmm
813 4567 881 4620 Pan·
931 4564 1035 4620 Nicoiai
1057 4564 1166 4632 detulit,
1180 4569 1208 4618 et
1229 4563 1258 4616 in
1273 4562 1390 4617 ecclesia
1410 4562 1439 4615 R.
1461 4561 1536 4616 Petri
1557 4561 1632 4632 apud
1647 4563 1743 4617 Nomn

63 4660 101 4714 lul
114 4662 144 4714 et
158 4655 338 4712 Radbertum
354 4655 390 4711 de
404 4657 523 4713 Cordaio
543 4664 677 4730 nepotem
693 4675 787 4727 snum,
802 4659 882 4713 alios
932 4659 967 4714 ad
981 4657 1066 4713 decus
1082 4656 1210 4727 ejusdem
1226 4655 1280 4711 loci
1302 4655 1459 4710 collocarit.
1473 4655 1573 4709 Postea
1593 4654 1743 4708 morrachis
1849 4729 1853 4735 ι

64 4768 120 4824 qne
139 4750 298 4825 praeclaros
318 4750 424 4806 milites
439 4751 529 4807 duxit.
549 4753 627 4807 Tune
648 4752 808 4826 Radbertus
829 4753 883 4807 Wi-
933 4753 1036 4808 ibidem
1048 4749 1216 4822 degentibus
1225 4748 1304 4804 dedit
1316 4764 1407 4802 arnum
1416 4747 1575 4802 manerium
1587 4747 1617 4800 in
1631 4745 1743 4818 anglia,

64 4846 185 4901 acardus
199 4843 338 4901 Calabriae
360 4844 569 4907 dominabatur.
583 4848 610 4900 et
627 4845 761 4901 ducatum
785 4847 882 4902 Giarrlii
933 4845 1009 4918 quod
1032 4844 1136 4899 dicitur
1159 4843 1318 4911 traditona,
1344 4847 1373 4897 et
1394 4840 1591 4897 molendinum
1611 4846 1639 4895 el
1660 4840 1746 4895 eccie-

65 4937 242 4997 Salernitani
263 4936 342 4992 ducis
362 4938 588 4994 nanciscebatur.
612 4940 660 4994 Ric
682 4940 820 4995 Tancredi
848 4940 883 4996 dc
934 4940 1004 4994 siam
1023 4938 1149 5010 ejusdem
1162 4937 1244 5006 ville,
1258 4951 1431 5007 omnemque
1444 4935 1587 4990 decimam
1605 4948 1654 4989 sex
1671 4933 1747 4989 nilla·

65 5031 209 5097 Altariiiu,
228 5031 378 5103 cujusdam
399 5032 550 5088 mediocris
564 5033 627 5100 viri,
648 5033 722 5088 lilius
740 5039 819 5101 erat;
835 5033 884 5089 sed
934 5049 1000 5088 rum
1015 5032 1050 5086 ad
1063 5031 1192 5087 eamdem
1210 5031 1357 5086 ecclesiam
1371 5029 1574 5100 pertinentem.

66 5125 305 5198 magnanimitate
325 5131 353 5181 et
373 5126 446 5181 lelici
471 5126 585 5182 fortuna
599 5128 718 5198 poliens,
738 5127 886 5183 itaiossibi
971 5126 1077 5182 Deinde
1101 5142 1178 5180 anrro
1202 5125 1236 5179 ah
1258 5123 1455 5179 incarnatione
1476 5123 1588 5179 Domini
1618 5125 1685 5178 lita
1707 5120 1750 5177 in·

67 5221 233 5292 subegerat.
243 5219 314 5291 ipse,
326 5235 391 5274 cum
401 5219 536 5276 iratribus
547 5221 617 5288 siris,
628 5221 800 5293 advenisque
810 5237 886 5276 com·
935 5219 1058 5276 dictione
1071 5235 1098 5286 v,
1113 5235 1188 5273 anno
1201 5217 1305 5272 scilieet
1318 5232 1357 5272 xn
1368 5215 1481 5272 Uenrici
1492 5216 1566 5288 regis
1579 5216 1749 5287 angiorum,

67 5312 224 5386 patriotis,
256 5311 459 5383 apuliensibus
496 5315 604 5370 colonis
632 5315 742 5370 fortiter
778 5315 887 5370 incum-
937 5318 966 5368 et
978 5315 1079 5384 quarto
1094 5310 1223 5366 lodovici
1241 5309 1317 5380 regis
1337 5309 1523 5376 Francorum,
1538 5309 1614 5364 idem
1634 5307 1750 5363 Gnillel-

67 5407 163 5477 bcbat,
181 5410 209 5460 et
229 5405 380 5476 insperatis
402 5407 486 5462 rebus
507 5407 657 5479 magnilica
678 5407 809 5479 peractis,
828 5408 887 5463 aill-
940 5422 1013 5473 mus,
1026 5421 1103 5461 anno
1121 5422 1154 5460 xc
1167 5421 1198 5459 ex
1213 5419 1269 5476 quo
1284 5403 1476 5458 monachilem
1490 5403 1593 5458 cellam
1605 5401 1680 5473 apud
1700 5400 1752 5457 No-

68 5500 152 5554 nibus
166 5499 280 5554 cunctis
293 5499 449 5568 eminebat,
465 5500 619 5572 multisque
632 5500 738 5556 divitiis
751 5502 887 5573 locuples,
938 5517 993 5555 run
1010 5504 1141 5571 caeperat,
1157 5497 1268 5552 Uticam
1287 5497 1374 5564 venit,
1390 5496 1559 5568 etantiqua
1574 5495 1707 5550 amicitiae
1720 5509 1752 5550 ac

68 5592 249 5648 incessanter
263 5593 335 5646 lines
359 5609 425 5647 suos
447 5594 593 5650 dilatabat.
608 5582 888 5652 Willelmam'antem
939 5595 1168 5664 danorumque
1190 5607 1278 5662 supra
1300 5589 1425 5645 diximus
1448 5605 1515 5644 eum
1528 5589 1648 5657 dedisse,
1663 5603 1753 5643 recor·

70 5686 172 5743 Pantul
190 5685 349 5742 honorilice
364 5686 501 5758 suscepit,
517 5693 546 5744 et
559 5689 650 5744 multa
662 5689 689 5744 ei
710 5689 889 5760 promittens,
940 5687 1032 5755 datus,
1046 5685 1144 5742 omnia
1154 5683 1306 5752 recensuit,
1318 5690 1345 5739 et
1360 5683 1388 5738 in
1399 5681 1758 5739 convenlumonachomur

71 5780 179 5855 ipsum,
200 5782 321 5853 propter
339 5779 514 5852 probitatem
530 5797 621 5847 suam,
645 5771 768 5837 retinere
793 5797 890 5838 secum
942 5781 1069 5855 generali
1087 5778 1283 5850 concessione,
1297 5777 1504 5835 cumlcel'ma
1522 5791 1618 5830 uxore
1632 5783 1780 5836 sumeuu-
1860 5818 1865 5823 .
