3750 6046
143 189 195 244 463
840 184 997 244 ottonum}
1019 184 1150 242 tttsuts
1777 187 1826 243 tot

143 311 226 379 Quas,
249 310 317 382 quia
338 309 502 382 praebendae
526 310 696 382 alfagiensis
718 310 843 367 ecclesia
864 315 957 377 erant,
971 323 1042 394 Αιι
1060 310 1165 365 solidos
1182 310 1216 365 de
1232 324 1320 365 censu
1334 325 1397 380 sno,
1413 308 1553 364 Kalendas
1568 307 1711 374 Octobris,
1725 323 1825 363 mena·

145 404 202 460 due
231 403 360 459 canonici
392 410 460 460 tnnc
492 404 684 477 possidebant.
713 405 851 461 Radulfus
883 405 960 461 enim
1012 405 1082 473 ebis,
1098 411 1130 459 ut
1143 405 1210 459 inde
1224 420 1319 461 ceram
1334 409 1362 459 et
1376 404 1469 459 oleum
1484 402 1518 458 ad
1532 400 1690 457 luminaria
1702 400 1826 457 ecelesia

146 497 273 552 ecclcsiae
294 496 328 552 de
348 499 432 553 Parce
454 498 639 567 deserviebat,
656 515 741 571 quem
763 504 828 570 post
846 498 961 570 aliquod
1012 506 1040 557 et
1062 503 1128 558 thus
1152 519 1202 574 per
1224 506 1317 557 tetum
1343 516 1451 556 annum
1473 505 1580 568 emant,
1601 498 1722 571 singulis
1743 499 1825 555 anuis

146 597 261 663 tempus
275 592 310 647 de
324 592 426 666 anglia
439 593 609 649 redeuntem
624 592 733 648 marina
745 595 900 664 tempestas
917 593 960 648 in·
1012 596 1159 664 concessit,
1180 603 1210 651 et
1229 596 1411 651 donationem
1432 610 1517 666 super
1533 592 1623 649 altare
1642 594 1755 649 Sanctae
1769 593 1824 649 lda-

144 685 240 754 velrit,
261 690 299 755 et,
315 687 406 742 fracta
425 688 499 756 navi,
520 704 585 741 cum
603 687 737 742 omnibus
758 686 840 741 sociis
859 687 962 742 tluctus
1012 690 1061 745 riae
1080 706 1145 746 cum
1162 689 1266 745 marito
1281 705 1332 745 sue
1347 688 1449 761 posuit.
1464 688 1559 744 l'estes
1574 686 1679 742 harum
1694 685 1825 743 donatio-

146 779 301 836 absorbuit.
323 781 483 836 Gualterius
503 785 599 836 autern
621 781 768 836 ecclesiam
789 781 825 835 de
848 780 980 836 Belnaio
1012 800 1081 839 num
1094 790 1161 839 sunt
1175 783 1264 838 Adam
1281 787 1310 838 et
1321 782 1488 838 Guillelmns
1499 781 1549 836 lilii
1563 779 1707 849 Tedlredi,
1722 779 1824 835 Osber·

148 876 275 944 tenebat,
292 875 339 947 qui
362 873 544 946 postmodum
565 875 722 930 menachus
742 874 836 930 Sancti
855 874 961 931 Ebrultl
1012 894 1065 933 nus
1087 877 1166 933 Rutle
1187 881 1216 932 et
1230 860 1398 934 Eustachius
1416 874 1452 930 de
1470 874 1596 941 Terceio,
1611 873 1777 930 llodbertes
1792 874 1824 930 dc

147 971 236 1025 factus
250 974 301 1025 est.
1011 972 1121 1042 Crepus
1139 975 1166 1025 et
1186 970 1344 1027 Radbertus
1358 969 1432 1024 illius
1450 967 1622 1038 Godmundi,
1637 969 1764 1024 loannes
1775 967 1823 1022 ea·

185 1065 247 1118 llaec
260 1063 357 1118 omnia
371 1062 533 1130 Gulbertus,
544 1079 609 1118 cum
623 1062 745 1134 conjuge
758 1079 808 1117 sua
822 1063 960 1133 Beatrica,
1011 1067 1066 1131 tus,
1080 1068 1108 1119 et
1122 1063 1206 1119 multi
1222 1063 1280 1119 alii.
1299 1065 1366 1119 Post
1379 1063 1486 1135 aliquot
1503 1078 1595 1116 annes
1608 1060 1687 1116 idem
1706 1060 1821 1116 Guelte·

147 1156 269 1212 libenter
290 1157 420 1212 Ecclesiae
441 1156 489 1212 [lei
514 1173 566 1228 pro
589 1161 693 1212 aeterna
719 1155 809 1212 salute
829 1157 959 1225 contulit,
1010 1158 1069 1213 rius
1083 1160 1112 1212 et
1126 1157 1221 1213 Aricia
1236 1173 1305 1211 uxor
1318 1157 1390 1228 ejus,
1405 1156 1435 1211 in
1448 1171 1547 1211 amoro
1564 1155 1613 1210 bei
1631 1153 1821 1227 proficientes,

147 1251 336 1322 hominesque
352 1266 418 1306 sues
432 1256 460 1305 et
478 1249 593 1318 amices,
608 1252 641 1305 ut
655 1250 865 1322 eleemosynam
879 1267 959 1305 suam
1010 1268 1028 1307 a
1042 1250 1162 1322 Begerie
1177 1251 1280 1306 abbate
1293 1249 1387 1305 Sancti
1401 1248 1507 1303 Ebrultl
1520 1264 1556 1303 ιιι
1570 1248 1726 1304 monaches
1740 1263 1823 1321 cxpe-

147 1347 378 1416 augmentarent,
390 1343 535 1399 multoties
547 1343 713 1415 benigniter
725 1344 890 1398 obsecravit.
900 1344 961 1399 Gei·
1011 1345 1125 1411 tierent,
1138 1344 1235 1415 cisque
1249 1343 1284 1399 ad
1299 1342 1403 1398 rictum
1419 1342 1609 1398 necessarium
1623 1341 1823 1397 molendinum

148 1439 258 1494 elredus
272 1438 370 1510 igitur,
384 1437 467 1492 miles
479 1437 551 1508 eJ'ns,
564 1437 711 1492 ecclesiam
727 1437 821 1494 Sancti
837 1437 960 1510 Dionysii
1010 1439 1045 1493 de
1059 1438 1158 1506 Parce,
1170 1436 1246 1508 qued
1260 1435 1399 1491 reddebat
1411 1452 1438 1491 ιι
1452 1434 1573 1504 medios,
1584 1440 1613 1491 et
1622 1451 1639 1491 ι
1649 1451 1731 1490 acras
1742 1438 1823 1491 terre

148 1548 213 1587 cum
236 1536 296 1587 teta
318 1530 428 1586 decima
452 1530 563 1586 Sanctae
584 1531 677 1585 ldarire
700 1529 788 1598 dedit,
809 1535 961 1603 partesque
1010 1531 1044 1586 ad
1064 1530 1259 1603 lluglevillem,
1274 1534 1302 1585 et
1316 1533 1374 1585 tres
1388 1530 1524 1601 hospites,
1539 1529 1568 1584 ie
1582 1545 1657 1585 anne
1669 1544 1706 1585 xv
1720 1528 1822 1585 solidos

148 1625 278 1694 decimae,
298 1641 368 1697 quas
384 1624 419 1679 de
441 1640 474 1679 eo
495 1627 551 1680 tres
566 1623 681 1694 milites,
701 1623 844 1680 osbernus
859 1625 958 1696 Capes,
1009 1623 1157 1692 habentes,
1174 1639 1207 1678 ae
1226 1623 1260 1678 ad
1275 1623 1369 1678 villam
1388 1639 1452 1694 quse
1469 1623 1692 1679 Centum-Acras
1711 1620 1822 1690 dicitnr,

149 1726 178 1775 et
200 1720 256 1776 due
277 1718 328 1773 lilii
350 1717 473 1786 aszonis,
494 1719 651 1774 Bernardus
671 1721 700 1773 et
720 1718 856 1774 lledulfus
876 1687 997 1774 tene-B
1010 1718 1153 1774 ecclesiam
1168 1717 1278 1774 Sancte
1290 1714 1434 1772 Trinitatis
1447 1731 1514 1771 cum
1528 1718 1590 1771 tota
1604 1715 1716 1772 decima
1730 1714 1820 1771 dede·

148 1813 229 1882 bant,
250 1812 408 1868 hortatibus
428 1816 456 1866 et
478 1811 643 1867 muneribus
660 1811 743 1879 datis,
759 1813 887 1868 Ecclesiae
908 1813 959 1868 [lei
1009 1817 1086 1867 runt.

149 1906 337 1977 recuperavit.
352 1908 413 1977 lpse
426 1922 539 1976 queque
553 1910 661 1961 terram
673 1908 702 1961 et
714 1906 842 1974 villanos,
857 1909 887 1961 et
900 1923 960 1962 om·
1045 1906 1106 1960 llaec
1120 1903 1226 1970 emnia,
1241 1920 1306 1976 quse
1319 1919 1337 1958 a
1349 1901 1484 1959 Gulberto
1498 1905 1528 1958 et
1540 1901 1576 1958 ab
1587 1901 1824 1976 heminibnsejes

149 2017 200 2055 nes
215 1998 433 2055 consuetudines
446 1998 482 2053 de
498 1998 564 2069 ipsis
581 1998 691 2055 villanis
705 2000 736 2054 in
752 2000 816 2055 Vico
830 2000 960 2056 Silvatico
1010 1997 1076 2053 data
1092 1996 1268 2052 Uticensibus
1287 1996 1384 2066 retuli,
1399 1995 1564 2051 Guillelmus
1583 2012 1632 2051 rex
1650 1994 1824 2068 auglorum,

148 2094 294 2149 concessit.
306 2092 475 2162 bedbertus,
487 2091 567 2147 miles
581 2092 616 2147 de
631 2093 796 2164 lluglevilla,
810 2094 958 2150 ecclesiam
1010 2095 1039 2146 et
1051 2092 1170 2146 loannes
1187 2094 1272 2163 atque
1288 2090 1454 2146 Guillelmus
1472 2089 1720 2162 Rotbomaganses
1734 2089 1824 2145 archi·

148 2186 245 2243 Sancti
257 2185 349 2242 albini
362 2202 428 2240 eum
445 2189 503 2241 tete
521 2186 632 2241 decima
650 2187 797 2242 monachis
811 2187 959 2255 concessit,
1009 2183 1135 2256 episcopi
1161 2182 1342 2239 concessione
1369 2199 1419 2238 sua
1440 2182 1692 2238 confirmaverunt.
1719 2182 1824 2238 Deinde

148 2282 177 2336 et
190 2278 258 2335 inde
269 2295 302 2334 ex
315 2295 415 2334 eornm
428 2277 566 2334 charitate
580 2296 624 2333 ιιι
639 2278 725 2335 libras
738 2280 960 2337 ltedomensinm
1010 2277 1150 2350 quidquid
1174 2277 1345 2345 Gualterius,
1371 2275 1498 2332 Gelberti
1524 2275 1610 2345 tilius,
1634 2275 1823 2347 eleemesyuse

148 2370 591 2441 habuit.bernardus,Geislredi
604 2373 639 2428 de
652 2374 959 2444 Nero-Mercatofilius,
1010 2372 1096 2443 patris
1120 2370 1241 2437 eddidit,
1265 2370 1423 2427 liodbertus
1444 2370 1477 2440 ll,
1501 2370 1558 2426 dux
1583 2370 1823 2436 Nermannernm,

149 2464 296 2521 ecclesiam
311 2465 346 2521 de
358 2465 471 2536 Speinis
486 2468 614 2521 ettotam
629 2471 735 2522 terram
748 2467 782 2522 ad
796 2468 886 2539 ipsam
899 2484 961 2541 per·
1010 2465 1155 2521 monachis
1164 2464 1260 2521 Sancti
1271 2464 1377 2520 Ebrultl
1387 2465 1534 2534 concessit,
1545 2469 1574 2519 et
1585 2463 1728 2519 nundinas
1739 2464 1824 2519 ctiam

149 2559 290 2615 tinentem
303 2575 368 2613 curn
383 2562 443 2614 teta
456 2558 576 2628 decima,
588 2575 673 2631 quam
688 2560 829 2616 Ebrardus
843 2561 959 2633 presby·
1010 2559 1047 2614 ad
1060 2561 1181 2615 Parcum
1193 2559 1222 2613 in
1236 2558 1386 2614 Nativitate
1398 2557 1508 2614 Sancte
1520 2557 1614 2613 Helie
1628 2557 1698 2628 ipsis
1712 2557 1824 2628 erigere

147 2654 191 2711 tar
206 2651 330 2720 tenebat,
344 2654 452 2709 Sancte
464 2652 557 2707 blariae
571 2651 658 2720 dedit,
673 2657 702 2708 et
714 2669 767 2725 pre
782 2655 961 2711 mutuatione
1010 2652 1147 2725 permisit,
1164 2656 1193 2708 et
1208 2669 1258 2724 per
1272 2651 1413 2707 seniorem
1425 2650 1615 2721 Gualterium,
1630 2652 1823 2722 cognomento

148 2745 332 2802 ecclesiarum
348 2745 382 2801 de
397 2745 544 2800 Burcbella
557 2748 586 2800 et
603 2745 639 2800 de
654 2746 845 2818 Brnneshopa,
861 2764 895 2805 ιι
912 2765 959 2804 so·
1010 2745 1168 2815 Giierdum,
1180 2745 1297 2801 omnine
1312 2744 1462 2801 interdixit
1474 2760 1510 2801 ne
1523 2744 1598 2800 ullus
1613 2742 1741 2815 aliquam
1761 2760 1824 2800 con·

146 2837 221 2895 lidos
249 2838 283 2894 de
309 2854 395 2893 censu
420 2837 567 2892 Neeburiae
594 2837 630 2892 ad
657 2838 839 2895 festivitatem
866 2840 960 2897 Sancti
1010 2838 1189 2895 suetudinem
1210 2854 1261 2893 seu
1281 2838 1466 2911 privilegium
1487 2837 1595 2910 absque
1617 2837 1824 2895 monachorum

147 2931 289 2987 Michaelis
316 2930 465 2987 concessit.
494 2930 652 2999 baldricus,
679 2932 754 2987 tilius
782 2932 899 3003 Nicelei,
925 2934 961 2990 ad
1011 2933 1155 2988 voluntate
1179 2933 1208 2988 in
1234 2933 1304 3004 ipsis
1326 2931 1457 2989 haberet.
1480 2932 1590 2988 Fratres
1615 2948 1730 3004 queque
1753 2932 1822 3003 eJ'us,

149 3027 276 3097 beppam
290 3024 369 3080 dedit
383 3040 472 3079 unum
484 3023 666 3097 burgensem,
680 3029 709 3080 et
722 3025 865 3097 Radulfus,
877 3030 998 3127 Arse-C
1010 3026 1175 3083 Guillelmns
1203 3025 1291 3082 Rufus
1318 3028 1347 3082 et
1372 3024 1518 3096 flendam,
1543 3040 1626 3097 reges
1654 3024 1822 3099 anglorum,

149 3117 217 3174 rede
231 3119 316 3187 illius,
331 3118 366 3173 ad
385 3119 470 3174 Hetot
483 3117 562 3174 dedit
577 3135 664 3173 unum
679 3117 835 3192 hospitem.
1011 3123 1098 3192 etque
1113 3119 1274 3178 Geislredus
1295 3118 1535 3191 archiepiscopus,
1554 3118 1731 3191 omniaque.
1750 3135 1822 3191 pra·

185 3210 960 3284 Annoitaquelncarnationisllornini{079,indictione
1010 3214 1116 3286 scripta
1139 3217 1215 3280 suet,
1238 3212 1415 3268 Uticensibus
1439 3211 1588 3268 monachis
1613 3217 1823 3279 concesserunt,

149 3323 181 3377 n,
199 3321 275 3361 anne
294 3305 401 3361 scilicet
418 3322 464 3361 ιιι
481 3305 622 3362 Guillelmi
638 3306 743 3379 llagni,
759 3308 836 3379 regis
853 3309 959 3380 anglo·
1010 3306 1059 3378 qui
1070 3307 1133 3379 jam
1151 3322 1205 3379 per
1219 3306 1323 3361 multos
1338 3321 1429 3361 annes
1443 3304 1544 3363 eedem
1558 3306 1588 3362 in
1608 3322 1676 3378 pace
1691 3305 1822 3379 possede-

149 3416 215 3456 rum
230 3403 258 3454 et
271 3398 350 3454 ducis
362 3400 603 3465 Nermannerum,
617 3400 754 3471 prelatus
767 3400 918 3457 Gulbertus
933 3403 962 3457 ct
1009 3402 1086 3456 runt.
1113 3400 1249 3458 canonici
1275 3399 1381 3472 quippe
1410 3399 1557 3455 monachis
1584 3402 1733 3455 cesserunt
1759 3398 1824 3472 quie

150 3492 259 3549 Beatrix
276 3508 348 3548 uxor
363 3493 425 3564 ejus
444 3493 701 3565 suprascriptarum
716 3510 813 3550 rerum
828 3494 960 3551 donatio·
1009 3493 1128 3549 virtutes
1148 3508 1258 3562 eorum,
1276 3509 1347 3565 ques
1365 3493 1477 3566 assequi
1495 3492 1662 3566 nequibant,
1678 3493 1709 3549 in
1730 3494 1823 3550 omni·

148 3603 216 3643 nem
237 3604 322 3659 super
340 3587 427 3642 altare
449 3587 559 3642 Sancte
581 3587 674 3643 llarise
694 3593 863 3660 pesuerunt,
884 3590 960 3645 ethi
1010 3586 1062 3642 bus
1081 3587 1217 3643 excellere
1234 3587 1376 3643 viderunt.
1392 3587 1571 3643 Guinimarus
1589 3586 1667 3643 enim
1687 3589 1717 3643 et
1736 3586 1822 3644 Bene·

149 3683 217 3736 sunt
236 3685 322 3736 testes
343 3680 392 3752 qui
412 3683 567 3750 praesentes
587 3680 743 3737 adfuerunt
761 3699 768 3736 ι
790 3680 961 3738 Gislebertns
1011 3680 1112 3752 dictus,
1128 3686 1213 3752 atque
1224 3681 1360 3750 loannes,
1377 3680 1451 3736 illius
1465 3680 1563 3752 ipsius,
1576 3680 1726 3737 monachis
1739 3681 1825 3752 pluri·

150 3778 180 3830 et
196 3774 343 3843 Radnlius,
361 3773 520 3831 Gualtorius
534 3780 563 3829 et
580 3776 713 3844 loannes,
732 3778 857 3847 quatuor
875 3793 959 3832 cano·
1010 3775 1063 3830 bus
1080 3774 1161 3830 annis
1175 3774 1302 3830 comitati
1316 3777 1391 3844 suut,
1407 3774 1572 3846 morbisque
1587 3775 1706 3831 tandem
1724 3775 1823 3847 ingra-

150 3867 207 3922 nici
221 3866 347 3937 eJusdem
367 3866 512 3934 Ecclesioe3
530 3867 688 3922 Bernardes
704 3868 739 3924 de
754 3869 960 3925 Novellercato
1010 3868 1201 3939 vescentibus,
1225 3868 1415 3924 decesserunt.
1440 3867 1612 3924 Gislebertus
1638 3874 1750 3939 autem,
1777 3869 1826 3943 qui

150 3964 178 4013 et
197 3959 361 4015 Goislredns
380 3959 414 4013 de
429 3959 690 4032 Sancto-Dionysio,
711 3960 852 4017 Osbcreus
871 3963 961 4035 Capes
1010 3962 1093 4019 sociis
1115 3962 1248 4019 omnibus
1267 3961 1424 4035 sapientior
1442 3962 1596 4033 eminebat,
1615 3965 1646 4018 et
1664 3962 1825 4020 Gualterius

150 4057 180 4107 et
192 4052 335 4108 osbernus
349 4051 439 4119 Belle,
452 4053 620 4107 Eustachius
633 4053 667 4108 de
681 4053 814 4124 Csrquite
826 4058 854 4110 et
867 4057 962 4112 Euste-
1011 4056 1215 4112 monachatum
1236 4061 1337 4127 sponte
1361 4055 1519 4123 subierunt,
1541 4061 1569 4111 et
1591 4056 1825 4114 emendationem

150 4144 231 4201 chius
245 4146 280 4200 dc
294 4144 421 4212 Torccio,
434 4143 594 4200 Redbertus
607 4145 641 4200 de
655 4146 810 4217 Huglevilla
824 4153 853 4203 et
867 4150 960 4222 Rege·
1010 4151 1076 4206 vitae
1094 4149 1271 4221 pellicentes,
1285 4150 1346 4220 jam
1362 4149 1443 4205 senio
1457 4148 1541 4205 fracti
1554 4148 1763 4221 migraverunt.

150 4237 373 4305 riusdet’arce,
390 4237 479 4293 etalii
496 4236 589 4292 multi.
1046 4244 1125 4299 Nunc
1149 4242 1184 4299 de
1210 4243 1401 4314 generositate
1424 4242 1618 4316 Attagemium
1640 4243 1776 4314 hemum,
1798 4246 1826 4300 et

187 4331 313 4402 Denique
327 4330 461 4387 Grrlberto
475 4345 538 4386 xrrn
553 4331 613 4386 liat.
629 4331 803 4404 Septembris
816 4333 959 4405 delrmcto,
1011 4337 1136 4392 moribus
1145 4352 1246 4393 eorum
1261 4336 1329 4391 tibet
1340 4352 1493 4408 parumper
1504 4336 1650 4394 adnotare.
1661 4336 1824 4409 Gulbertus,

150 4430 180 4482 et
202 4443 219 4480 a
242 4424 396 4492 monacbis,
424 4441 496 4497 quos
522 4425 551 4480 in
577 4425 666 4482 tunde
691 4443 742 4482 sue
769 4418 1205 4502 constituerat,l)cognemente
1219 4429 1379 4485 Advocatus
1395 4430 1430 4486 de
1446 4430 1548 4486 Sancte
1563 4430 1722 4499 Gualerice,
1739 4431 1825 4487 tiliam

150 4519 358 4575 honorabiliter
378 4518 500 4590 sepulto,
520 4520 678 4576 Gualterius
696 4520 771 4576 tilius
789 4521 850 4592 ejus
870 4526 963 4594 pater·
1012 4523 1145 4580 Richardi
1158 4522 1237 4578 ducis
1256 4539 1373 4580 uxorem
1394 4523 1489 4591 duxit3
1507 4539 1540 4579 er
1559 4539 1617 4595 qua
1636 4524 1825 4593 bernardum,

151 4631 221 4669 num
237 4615 379 4669 honorem
398 4611 531 4681 obtinuit,
549 4619 577 4669 et
593 4613 697 4682 omnis,
714 4630 778 4686 quae
795 4621 875 4686 pater
894 4632 963 4671 snus
1012 4620 1124 4689 patrem
1137 4617 1270 4673 Gualterii
1283 4616 1317 4673 de
1330 4616 1602 4686 mneseemlerice,
1613 4618 1826 4675 etltichardum

149 4707 337 4779 hominesque
351 4706 412 4776 ejus
424 4708 531 4762 Sancta
544 4707 638 4763 llariae
651 4707 801 4778 dederant,
815 4709 962 4766 concessit.
1012 4710 1048 4765 de
1068 4709 1221 4782 lluglevilla
1244 4710 1354 4781 genuit.
1374 4709 1531 4766 llichardus
1553 4712 1649 4767 autem
1670 4710 1735 4767 duci
1756 4713 1824 4768 Nor·

150 4803 268 4872 lterum,
297 4806 424 4872 tempore
451 4798 588 4856 liodberti
614 4800 693 4856 decis
721 4802 961 4873 Nermannorum,
1012 4803 1144 4872 manniae,
1159 4804 1298 4859 avuncule
1311 4803 1444 4860 videlicet
1455 4819 1518 4873 sue,
1530 4803 1579 4859 diu
1592 4803 1736 4872 militavit,
1747 4806 1827 4878 atejus

149 4898 303 4967 postquam
322 4893 456 4963 deiciam,
476 4893 619 4949 ltebranni
633 4893 669 4950 de
684 4894 849 4952 Salcheville
862 4896 961 4966 tlliem,
1012 4896 1089 4953 done
1109 4897 1234 4953 nobilem
1254 4897 1356 4965 Adam,
1377 4896 1505 4953 llerluini
1525 4897 1600 4953 senis
1614 4897 1649 4954 de
1668 4899 1827 4971 llugtevilla

147 5003 267 5043 uxerem
295 4985 386 5055 duxit,
410 4987 498 5059 ipsius
524 4987 669 5056 instinctu,
695 4988 784 5060 patris
810 4995 838 5044 et
862 4990 962 5045 matris
1011 4991 1146 5059 relictam,
1162 5006 1227 5046 curn
1247 4995 1306 5047 tote
1324 4990 1499 5063 patrimonio
1517 4991 1579 5062 ejus
1599 4991 1718 5064 accepit.
1738 4992 1828 5049 llults

149 5080 358 5151 eleemosynam
370 5080 549 5136 concessione
559 5097 610 5137 sue
620 5082 806 5137 confirmavit.
818 5084 962 5140 Decimam
1011 5083 1154 5157 siquidem
1173 5084 1229 5140 dux
1244 5084 1285 5140 illi
1300 5084 1387 5152 dedit,
1403 5090 1432 5140 et
1447 5084 1537 5140 multo
1554 5084 1663 5157 majera
1680 5086 1825 5156 premisit,

147 5189 261 5245 queque
276 5172 379 5228 telonei
392 5173 427 5229 de
439 5174 550 5246 alfagio
562 5174 682 5246 addidit,
693 5178 723 5231 et
735 5191 783 5231 sex
793 5148 960 5250 burgenses,
1011 5184 1040 5234 et
1057 5177 1194 5250 premissa
1213 5178 1367 5235 liberaliter
1385 5177 1564 5250 complesset,
1581 5177 1604 5233 si
1624 5178 1774 5235 humiliter
1787 5178 1829 5236 illi

146 5282 303 5338 omnesque
321 5265 543 5323 consuetudines
563 5284 663 5324 comm
686 5271 835 5338 concessit,
856 5285 961 5344 eosque
1010 5271 1174 5329 famulando
1198 5271 1356 5345 placuisset.
1381 5272 1429 5328 llic
1451 5287 1538 5344 super
1560 5271 1672 5342 Sedam,
1696 5272 1727 5329 in
1751 5272 1826 5342 rico,

146 5359 260 5431 penitus
281 5358 321 5414 sic
338 5358 460 5415 absolvit
479 5364 510 5415 ut
531 5360 584 5417 sibi
602 5363 642 5417 nil
665 5361 701 5418 ab
723 5363 764 5418 eis
782 5363 887 5436 exigat,
907 5363 961 5420 nisi
1011 5366 1061 5438 qui
1078 5365 1148 5421 elim
1164 5364 1323 5422 isnellivilla
1342 5365 1503 5433 vecabatur,
1522 5364 1648 5437 burgum
1665 5366 1826 5437 constituit,

146 5452 282 5523 generale
296 5452 407 5509 comitis
419 5454 602 5510 Narmannia
615 5455 772 5513 servitium.
783 5457 882 5514 'lotam
895 5473 961 5516 rere
1011 5463 1041 5515 et
1055 5474 1106 5531 pre
1120 5458 1285 5516 imminenti
1297 5463 1396 5515 mente
1411 5458 1478 5513 altis
1493 5457 1566 5531 tagis
1578 5457 1671 5516 obsite
1682 5459 1829 5534 Almeinm

145 5561 250 5618 equam
266 5562 347 5603 susm
369 5545 406 5602 ad
425 5546 615 5620 piscationem
630 5550 743 5619 annuit,
757 5556 845 5624 prout
856 5568 961 5608 mona·
1010 5552 1196 5626 nuncuparit.
1207 5552 1296 5625 Leges
1305 5552 1392 5609 etiem
1406 5550 1646 5611 Cermeliensinm
1658 5552 1771 5611 celenis
1784 5552 1829 5612 in·

143 5636 205 5695 cbis
218 5638 343 5697 libuerit.
1010 5646 1085 5703 tulit.
1096 5646 1209 5703 ldititari
1221 5646 1365 5720 probitate
1377 5648 1408 5703 et
1418 5645 1531 5719 ingenti
1542 5644 1710 5707 tuentiute
1722 5648 1827 5723 viguit,

179 5735 287 5791 Preter
300 5733 372 5807 hec,
385 5733 480 5791 Aricia
492 5750 565 5792 uxor
579 5735 763 5808 ejrrs,emere
775 5737 958 5810 baltersem,
1010 5740 1086 5798 unde
1105 5738 1234 5797 hostibus
1247 5737 1437 5797 formidabilis
1453 5742 1484 5797 et
1500 5738 1575 5799 tldus
1591 5737 1694 5797 unuh
1705 5741 1825 5800 maius.
