3750 6046
142 183 202 239 ote
844 182 1005 242 enuntiet
1024 182 1157 241 virtuts
1778 184 1829 241 ιιι

151 308 282 360 mentum
307 304 336 358 in
362 303 486 361 culmine
512 303 687 377 prelationis
710 304 853 362 sublimati
883 311 962 378 sunt;
974 307 1110 410 Avidere
1132 304 1333 380 nequiverant.
1350 304 1430 366 circs
1451 306 1560 364 sextam
1578 321 1647 363 vero
1664 304 1767 362 horam
1786 321 1829 360 re·

151 403 192 466 ut,
204 399 272 454 dum
284 399 365 471 quasi
378 399 504 455 lucerne
517 399 813 471 supercandelabrum
825 400 963 470 lucerent,
1014 401 1134 473 sprcieus
1156 403 1220 472 post
1240 417 1282 470 se,
1303 400 1376 458 vidit
1395 400 1529 472 militem,
1549 400 1600 474 qui
1618 416 1687 458 eum
1705 405 1827 472 ceperat,

149 491 329 564 cupientibus
338 491 464 565 ingredi
487 492 604 548 domum
627 492 738 549 Domini
759 509 811 565 per
833 493 963 550 semitam
1012 493 1122 550 concito
1142 509 1225 550 cursu
1245 494 1421 550 venientem.
1441 494 1496 560 Qui
1516 510 1621 567 magno
1640 493 1747 550 timore
1767 508 1830 566 per·

147 584 265 656 justitie
280 585 392 642 aditum
408 587 507 643 salutis
520 587 713 642 ostenderent.
725 586 779 643 Sed
794 587 965 643 exteriorum
1013 587 1117 656 culsus,
1132 587 1208 644 inter
1222 588 1356 661 qondam
1370 588 1514 656 fruticeta,
1528 604 1593 661 qure
1612 603 1642 643 se
1658 587 1750 643 oculis
1768 586 1829 657 ejus

149 679 383 749 perturbationes
403 696 510 751 rerum,
529 696 593 752 quae
610 696 665 752 per
686 679 824 736 desidiam
846 696 895 737 seu
914 696 963 737 ne·
1013 680 1188 751 obtulerunt,
1205 686 1298 738 semet
1315 681 1448 738 occuluit.
1464 681 1592 755 Cumque
1611 679 1767 754 predictus
1780 679 1828 735 mi·

150 771 270 843 quitiam
291 773 468 829 secularium
488 772 650 845 principum
666 773 748 842 finnt,
765 772 859 829 ordini
879 773 966 829 eccie-
1013 774 1056 830 les
1073 789 1162 846 prope
1181 774 1318 830 eumdem
1338 775 1432 831 locum
1451 774 1623 844 advenisset,
1641 773 1831 845 interrogavit

151 865 262 922 siastico
278 868 308 921 et
319 866 408 938 rigori
423 865 579 922 monastico
594 866 738 922 multoties
756 866 964 938 impedimento
1012 866 1149 923 bubulcos
1165 868 1215 940 qui
1235 868 1344 924 ibidem
1367 869 1498 938 arabant,
1519 868 1542 923 si
1562 867 1712 924 bominem
1731 883 1830 940 quem

151 965 234 1026 suut;
250 959 326 1030 quod
346 974 456 1028 omnes,
470 958 520 1030 qui
539 958 570 1014 in
589 959 765 1015 Normannia
779 960 824 1015 vel
842 959 965 1015 confinio
1014 959 1078 1015 dam
1100 960 1258 1033 fugientem
1280 961 1427 1031 vidissent,
1450 961 1621 1034 promittens
1643 965 1703 1017 tres
1725 959 1830 1015 solidos

151 1053 213 1122 ejus
231 1052 364 1123 religioni
382 1051 489 1107 servire
510 1053 724 1124 concupierunt,
740 1058 871 1125 tempore
892 1052 966 1108 liod·
1014 1053 1056 1109 illi
1075 1053 1181 1127 absque
1206 1070 1286 1110 mora
1307 1072 1337 1110 se
1362 1055 1509 1124 daturum,
1527 1054 1575 1127 qui
1598 1053 1626 1110 ei
1647 1054 1828 1111 insinuasset.

148 1143 223 1199 berti
249 1143 329 1200 ducis
355 1150 383 1201 et
408 1145 532 1217 Philippi
558 1145 634 1218 regis
663 1147 853 1216 Francorum,
879 1145 965 1201 nirnis
1013 1149 1049 1202 tt
1070 1148 1122 1217 illi,
1148 1148 1249 1204 timore
1272 1148 1421 1216 admoniti,
1443 1147 1570 1221 quamvis
1594 1147 1677 1203 illum
1699 1148 1828 1215 scissent,

151 1237 260 1310 experti
273 1242 349 1293 sunt.
1014 1246 1191 1312 negaverunt
1214 1258 1243 1296 se
1271 1242 1354 1296 seire.
1379 1243 1507 1314 Cumque
1531 1241 1580 1296 illc
1604 1240 1771 1297 recessisset
1794 1241 1830 1297 de

184 1337 265 1388 Anno
287 1333 322 1388 ab
345 1332 543 1388 iucarnatione
567 1331 680 1389 Domini
704 1336 783 1403 toea,
807 1332 962 1390 indictione
1014 1334 1088 1402 loco,
1112 1333 1141 1389 in
1164 1350 1220 1407 quo
1247 1352 1276 1390 se
1302 1334 1475 1403 occuluerat,
1497 1334 1623 1406 captivus
1645 1333 1780 1401 surrexit,
1801 1338 1830 1388 et

148 1442 194 1493 rr,
222 1426 367 1492 ilenricur,
394 1426 538 1481 Guillelmi
566 1427 640 1499 regis
666 1425 750 1494 filius,
778 1427 963 1483 Dauirontem
1013 1427 1103 1483 iratus
1120 1426 1171 1482 uei
1188 1427 1329 1499 adjutorio
1346 1433 1374 1484 et
1390 1427 1468 1483 beati
1486 1426 1601 1496 Ebrulll,
1620 1426 1776 1483 incolumis
1793 1426 1829 1482 ad

149 1520 285 1592 oppidum
308 1519 410 1576 auxilio
433 1520 479 1575 llei
502 1519 693 1592 suffragioque
715 1521 873 1577 amicorum
893 1520 965 1577 obti-
1013 1536 1065 1575 sua
1077 1520 1224 1588 remeavit,
1238 1520 1396 1591 perdurans
1408 1519 1437 1575 in
1448 1536 1570 1594 corpore
1581 1536 1671 1592 usque
1682 1519 1719 1576 ad
1732 1524 1830 1576 nostra

148 1615 222 1682 nuit,
241 1619 270 1670 et
284 1613 349 1669 inde
366 1612 479 1669 fortiter
499 1613 710 1670 haereditarium
728 1615 776 1685 jus
796 1614 964 1671 calrrmniari
997 1617 1151 1685 ,tempora
1169 1614 1225 1670 lloc
1245 1630 1323 1682 vero,
1343 1613 1419 1687 quod
1438 1614 1599 1684 retulimus,
1617 1629 1651 1668 ex
1670 1613 1761 1685 ipsius
1780 1629 1828 1669 ore

149 1708 265 1780 sategit.
278 1708 351 1763 Nam
369 1707 458 1776 idem,
475 1706 544 1762 dum
557 1710 631 1763 esset
639 1706 747 1778 junior,
763 1724 822 1763 non
833 1711 865 1763 ut
877 1703 1002 1776 iraterB
1014 1706 1173 1776 didicimus,
1192 1709 1287 1779 eique,
1302 1707 1370 1782 qnia
1386 1706 1534 1780 legitimus
1551 1712 1580 1763 et
1593 1705 1746 1763 laudabilis
1764 1707 1828 1762 vitre

148 1816 165 1855 a
192 1801 328 1857 iratribus
354 1799 468 1856 babitus
491 1804 543 1869 est,
568 1799 618 1855 sed
644 1800 736 1872 magis
760 1804 790 1854 ut
818 1803 962 1869 externus,
1014 1805 1067 1868 est,
1083 1799 1143 1856 sine
1157 1801 1289 1873 scrupulo
1303 1800 1460 1858 credimus.

150 1899 326 1961 exterorum,
341 1893 371 1948 id
386 1897 430 1949 est
445 1895 618 1949 Francorum
635 1899 663 1949 et
680 1893 840 1962 Britonum,
857 1894 964 1949 auxilia
1013 1916 1076 1972 χιχ,
1092 1917 1227 1974 gemm
1243 1919 1380 1974 mmm-33„
1393 1917 1606 1989 Amanum,
1623 1916 1753 1973 dmum
1772 1918 1829 1973 „go

150 2002 277 2059 quaerere
295 1992 407 2043 coactus
422 1988 475 2056 est,
494 1992 522 2042 et
541 1986 669 2059 quinque
689 1987 771 2042 aunis
791 1985 964 2042 diversorum
1047 2011 1105 2060 rae,
1125 1997 1250 2068 Phiiippo
1273 1999 1436 2054 Francorum
1460 2000 1520 2067 regi
1541 1997 1632 2052 nubet.
1657 2027 1693 2037 -
1715 1996 1831 2051 usstass·

149 2082 303 2136 eventuum
315 2080 439 2136 motibus
451 2080 607 2136 admodum
619 2078 758 2151 fatigatus
770 2084 821 2135 est.
835 2079 963 2135 Tandem
1048 2076 1170 2132 moncia
1186 2076 1316 2148 reiigione
1336 2084 1362 2134 et
1381 2077 1506 2134 doctrino
1521 2077 1663 2148 pellentes.
1682 2104 1720 2118 -
1733 2075 1830 2133 llotito·

148 2173 344 2242 Dauirontani‚
360 2178 432 2230 nutu
445 2174 505 2242 bet,
519 2173 655 2229 erumnis
668 2176 729 2229 tam
741 2173 870 2245 praeclari
883 2189 964 2228 exau·
1048 2171 1173 2226 madenti
1187 2158 1340 2213 millium·

147 2265 182 2322 lis
197 2267 333 2339 compassi
351 2271 426 2335 sunt,
442 2272 471 2323 et
489 2267 582 2338 ipsum
601 2266 636 2321 ad
658 2281 688 2320 se
710 2265 744 2322 dc
762 2266 852 2321 Gallia
871 2283 963 2322 aecer·
1048 2267 1128 2323 Circa
1146 2268 1209 2325 haec
1228 2273 1359 2342 tempora
1376 2267 1560 2341 [emoleret
1574 2269 1605 2324 iu
1622 2283 1714 2341 reguo
1733 2267 1830 2325 Gallie

148 2359 235 2415 situm
252 2376 303 2433 per
321 2360 522 2416 llarocberium
543 2359 696 2415 honorifice
718 2364 913 2431 susceperunt,
935 2365 964 2416 et
1012 2359 1085 2416 ioeda
1103 2361 1227 2418 turbatio
1247 2366 1349 2418 exorta
1367 2368 1419 2418 est.
1435 2362 1573 2418 bertrada
1589 2362 1679 2430 enim,
1698 2361 1830 2434 Andaga-

149 2468 264 2509 excusso
283 2453 418 2511 liodberti
438 2453 474 2508 de
496 2454 633 2522 belesmo,
654 2470 671 2509 a
692 2470 749 2526 quo
770 2452 818 2508 diu
841 2454 963 2526 graviter
1012 2470 1111 2510 vorum
1133 2456 1286 2525 comitissa,
1305 2461 1436 2512 metuens
1458 2472 1493 2512 ne
1514 2455 1558 2512 vir
1579 2471 1646 2512 suus
1669 2456 1748 2528 quod
1769 2456 1829 2528 jam

149 2547 278 2619 oppressi
300 2547 422 2617 fuerant,
448 2546 585 2615 dominio,
609 2547 758 2603 ilenricum
780 2547 833 2603 sibi
857 2547 960 2620 princi-
1012 2547 1120 2603 duabus
1135 2549 1195 2604 aliis
1207 2549 1322 2619 iecerat,
1335 2549 1389 2606 sibi
1402 2550 1517 2618 iaceret,
1531 2553 1560 2605 et
1573 2549 1669 2606 relicta
1681 2552 1828 2622 contemp

147 2657 215 2715 pem
240 2641 456 2696 constituerunt.
481 2640 531 2695 llle
558 2657 625 2696 vero
651 2643 750 2696 contra
776 2641 960 2708 Rodbertum,
1011 2641 1054 2697 tui
1076 2658 1126 2698 seu
1147 2640 1201 2698 vile
1226 2647 1351 2699 scortum
1374 2642 1467 2713 fleret,
1488 2643 1601 2699 conscia
1622 2642 1780 2700 nobilitatis
1801 2645 1830 2698 at

147 2735 328 2792 Normanniae
341 2735 486 2804 comitem,
500 2734 621 2790 viriliter
633 2750 712 2790 arma
725 2735 854 2807 sumpsit,
868 2735 962 2791 incen·
1011 2734 1229 2806 pulchritudinis
1251 2751 1323 2807 sue,
1342 2735 1513 2791 ildissimum
1534 2736 1661 2808 legatum
1682 2736 1828 2808 Philippo,

147 2829 202 2885 diis
220 2835 249 2883 et
264 2829 370 2900 rapinis
390 2827 563 2900 expulsionis
577 2843 635 2883 sue
650 2828 784 2898 injuriam
798 2828 960 2896 vindicavit,
1010 2828 1072 2899 regi
1093 2829 1274 2897 Francorum,
1297 2829 1459 2900 destinavit,
1482 2829 1567 2902 eiquo
1590 2830 1667 2902 quod
1690 2829 1720 2885 in
1742 2830 1827 2886 corde

148 2923 312 2994 multosque
332 2921 407 2994 cepit
426 2924 455 2976 et
473 2921 579 2977 carceri
599 2921 782 2993 manciparit.
799 2924 875 2978 luter
888 2922 959 2990 bae,
1011 2920 1157 2989 tractabat,
1174 2922 1322 2977 evidenter
1340 2923 1502 2979 notificavit.
1518 2922 1640 2979 ltalebet
1657 2923 1738 2979 enim
1755 2923 1828 2979 ultro

147 3016 216 3071 dum
237 3014 391 3088 quemdam
414 3014 571 3082 bominem,
595 3014 712 3070 nomine
735 3015 903 3084 Rualedum,
925 3016 960 3071 de
1009 3013 1102 3071 virum
1119 3015 1293 3088 relinquere,
1308 3015 1454 3089 aliumque
1471 3022 1619 3090 appetere,
1635 3032 1725 3090 quam
1738 3034 1756 3073 a
1768 3017 1826 3073 viro

146 3113 223 3164 terra
237 3107 266 3164 S.
286 3107 391 3164 Ehrulii
411 3108 539 3181 cepisset,
555 3108 633 3181 apud
653 3108 838 3165 llanirontem
859 3109 959 3166 castel·
1010 3107 1145 3180 relinqui,
1171 3109 1357 3182 omniumque
1383 3115 1483 3182 patere
1512 3111 1668 3183 despectui.
1699 3111 1826 3185 lienique

146 3203 206 3258 lum
229 3201 368 3274 deposuit.
390 3201 441 3267 Qui
464 3217 530 3257 cum
552 3201 665 3257 sederet
687 3202 723 3258 ad
745 3201 838 3258 locum
857 3202 960 3276 (biems
1010 3201 1104 3257 mollis
1123 3202 1265 3275 princeps,
1285 3210 1430 3275 comperta
1451 3203 1559 3260 lascivae
1579 3205 1709 3262 mulieris
1729 3206 1827 3262 rotun·

147 3296 224 3353 enim
245 3294 326 3368 erat),
346 3312 411 3350 cum
430 3294 563 3367 lacrymis
577 3295 606 3351 S.
623 3296 770 3352 Ebrulfum
787 3296 871 3369 coepit
885 3296 961 3352 iuro·
1010 3298 1078 3365 tate,
1101 3295 1210 3368 flagitio
1236 3297 1388 3366 consensit,
1411 3297 1573 3371 ipsamque,
1599 3298 1699 3356 relicto
1726 3300 1827 3357 marite

34 3383 37 3386 ’
145 3406 210 3446 care
235 3405 268 3446 ac
293 3389 387 3445 dicere
411 3407 419 3446 r
445 3409 460 3440 «
482 3390 622 3461 Deprecor
648 3393 686 3456 te,
710 3393 807 3446 sancte
835 3389 959 3459 librulle,
1009 3389 1111 3445 Gallias
1137 3392 1332 3462 expetentem,
1359 3407 1424 3447 enm
1449 3391 1554 3464 gaudio
1579 3394 1716 3465 suscepit
1741 3395 1825 3450 Porro

145 3484 236 3540 amice
257 3483 318 3552 liei,
339 3486 372 3538 ut
391 3499 438 3539 me
459 3483 494 3539 de
514 3483 569 3538 ista
587 3483 752 3555 captivitate
771 3483 885 3556 eripias.
900 3483 961 3539 Seis
1010 3497 1179 3554 generosam
1193 3488 1222 3539 et
1235 3484 1403 3556 religiosam
1423 3484 1575 3557 conjugem
1593 3489 1825 3557 arembertum,

146 3578 225 3633 enim
241 3577 309 3649 quia
322 3592 436 3649 semper
447 3576 500 3633 tibi
511 3576 634 3633 fideliter
646 3577 795 3633 deserviri.
807 3599 822 3629 s
833 3580 961 3650 Cumque
1010 3575 1114 3631 nobilis
1135 3576 1272 3632 Florentii
1292 3576 1371 3632 ducis
1390 3577 1553 3634 Fresiouum
1570 3577 1673 3649 filiam,
1694 3595 1762 3652 quae
1778 3580 1827 3636 Ln-

144 3672 207 3728 hrec
221 3671 346 3740 dixisset,
361 3671 455 3726 subito
468 3670 650 3727 obdormivit.
1011 3668 1141 3724 doricum
1163 3675 1192 3724 et
1213 3670 1408 3726 Constantiam
1430 3673 1515 3727 enixa
1535 3672 1629 3729 iuerat
1649 3672 1689 3743 ai,
1710 3673 1826 3740 dimisit,

181 3764 419 3836 Eteccequidam
433 3780 553 3820 manum
565 3764 627 3836 ejus
637 3764 866 3837 apprehendens,
877 3765 962 3836 coepit
1011 3766 1040 3817 et
1061 3762 1235 3831 bertradam,
1256 3779 1321 3835 quae
1341 3764 1403 3819 iere
1425 3769 1549 3836 quatuor
1569 3765 1653 3822 annis
1672 3782 1741 3822 cum
1767 3767 1825 3823 Ful·

147 3872 214 3914 eum
236 3858 362 3914 trabere.
383 3859 461 3913 Tunc
484 3857 709 3930 expergefaetus,
730 3858 819 3913 sensit
841 3858 960 3914 omnino
1010 3871 1082 3911 cone
1098 3855 1298 3928 andegavensi
1316 3856 1464 3914 demorata
1482 3858 1584 3926 iuerat,
1602 3859 1657 3915 sibi
1676 3859 1825 3933 copularit

146 3953 275 4008 dolorem
290 3951 325 4008 de
340 3967 460 4023 corpore
475 3967 526 4006 suo
539 3950 695 4006 recessisse.
709 3951 776 4005 Erat
789 3951 867 4006 enim
880 3950 960 4007 valde
1010 3949 1080 4018 Odo,
1102 3949 1260 4021 bajocensis
1280 3949 1439 4023 episcopus,
1461 3952 1535 4008 bane
1554 3952 1764 4011 exsecrandam
1783 3954 1827 4010 de

146 4044 318 4111 debilitatus,
338 4044 368 4099 in
388 4047 500 4099 mutum
524 4047 556 4099 ut
574 4059 627 4098 nec
648 4043 683 4099 de
703 4044 765 4099 loco
784 4043 892 4115 absque
915 4045 962 4100 ad·
1010 4043 1222 4115 sponsationem
1235 4043 1311 4114 iecit,
1327 4044 1452 4118 ideoque
1470 4045 1546 4103 dono
1563 4047 1665 4103 moeebi
1679 4047 1761 4121 regis
1777 4063 1825 4120 pro

142 4137 250 4208 jutorio
272 4136 387 4192 alterius
408 4153 523 4193 morere
546 4153 576 4192 se
598 4141 701 4208 posset.
722 4136 872 4194 Ceciderat
893 4153 960 4193 vero
1010 4136 1276 4208 recompensatione
1297 4136 1413 4194 infausti
1436 4139 1600 4208 famulatus,
1622 4140 1758 4198 ecclesias
1777 4141 1828 4198 aa·

144 4232 176 4287 ln
200 4231 301 4286 itinere
325 4230 361 4286 de
382 4230 526 4302 jumento,
550 4247 638 4303 super
661 4229 737 4301 quod
763 4230 869 4303 ligatus
890 4235 958 4286 erat.
1010 4229 1087 4285 danti
1105 4229 1203 4302 oppidi
1220 4229 1387 4302 aliquandiu
1402 4231 1512 4288 habuit.
1529 4233 1627 4289 Nullus
1640 4233 1723 4291 anim
1744 4235 1829 4291 Fran·

145 4323 244 4397 ltaque
257 4323 341 4396 coepit
356 4323 431 4379 intro
450 4324 635 4397 semetipsum
655 4324 781 4397 cogitare
800 4324 870 4397 quid
891 4340 959 4396 age·
1010 4337 1109 4378 corum
1122 4323 1277 4396 presulum
1291 4324 1493 4381 exsecrabilem
1506 4326 1757 4384 consecrationem
1770 4327 1829 4399 dig·

144 4424 199 4488 ret,
212 4418 357 4491 quomodo
370 4418 405 4474 de
421 4417 506 4474 domo
520 4418 618 4490 egredi
632 4423 737 4489 posset.
752 4418 867 4474 Viderat
881 4418 1092 4512 enimDnatus
1112 4421 1155 4473 est
1173 4418 1277 4490 iacere,
1298 4418 1347 4475 sed
1368 4418 1399 4474 in
1421 4418 1517 4492 rigore
1538 4424 1645 4478 stantes
1668 4420 1828 4478 eccelesias-

145 4513 222 4588 quod
244 4513 335 4582 miles,
356 4511 406 4585 qui
426 4527 493 4568 aum
515 4511 622 4567 ibidem
646 4512 823 4584 deposuerat,
843 4513 958 4581 ostium,
1009 4511 1071 4567 iieae
1088 4510 1276 4581 rectitudinis,
1292 4514 1349 4569 Deo
1365 4513 1458 4586 magis
1472 4530 1560 4588 quam
1579 4513 1694 4570 bomini
1714 4515 1827 4572 studue-

145 4623 198 4682 per
224 4607 299 4680 quod
324 4606 415 4663 exitus
438 4606 469 4661 in
498 4606 614 4662 hortum
641 4604 766 4677 patebat,
790 4605 869 4661 valde
893 4622 959 4662 eum
1008 4609 1076 4659 runt
1087 4605 1211 4676 placere,
1223 4611 1252 4661 et
1262 4623 1363 4662 omnes
1377 4614 1490 4680 turpem
1504 4607 1636 4681 copulam
1648 4608 1827 4665 unanimiter

146 4717 237 4758 cuneo
257 4700 441 4756 obfirmasset.
457 4698 563 4756 Tamen
584 4697 736 4770 assumptis
756 4699 861 4755 viribus
880 4699 958 4769 tidei,
1009 4697 1140 4754 detestati
1161 4703 1228 4755 sunt
1243 4699 1306 4772 pari
1319 4701 1514 4757 anathemate.
1528 4701 1573 4757 Sic
1586 4702 1721 4774 petulans
1736 4704 1827 4775 pellex

146 4796 263 4852 accessit
288 4794 324 4849 ad
350 4794 465 4864 ostium,
492 4797 522 4849 et
550 4808 638 4849 manu
660 4793 831 4865 repagulam
857 4792 958 4848 tenuit.
1009 4791 1169 4848 adulterum
1180 4793 1312 4850 comitem
1322 4794 1448 4866 reliquit,
1458 4795 1646 4869 adulteroque
1659 4796 1723 4869 regi
1738 4812 1826 4870 usque

144 4889 233 4957 Tunc,
256 4889 365 4944 mirum
388 4886 482 4944 dictui
505 4902 624 4954 cuneus,
648 4886 698 4958 qui
720 4885 834 4942 fortiter
856 4885 959 4942 intlxns
1009 4884 1046 4941 ad
1062 4890 1185 4941 modam
1198 4887 1402 4958 ejusadbrasit.
1416 4887 1614 4944 abominabile
1627 4887 1739 4946 crimen
1756 4906 1824 4947 moe·

144 4983 254 5051 luerat,
286 4982 323 5037 ad
352 4987 459 5038 terram
490 4980 602 5037 decidit.
635 4981 682 5036 llle
712 4995 795 5049 vero,
827 4980 960 5053 aperiens
1009 4977 1080 5035 chiae
1101 4979 1132 5035 in
1154 4981 1222 5037 solio
1245 4981 1326 5053 regni
1346 4981 1453 5052 Gallia,
1474 4982 1546 5054 proh
1566 4982 1664 5039 dolori
1683 4989 1826 5057 perpetra

146 5076 261 5144 ostium,
285 5075 413 5147 pervenit
434 5074 471 5130 ad
495 5074 603 5131 exitum
625 5074 742 5142 hortuli,
763 5081 792 5129 et
810 5074 958 5146 aspiciens,
1008 5076 1070 5129 tum
1083 5078 1134 5129 est.
1149 5073 1229 5130 Unde
1246 5074 1323 5130 inter
1340 5075 1492 5147 opulentos
1506 5075 1607 5131 rivales
1621 5075 1771 5134 minarum
1786 5077 1826 5135 iu-

144 5168 357 5226 tuultitudinem
372 5168 573 5224 militumante
587 5184 617 5223 se
631 5167 660 5222 in
675 5167 768 5238 platea
783 5166 852 5222 vidit
865 5168 957 5223 consi·
1009 5181 1080 5238 gens
1100 5168 1238 5224 tumultus
1257 5172 1287 5225 et
1307 5169 1476 5242 praeliorum
1498 5173 1616 5226 conatus
1636 5174 1755 5227 exortus
1775 5175 1826 5227 est.

145 5265 230 5330 stare,
242 5264 272 5317 et
285 5261 443 5318 extendens
455 5277 572 5317 manum
586 5261 689 5318 dixisse
700 5261 793 5316 fertur
807 5277 813 5316 :
829 5281 844 5312 ι
858 5260 959 5317 Sancte
1008 5261 1113 5317 Verum
1133 5262 1290 5334 versipellis
1309 5262 1412 5319 mulier
1433 5262 1509 5320 iuter
1525 5263 1628 5320 rivales
1649 5265 1827 5323 simultatem

143 5352 268 5424 Ebrulle,
289 5354 385 5410 ducito
404 5370 460 5411 me.
482 5375 495 5405 a
516 5354 619 5427 sicque
641 5358 673 5410 ut
691 5358 762 5423 erat,
778 5353 863 5410 nudis
880 5354 961 5427 pedi·
1008 5357 1193 5428 compescuit,
1212 5355 1387 5430 ingenioque
1407 5372 1459 5413 suo
1480 5357 1511 5413 in
1530 5360 1640 5414 mutam
1659 5373 1761 5430 pacem
1779 5374 1827 5416 eos

142 5447 206 5518 bus,
225 5448 301 5504 linea
321 5450 434 5503 tantum
455 5452 541 5521 atque
564 5447 650 5520 pallio
673 5447 803 5516 amictus,
826 5463 880 5520 per
902 5462 961 5503 me·
1008 5449 1229 5522 compaginavit,
1251 5454 1284 5505 at
1304 5450 1487 5523 splendidum
1510 5451 1552 5508 eis
1572 5450 1736 5509 convivium
1757 5468 1829 5526 pras-

144 5541 206 5600 dias
226 5541 302 5598 acies
323 5540 463 5610 transivit,
487 5557 519 5597 ac
541 5541 564 5596 si
583 5541 677 5597 oeulos
700 5556 759 5598 non
780 5539 957 5597 habuissent.
1007 5545 1133 5615 pararet,
1156 5548 1185 5598 et
1207 5545 1284 5616 apte,
1307 5546 1395 5617 prout
1416 5544 1526 5617 placuit
1546 5542 1612 5613 illis,
1633 5544 1824 5605 ιιιιιιιιηιιι

143 5634 243 5694 Nullus
261 5634 340 5692 euim
358 5649 425 5691 enm
448 5633 634 5705 interrogarit
654 5635 718 5707 quis
737 5636 821 5703 esset,
841 5635 885 5689 vel
903 5650 960 5707 quo
1010 5635 1141 5692 Urbanus
1157 5652 1230 5709 papa
1249 5636 1361 5710 legatos
1380 5637 1542 5711 apostolicas
1558 5636 1635 5695 sedis
1653 5636 1686 5695 in
1705 5638 1827 5697 Galliam

142 5730 285 5803 tenderet.
304 5729 376 5785 Puto
399 5727 477 5801 quod
500 5727 603 5784 virtute
623 5725 794 5784 sanctissimi
816 5726 868 5783 riri
893 5743 960 5784 eum
1010 5726 1172 5799 destinavit,
1188 5744 1242 5803 per
1255 5729 1390 5804 epistolas
1403 5734 1433 5788 et
1448 5729 1631 5789 meardotum
1647 5730 1829 5809 predicto·
