3750 6046
87 210 139 269 783
772 199 935 265 Oitilssithl
954 199 1082 263 ttrntts
1714 195 1762 257 tet

87 335 123 391 de
142 334 284 390 thesauris
299 331 357 388 suis
375 331 436 404 jam
456 328 534 404 larga
550 329 716 389 Christianis
737 331 810 387 ultro
830 331 904 387 dona
915 333 996 415 Aeol
1012 347 1019 385 ι
1036 329 1140 389 Nobilis
1152 330 1238 399 uirgo,
1260 341 1321 398 puae
1341 323 1417 382 uobis
1436 323 1526 381 adbuc
1545 338 1661 395 papium
1674 338 1708 380 ee
1722 325 1765 378 in·
1809 296 1816 317 ⁴

89 426 236 500 erogabat.
266 426 396 499 Captivos
420 442 532 499 queque
561 442 612 498 per
636 428 728 481 totam
754 425 902 498 regionam
953 428 1059 495 sperato
1077 425 1144 479 mire
1166 422 1401 491 subsecutione
1421 421 1564 475 Dominum
1582 418 1675 473 lesum
1697 419 1768 472 omni

88 539 171 577 suam
183 537 284 577 omnes
294 520 408 576 liberari
424 519 614 592 praecipiebat.
629 519 738 576 obnixe
750 535 816 576 vero
828 534 904 591 qua·
950 520 1100 594 parentele
1122 526 1175 576 tue
1194 518 1346 591 prudenter
1367 517 1555 589 preposuisti,
1578 521 1605 572 et
1628 517 1718 587 ipsum
1737 518 1766 569 in

88 618 203 686 rantur,
217 615 325 672 inventi
340 613 529 680 adducuntur,
544 630 561 667 a
574 613 743 669 balimanno
757 613 831 669 bene
844 628 904 669 verr
954 620 1046 690 nobis,
1070 621 1118 690 qui
1138 618 1257 674 membra
1279 621 1304 673 el
1326 617 1429 686 famuli
1449 616 1508 686 ejus
1531 628 1624 670 monus
1649 613 1768 681 benigni·

89 709 210 780 liuntur,
226 715 255 766 et
273 707 443 764 buamundo
465 707 625 764 traduntur.
646 707 689 762 lib
705 707 754 763 illo
774 706 903 779 prounus
955 718 995 769 ter
1006 714 1110 781 seculi,
1123 715 1150 767 et
1160 711 1223 767 inde
1240 713 1329 782 patris
1342 712 1414 766 iram
1431 724 1498 780 pene
1513 723 1598 780 usque
1615 709 1648 762 irs
1661 708 1767 778 pericu·

90 802 287 876 compatriotis
304 800 480 858 associantur
495 817 528 856 ao
544 817 596 873 par
613 800 726 857 diversa
743 799 836 856 oiticia
857 799 904 856 de
954 806 1010 861 lum
1029 808 1122 862 mortis
1143 805 1295 868 manuari,
1315 804 1383 873 elipe
1400 802 1434 858 de
1452 802 1529 858 nobis
1544 814 1675 873 spousmu
1692 814 1769 871 mene

89 899 244 971 putantur,
268 896 304 952 ad
330 897 518 967 augmentum
545 897 576 951 et
599 895 719 951 tutelam
745 894 903 965 sociorum,
952 900 1068 956 uolueis
1082 901 1112 954 in
1127 900 1234 955 minine
1255 897 1367 955 Christi.
1390 898 1452 955 Noa
1473 897 1544 952 enim
1561 898 1667 950 rectum
1685 898 1724 948 est
1741 896 1770 947 ut

89 990 274 1064 usquelibet
295 988 422 1061 maligno
445 987 615 1045 deludantur
633 987 806 1061 sophismate
820 1004 905 1060 paga·
947 992 1031 1063 iustis
1049 993 1226 1065 petitionibus
1250 992 1302 1047 turs
1325 992 1498 1061 aliquatenus
1520 990 1704 1051 emittamus,
1729 987 1772 1041 cui

91 1101 205 1141 norum.
952 1087 1129 1149 uehementer,
1144 1088 1248 1142 aseritis
1263 1087 1317 1141 tuis
1327 1083 1550 1156 praecedentibus,
1570 1081 1707 1137 debitores
1724 1094 1769 1135 su·

128 1177 284 1235 Richardus
297 1182 326 1234 et
339 1176 442 1247 Seruis,
457 1181 656 1233 consummata
670 1175 824 1248 legatione,
840 1178 905 1247 post
953 1196 1021 1238 mus.
1048 1182 1081 1236 ln
1105 1181 1203 1252 primis
1226 1195 1314 1236 meum
1336 1193 1409 1234 nunc
1431 1177 1499 1233 audi
1519 1175 1676 1237 comitium,
1700 1174 1772 1245 quod

91 1289 126 1331 xv
147 1272 208 1328 dies
229 1271 334 1328 reversi
356 1273 433 1342 sunl,
455 1276 484 1327 el
509 1270 653 1342 copiosam
676 1269 905 1327 Christianorum
954 1276 1012 1341 tibi,
1026 1274 1112 1330 dubis
1125 1276 1223 1337 arnico,
1239 1288 1315 1345 spero
1325 1274 1485 1343 praticorum.
1499 1271 1571 1326 blilss'
1585 1268 1710 1341 quidem,
1726 1269 1771 1336 sa-

91 1365 223 1423 militiam
233 1366 424 1421 adduxeruut.
436 1364 514 1430 Quos
524 1363 708 1420 Dalimaunus
718 1380 784 1418 cum
793 1363 905 1436 ingenti
954 1373 1020 1432 teor,
1035 1385 1052 1424 a
1066 1373 1111 1423 tuo
1125 1367 1192 1423 data
1205 1383 1232 1422 es
1246 1368 1384 1437 genitores
1398 1365 1445 1421 sed
1458 1368 1521 1437 opto
1534 1364 1585 1419 tibi
1599 1362 1699 1418 utilius
1713 1377 1773 1432 pro.

88 1460 174 1533 jussit
187 1476 288 1517 omnes
297 1459 407 1515 honore
418 1458 514 1531 recipi,
529 1461 558 1514 et
571 1456 716 1514 uberrima
730 1456 795 1528 iilis,
809 1473 906 1513 secum
952 1462 1054 1527 uideo,
1068 1467 1094 1517 et
1107 1460 1241 1517 subtiliter
1253 1460 1321 1516 audi
1330 1475 1382 1530 pro
1400 1474 1456 1529 quo
1473 1460 1591 1515 ratione.
1606 1456 1651 1514 Ab
1665 1454 1771 1511 adoles·

92 1554 163 1611 dum
184 1553 256 1610 ritus
278 1551 393 1626 patrios,
414 1551 532 1610 obsonia
554 1550 722 1624 praeparari,
736 1555 765 1607 et
782 1566 905 1623 quaeque
955 1557 1045 1612 centio
1058 1571 1119 1612 mea
1134 1555 1298 1626 irrequietus
1317 1554 1394 1609 borno
1407 1568 1479 1616 sum,
1497 1557 1524 1609 et
1534 1553 1565 1606 in
1578 1551 1722 1607 tuberibus
1736 1551 1774 1605 oi-

91 1647 148 1705 illis
168 1647 325 1705 necessaria
343 1648 437 1703 essent
455 1645 609 1702 affluenter
626 1644 723 1701 tribon.
737 1645 814 1701 Tunc
837 1647 906 1701 Bua·
954 1665 1027 1716 oens,
1048 1650 1135 1705 ruulta
1155 1650 1253 1719 procusa
1269 1661 1413 1719 perpessus
1429 1661 1497 1709 sum,
1516 1646 1647 1716 praviora
1666 1630 1778 1715 quoque

92 1741 219 1799 muudus
230 1745 259 1798 et
275 1739 458 1797 helimannus
471 1746 639 1814 perpetuam
659 1738 735 1794 inter
755 1755 785 1795 se
805 1712 944 1811 pacemB
956 1743 1045 1798 adbuc
1060 1744 1137 1798 timeo
1153 1756 1309 1813 murum.
1328 1742 1399 1799 uam
1418 1740 1488 1794 milri
1505 1742 1640 1795 cetomeu
1659 1742 1700 1793 est
1714 1752 1774 1792 curn

91 1834 287 1903 firmaverunt,
299 1834 448 1907 tribusque
462 1833 564 1889 diebus
578 1836 788 1904 competentem
807 1831 862 1888 illis
875 1832 905 1888 in
954 1839 1116 1909 imperatore
1133 1841 1234 1892 etcum
1249 1836 1370 1906 paganis
1386 1833 1516 1904 undipuc.
1531 1834 1774 1889 matermortua

92 1929 226 1986 omnibus
246 1930 413 2001 apparatum
435 1928 677 2000 praeparaverunt.
703 1925 809 1981 Deinde
832 1927 903 1982 Bua-
955 1933 1017 1986 ueui
1028 1931 1147 1993 bamma,
1168 1944 1325 1985 cumessam
1342 1930 1372 1983 in
1388 1942 1502 1990 carcere,
1517 1925 1627 1997 quodsi
1642 1924 1775 1980 liberarer

92 2024 218 2081 mundus
232 2026 262 2079 et
273 2021 432 2079 Richardus
443 2025 472 2076 et
483 2019 641 2092 concaptivi
652 2036 752 2076 eorum
765 2019 800 2075 de
814 2018 904 2092 capli-
956 2024 991 2079 ab
1012 2022 1176 2079 comicorum
1196 2022 1339 2094 ligamine,
1358 2023 1425 2077 irem
1444 2020 1483 2076 od
1504 2019 1636 2076 Sanctum
1656 2021 1775 2076 lamor-

92 2119 181 2174 ritate
191 2115 248 2173 laeti
260 2115 400 2183 exierunt,
410 2117 449 2183 et,
461 2114 532 2169 sicut
542 2112 696 2170 zorobabel
707 2112 906 2184 etNehemias,
956 2117 1031 2181 dura,
1045 2119 1093 2188 qui
1106 2122 1144 2173 est
1156 2117 1324 2188 inpartibus
1336 2115 1505 2185 Aquitania.
1519 2116 1575 2170 llos
1588 2113 1775 2169 maiorm

92 2210 243 2269 bominum
257 2211 345 2266 mrim
357 2208 442 2264 lsrael
453 2207 671 2263 benedixerunt.
682 2206 758 2272 Quos
768 2206 907 2262 Daliman·
956 2212 1032 2267 elicio
1043 2211 1094 2266 tibi
1107 2212 1255 2267 cesincera
1267 2209 1419 2276 dilectione,
1430 2210 1497 2279 quta
1509 2207 1571 2262 nolo
1582 2212 1606 2263 tc
1612 2207 1680 2277 plus
1692 2221 1775 2277 ouem

93 2321 148 2362 nus
167 2307 196 2361 el
213 2302 365 2375 optimates
384 2302 456 2374 ejus,
471 2300 653 2369 exsultantes,
669 2299 736 2373 quia
754 2303 785 2356 et
804 2300 857 2373 ipsi
872 2299 907 2356 de
954 2304 1041 2375 tiliam
1064 2304 1108 2359 uel
1131 2318 1247 2359 sororem
1269 2318 1356 2358 meam
1380 2301 1498 2372 quolibet
1519 2300 1597 2356 ruodo
1620 2299 1775 2356 desolatam

94 2398 217 2455 claustro
235 2397 407 2465 relaxantur,
427 2393 589 2467 aliquandiu
603 2392 809 2462 conduxerunt,
828 2394 906 2450 irau·
955 2397 1056 2462 uidere,
1073 2413 1120 2453 nec
1138 2397 1260 2467 conjupii
1277 2397 1402 2468 copulam
1422 2397 1501 2459 inire,
1516 2394 1591 2450 unm
1608 2393 1695 2465 poulo
1714 2397 1776 2466 post

94 2492 226 2548 dulantur
245 2492 354 2558 tamen,
373 2487 439 2561 quia
454 2488 545 2544 obiter
558 2486 687 2560 quolibet
704 2487 792 2543 modo
810 2487 906 2543 Chris·
954 2493 1087 2562 peniteat
1104 2496 1138 2547 te.
1156 2491 1221 2558 Quae
1239 2491 1346 2554 laetitia,
1362 2504 1408 2546 seu
1424 2489 1566 2545 delectatio
1590 2487 1641 2543 tibi
1659 2493 1729 2543 esset
1747 2491 1777 2543 s'a

94 2586 185 2642 tianos
203 2584 305 2640 loedere
324 2581 479 2640 machinati
500 2586 574 2637 siant.
596 2580 663 2650 Sed,
681 2581 737 2637 Deo
756 2598 820 2636 suos
844 2597 908 2653 pro·
958 2589 1050 2641 nostra
1067 2585 1245 2657 copulatione,
1260 2584 1325 2639 dnm
1341 2585 1435 2640 statim
1447 2589 1507 2655 post
1521 2583 1635 2654 nuptias
1652 2586 1777 2654 oportesd

95 2683 220 2751 tegente,
233 2693 291 2733 non
304 2678 469 2749 potuerunt.
483 2677 553 2732 Nam
568 2673 668 2731 fideles
684 2674 829 2730 basidem
843 2690 906 2729 me·
957 2696 998 2736 mo
1012 2695 1065 2750 per
1079 2680 1194 2750 potorque
1211 2683 1237 2734 at
1256 2695 1324 2733 saroa
1343 2679 1500 2733 immensum
1514 2679 1568 2733 iter
1588 2678 1671 2740 inire,
1694 2682 1723 2732 et
1746 2679 1776 2731 in

93 2771 223 2840 luebant,
236 2771 356 2843 ideoque
376 2768 479 2825 armati
496 2771 524 2824 et
540 2767 620 2840 quasi
637 2767 673 2823 ad
688 2767 795 2823 bellum
816 2767 908 2839 parati
958 2773 1136 2843 longinquom
1155 2788 1265 2844 peregre
1285 2773 1420 2844 proficisci
1436 2773 1584 2840 cepionem,
1604 2785 1694 2842 prope
1710 2771 1777 2840 stoa

94 2865 301 2939 procedebant,
318 2862 430 2920 obsides
445 2877 560 2935 qitoque
574 2861 742 2932 securitatis,
759 2860 851 2918 donec
871 2860 907 2916 ad
960 2868 1058 2922 term?
1073 2868 1120 2922 llis
1131 2867 1286 2938 perspectis,
1301 2865 1422 2928 domina
1442 2865 1510 2934 elige
1528 2863 1579 2919 tibi
1595 2863 1630 2920 de
1647 2864 1778 2935 pluribus

95 2965 157 3017 tuta
172 2975 237 3033 quae
249 2958 436 3014 decreverant
448 2956 508 3012 loca
522 2955 713 3028 pervenirent,
728 2954 832 3011 obnixe
847 2971 906 3012 ser·
956 2961 1079 3016 meliora.
1106 2962 1170 3016 Ecce
1192 2960 1333 3028 hogerius,
1354 2958 1488 3016 Richardi
1504 2958 1640 3030 prindpis
1663 2957 1776 3021 soboles,

95 3054 209 3109 rabant.
237 3052 360 3110 Tandem
386 3049 570 3106 balimannus
597 3067 614 3104 a
641 3048 839 3106 confederatis
862 3065 906 3105 re·
958 3055 1132 3110 consobrinus
1150 3069 1234 3117 meus,
1256 3058 1294 3109 est
1314 3069 1355 3110 me
1369 3052 1466 3123 jonim
1484 3056 1572 3119 aetate,
1589 3052 1777 3108 eccellensoe·

94 3145 212 3204 meandi
223 3143 367 3201 licentiam
378 3146 411 3199 ul
419 3142 527 3199 amicus
540 3141 701 3214 requisivit;
713 3159 770 3215 qua
780 3147 907 3215 accepta,
958 3153 1077 3213 nectale,
1098 3163 1155 3219 por
1178 3148 1333 3212 nobilitate,
1355 3147 1460 3202 diuitiis
1480 3149 1506 3204 et
1524 3150 1669 3218 potestate.
1699 3146 1778 3201 listas

95 3244 213 3299 moestus
235 3239 311 3312 quod
333 3238 373 3295 eis
397 3236 475 3294 nulio
496 3236 671 3309 sophismate
690 3235 719 3292 in
739 3236 785 3292 via
806 3252 908 3293 nocere
959 3243 1041 3298 mado
1053 3247 1086 3297 ut
1097 3244 1226 3298 mantuus
1238 3241 1347 3305 labeas,
1359 3246 1386 3297 et
1400 3247 1462 3313 opto
1476 3246 1578 3297 nteurn
1590 3239 1684 3298 eodem
1697 3239 1778 3312 toaoo

95 3333 245 3408 potuisset,
265 3332 360 3388 rediit.
960 3337 1173 3409 temporeuiuas.

132 3427 251 3484 Provida
270 3427 354 3482 ltelaz
367 3441 433 3481 cum
450 3423 613 3498 pedisequis
625 3426 655 3480 el
666 3422 815 3496 eunuchis,
831 3423 911 3481 nobi·
995 3431 1101 3487 Omnes
1123 3430 1172 3504 qui
1191 3429 1360 3498 adiuemnt‚
1382 3427 1491 3502 pmridi
1511 3429 1592 3486 ducis
1612 3430 1778 3486 consultum

96 3522 175 3596 tique
188 3519 297 3578 familia
311 3536 370 3589 sua,
383 3519 417 3575 de
430 3518 516 3575 domo
528 3517 616 3591 patris
629 3518 672 3574 sui
686 3533 799 3590 egressa
814 3523 866 3590 est,
882 3520 912 3574 ei
959 3524 1082 3580 attestati
1104 3528 1179 3579 scint.
1199 3522 1325 3580 Prudens
1346 3521 1426 3594 virgo
1449 3525 1596 3579 tantorum
1618 3522 1775 3580 consensui

98 3615 188 3689 [eum]
211 3614 290 3671 omui
314 3613 450 3686 progenie
465 3613 519 3685 (44)
537 3629 597 3682 sita,
620 3603 722 3684 spetile
740 3611 911 3668 Christicolis
960 3618 1040 3674 iacile
1058 3618 1198 3690 acquievit
1218 3618 1348 3673 heroum.
1371 3617 1511 3690 Rogerius
1534 3616 1625 3690 igitur
1648 3618 1776 3691 praelium

98 3710 198 3767 devote
215 3709 366 3780 conjuncta
380 3710 432 3776 est,
448 3706 531 3763 sicuti
546 3706 648 3773 Bithia,
667 3705 822 3762 Pharaonis
841 3705 909 3775 iilia,
960 3712 1114 3768 honorilice
1127 3728 1191 3768 cum
1205 3711 1307 3784 gortdio
1323 3711 1517 3783 desponsavit,
1533 3714 1562 3766 et
1576 3711 1694 3784 nuptias
1710 3727 1777 3768 cum

98 3803 284 3878 pereuntibus
301 3801 449 3874 AEgyptiis,
469 3799 555 3873 uoysi
575 3802 604 3856 cb
622 3799 746 3855 llebraeis
760 3799 911 3855 salubriter
960 3806 1069 3878 ingenti
1083 3806 1183 3878 plausu
1198 3808 1226 3861 et
1238 3804 1364 3877 tripudio
1377 3805 1465 3861 latim
1476 3804 1635 3861 Antiochiae
1649 3806 1776 3862 celebra·

98 3898 232 3954 comitata
247 3897 299 3951 est.
312 3893 482 3951 antiocheni
497 3892 652 3965 gaudentes
665 3892 775 3949 obviam
794 3892 842 3948 diu
861 3893 910 3950 de·
960 3901 1014 3970 rit3
1030 3901 1131 3972 qiribus
1144 3900 1256 3972 dapifer
1270 3898 1454 3956 buamundus
1472 3915 1537 3955 cum
1552 3898 1710 3973 precipuis
1729 3916 1777 3973 pa·

98 3989 229 4048 sideralis
243 3990 451 4061 precesserunt,
468 3990 497 4041 ⁰1
511 3987 614 4057 clerus,
628 3985 777 4059 omnisque
791 3986 912 4059 populus
961 3994 1023 4050 triae
1038 3993 1212 4065 primoribus
1223 3994 1402 4051 ministravit.
1414 3996 1467 4050 isle
1480 3994 1624 4066 siquidem
1634 3994 1778 4066 Rogerius

98 4100 197 4157 regem
219 4079 339 4148 Adonai,
364 4079 413 4153 qui
434 4080 522 4136 salvet
543 4095 643 4135 omnes
663 4083 811 4150 sperantes
825 4079 855 4136 io
870 4097 911 4150 so,
961 4096 1024 4160 post
1038 4103 1086 4143 sex
1106 4105 1205 4158 amos,
1229 4087 1397 4143 hosmundo
1418 4092 1446 4142 et
1463 4085 1609 4143 tancredo
1626 4085 1777 4157 damnem,

97 4175 220 4234 fideliter
233 4174 448 4231 benedixerunt.
466 4172 570 4229 Deinde
589 4173 773 4230 boamundus
794 4173 911 4230 Richar-
961 4181 1125 4254 principatu
1137 4181 1295 4238 Antiochia
1309 4180 1478 4253 potensest,
1489 4182 1591 4252 etpost
1602 4178 1676 4236 duos
1689 4194 1779 4237 annm

100 4270 180 4341 dum,
197 4268 368 4342 captivitatis
381 4283 440 4324 stloe
456 4266 574 4335 socium,
588 4267 618 4322 in
633 4266 736 4323 Gallias
750 4265 911 4336 destinavit,
962 4273 990 4330 in
1001 4290 1103 4349 campo
1113 4277 1263 4332 Snrmntan
1277 4291 1342 4332 cum
1358 4290 1396 4330 vn
1416 4272 1540 4330 millibus
1551 4272 1778 4331 Christianorum

98 4369 127 4422 et
142 4368 292 4436 argenteas
310 4378 363 4435 per
381 4378 448 4418 eum
466 4358 620 4433 compedes
641 4365 738 4417 saneto
757 4360 911 4417 confessori
961 4370 996 4425 on
1011 4368 1164 4441 Amjngozio
1179 4371 1260 4426 Persa
1273 4369 1381 4424 oooiono
1394 4372 1445 4424 ost,

99 4456 248 4515 heonardo
261 4454 375 4525 direxit,
391 4458 419 4511 et
430 4471 482 4528 pro
494 4453 660 4510 liberatione
673 4470 724 4509 sua
738 4453 836 4511 devote
850 4452 952 4527 gra-D
1000 4463 1036 4518 no
1051 4462 1252 4535 componentium
1266 4463 1424 4518 mutatione
1441 4477 1538 4517 norom
1552 4466 1581 4518 or
1597 4461 1713 4518 minu,
1727 4462 1777 4518 110.

98 4551 152 4609 tias
164 4551 232 4625 egit.
962 4557 1073 4613 minum
1087 4556 1150 4628 jam
1172 4555 1228 4612 dixi
1249 4555 1384 4628 plurima,
1400 4558 1429 4612 et
1448 4555 1549 4625 muita,
1568 4555 1662 4611 siritu
1684 4572 1778 4613 comes

133 4645 285 4720 Postquam
304 4660 446 4717 generosa
469 4642 554 4700 lleiaz
575 4643 605 4699 in
629 4640 751 4698 Ecclesia
775 4639 913 4697 catholiea
962 4649 1057 4717 iacnt,
1081 4649 1111 4704 in
1131 4649 1314 4723 sequentibus
1333 4648 1427 4705 adhuc
1448 4653 1556 4705 restant
1576 4647 1711 4707 dicenda.
1730 4649 1778 4707 iiic

100 4756 178 4798 sacro
189 4739 360 4812 baptismale
370 4741 539 4810 regenerabo
550 4739 601 4805 est,
613 4740 772 4808 opportuno
781 4740 912 4808 tempore
963 4744 1037 4800 liber
1045 4742 1246 4800 Ecclesiasticae
1260 4742 1386 4800 historiae
1399 4743 1580 4815 terminatur,
1594 4748 1623 4799 et
1633 4743 1707 4801 mihi
1716 4743 1776 4818 jam

99 4833 130 4891 in
146 4836 287 4892 consentu
300 4832 470 4906 optimatum
482 4830 665 4889 buamundus
683 4846 747 4887 eam
759 4829 799 4886 sic
813 4829 913 4886 abacos
963 4838 1037 4895 sesso
1050 4837 1162 4911 requies
1176 4837 1355 4911 aliquantula
1368 4837 1467 4894 deturi

131 5009 180 5077 (tt)
194 5007 345 5076 Propsnlss,
359 5006 443 5060 idest
457 5005 571 5069 iamilta,
585 5005 696 5058 domus.
