3750 6046
166 158 214 214 dll
849 158 1011 217 canumet
1031 158 1161 216 virtuts
1790 162 1842 217 dit

166 297 217 335 vus
234 284 330 335 autem
349 296 477 348 manum,
492 297 548 352 qua
561 282 724 349 tenebatur,
740 281 888 339 ardentem
903 283 980 339 velut
990 297 1019 369 Α
1029 283 1145 354 majoris
1158 282 1229 338 mihi
1243 283 1355 339 videtur
1368 299 1429 341 esse
1441 282 1586 357 ponderis,
1601 299 1686 356 quam
1700 283 1723 339 si
1736 284 1843 339 terrem

165 374 262 444 ignem
279 374 427 444 persensit,
443 378 471 430 et
488 376 519 430 io
537 375 586 430 tali
600 375 731 447 angustia
750 383 867 448 repente
887 377 978 432 excla·
1031 392 1116 448 super
1133 393 1180 432 nse
1195 379 1318 434 llontem
1330 377 1422 435 Sancti
1441 377 1592 434 Michaelis.
1605 377 1640 431 Et
1651 377 1721 450 qnia
1732 377 1842 449 pretio·

165 466 253 520 mavit
276 488 281 520 z
307 487 321 515 «
347 467 449 522 Sancta
475 469 571 536 llario,
600 469 724 541 gloriosa
749 474 840 525 mater
864 470 979 538 Christi,
1031 470 1068 524 sis
1090 475 1118 525 et
1141 471 1230 527 acutis
1254 471 1354 527 utebar
1374 470 1540 539 calcaribus,
1563 474 1595 525 ut
1616 469 1784 527 festinarem
1808 471 1842 526 ad

164 559 264 630 adjuva
286 560 347 617 me!
369 583 383 610 a
403 562 544 629 Protinus,
563 562 600 617 ad
618 561 824 617 invocationem
846 562 980 634 piissimae
1030 563 1233 620 effundendum
1258 564 1441 637 sanguinem,
1462 565 1529 637 jure
1557 564 1697 620 sarcinam
1724 564 1755 619 iu
1782 564 1843 620 talis

165 652 322 724 genitricis,
332 655 383 710 tilii
397 654 508 710 Domini
519 655 658 711 auxilinm
669 661 771 726 proesto
783 656 884 723 adluit,
896 657 979 729 quate
1029 656 1124 728 bajulo
1139 673 1303 729 enormem3
1319 674 1374 731 qua
1386 657 1602 714 intolerabiliter
1614 662 1758 730 gravatus,
1772 658 1843 713 nulli

164 746 372 819 omnipotentis
387 748 529 804 ordinatio
543 748 690 820 disposuit.
706 749 775 804 Nam
791 749 907 820 quidam
922 749 980 805 mi·
1030 750 1180 805 hominnm
1195 751 1353 822 exprimere
1366 751 1446 807 valeo
1458 767 1549 823 poenae
1563 750 1765 823 quantitatem.
1780 750 1842 806 tlac

164 840 216 909 les,
236 857 335 896 ensem
355 842 457 897 dextra
473 841 580 911 ferens,
599 843 774 915 supervenit,
793 843 979 915 gladiumque
1031 843 1223 900 indesinenter
1235 844 1364 900 meditari
1378 845 1514 900 mortales
1527 843 1674 913 deberent,
1689 848 1718 899 et
1729 842 1842 912 timere,

162 950 195 988 sn
208 950 256 988 nm
268 934 348 1005 quasi
367 934 453 989 ferire
470 934 564 1003 vellet,
580 935 702 1003 vibrans,
716 936 788 991 dixit
804 955 810 990 :
828 957 842 985 «
855 938 911 993 Cur
926 936 980 992 lra-
1030 936 1090 992 imo
1107 953 1217 1004 cavere,
1235 954 1270 992 ne
1286 953 1336 1008 pro
1355 938 1479 993 reatibus
1496 937 1552 992 suis
1565 940 1624 992 tam
1639 936 1702 992 dira
1720 937 1841 993 luerent.

163 1032 234 1082 trem
257 1043 351 1082 meum
369 1027 539 1096 interficitis,
557 1029 724 1084 maledicti?
740 1028 829 1085 Sinite
843 1029 934 1097 illum,
951 1035 982 1087 et
1030 1030 1113 1085 Plura
1128 1030 1198 1085 mihi
1210 1046 1266 1085 non
1282 1030 1345 1086 licet
1361 1036 1464 1098 tecum,
1476 1029 1574 1098 frater,
1590 1029 1654 1097 fari,
1670 1029 1739 1102 quia
1757 1030 1841 1085 mise·

163 1120 247 1176 abite.
260 1140 274 1172 u
286 1122 348 1176 llox
361 1120 403 1175 illi
416 1122 574 1191 avolarunt,
595 1122 842 1195 AEtbiopicamque
857 1123 978 1194 phalan·
1029 1121 1116 1177 rabite
1131 1138 1237 1194 agmen
1257 1122 1425 1178 festinanter
1444 1138 1530 1194 cogor
1547 1122 1691 1193 prosequi.
1711 1121 1841 1191 Obsecro,

161 1230 227 1284 gem
241 1215 385 1285 prosecuti
400 1219 476 1269 sunt.
1029 1221 1173 1271 memento
1189 1216 1257 1283 mci,
1272 1215 1460 1289 precibusque
1473 1216 1527 1288 piis
1540 1221 1566 1270 et
1580 1216 1770 1288 eleemosynis
1783 1233 1840 1271 suc-

194 1307 368 1364 rtbeuntibus
382 1308 504 1376 cunctis,
519 1308 602 1362 miles
615 1307 645 1362 in
658 1308 703 1363 via
716 1324 782 1363 cum
795 1309 977 1365 Gualchelmo
1028 1324 1111 1363 curre
1126 1308 1208 1363 mihi.
1222 1309 1293 1364 Nam
1309 1325 1326 1363 a
1340 1309 1445 1364 Pascha
1466 1310 1577 1363 Florum
1593 1324 1684 1382 nsque
1699 1308 1734 1364 ad
1752 1325 1840 1364 unum

162 1400 976 1474 demoratur,etabeosciscitatur:«Cognoscisneme‘l»
1029 1418 1137 1456 annum
1161 1418 1243 1473 spero
1268 1402 1381 1470 salvari,
1405 1405 1434 1456 et
1459 1401 1612 1457 clementia
1637 1401 1782 1459 Creatoris
1805 1402 1839 1457 ab

159 1493 309 1564 Presbyter
327 1494 476 1565 respoudit
491 1511 497 1549 :
515 1514 528 1545 v
548 1496 619 1549 Non.
643 1517 656 1544 o
677 1496 753 1550 lliles
772 1495 865 1550 dixit:
884 1516 897 1548 c
915 1498 974 1567 Ego
1028 1495 1158 1550 omnibus
1176 1496 1325 1552 tormentis
1344 1495 1469 1551 libcrari.
1485 1496 1523 1550 To
1545 1512 1611 1550 vero
1625 1494 1762 1551 sollicitus
1780 1500 1838 1551 esto

159 1603 222 1641 sum
240 1587 411 1655 Radbertus,
424 1588 499 1643 lilius
518 1587 639 1655 Rodulti,
653 1594 846 1660 cognomento
860 1588 972 1656 Blendi,
1028 1588 1063 1642 de
1077 1594 1115 1657 te,
1128 1589 1272 1661 vitamque
1291 1593 1369 1645 tuam
1389 1589 1546 1661 prudenter
1557 1589 1679 1660 corrige,
1697 1606 1762 1662 quae
1776 1589 1838 1661 plu-

158 1682 188 1734 et
200 1696 261 1734 sum
275 1680 364 1735 irater
378 1684 454 1736 tuus.
466 1702 481 1731 »
493 1683 618 1753 Cumque
632 1682 781 1753 presbyter
793 1698 845 1753 pro
859 1685 918 1737 tarn
932 1683 1011 1760 in-B
1024 1681 1101 1736 ribus
1119 1682 1195 1736 vitiis
1216 1681 1363 1769 sordescit,
1382 1682 1506 1754 scitoque
1525 1682 1599 1754 quod
1622 1681 1760 1737 diuturna
1782 1699 1839 1737 non

160 1779 274 1844 sperata
284 1790 315 1828 re
324 1774 510 1829 vehementer
523 1774 720 1843 admiraretur,
733 1775 911 1847 nimiumque
922 1792 974 1847 pro
1024 1775 1089 1829 crit.
1105 1775 1147 1830 dd
1166 1791 1292 1846 praesens
1308 1775 1371 1830 sile.
1390 1776 1453 1843 Res,
1468 1791 1539 1846 quas
1554 1791 1631 1830 nunc
1644 1792 1680 1830 ex
1697 1776 1840 1847 insperato

158 1865 202 1920 his
220 1883 284 1938 qnae
298 1867 418 1937 viderat,
433 1872 466 1922 ut
481 1867 588 1923 dictum
604 1873 655 1935 est,
674 1868 716 1922 vel
732 1872 869 1936 senserat,
883 1884 972 1940 ange·
1024 1867 1117 1923 vidisti
1136 1873 1165 1923 et
1183 1869 1297 1936 audisti,
1317 1868 1431 1923 silentio
1452 1868 1622 1939 comprime,
1643 1871 1672 1924 et
1692 1885 1784 1941 usque
1805 1869 1839 1923 ad

158 1964 246 2028 retur,
266 1960 349 2015 miles
368 1960 393 2016 ei
413 1961 449 2016 dc
469 1961 592 2033 pueritia
613 1961 760 2034 utriusque
783 1962 872 2016 multa
890 1962 974 2033 coepit
1024 1967 1081 2015 trcs
1095 1961 1155 2016 dies
1168 1961 1278 2016 nemini
1292 1977 1449 2032 praesumas
1464 1977 1610 2017 enarrare.
1627 1983 1642 2012 »
1812 1950 1816 1958 ’

158 2067 316 2121 recensere,
332 2057 361 2109 et
373 2053 520 2109 notissima
532 2054 615 2126 signa
627 2055 756 2110 recitare.
773 2054 909 2111 Sacerdos
922 2073 971 2110 au·
1059 2055 1105 2109 llis
1120 2054 1211 2123 dictis,
1228 2055 1310 2110 miles
1326 2054 1445 2110 festinus
1460 2055 1603 2111 abscessit.
1618 2056 1771 2128 Presbyter
1787 2073 1838 2112 au·

157 2148 215 2201 tem
234 2147 332 2202 audita
348 2146 457 2219 optime
474 2146 626 2215 recolebat,
640 2147 689 2203 sed
705 2164 755 2203 ore
770 2147 897 2203 confiteri
912 2165 971 2204 noo
1022 2152 1079 2202 tem
1093 2152 1153 2203 tota
1167 2149 1323 2220 septimana
1338 2150 1461 2220 graviter
1475 2148 1629 2220 agrotavit.
1644 2149 1752 2205 Deinde
1766 2155 1838 2222 post·

155 2254 250 2306 ausus,
272 2241 370 2296 omnia
390 2240 559 2312 denegabat.
578 2241 705 2296 Tandem
728 2241 863 2312 praelatus
884 2258 971 2315 eques
1021 2257 1108 2311 quam
1127 2242 1299 2297 invalescere
1313 2242 1405 2313 coepit,
1418 2242 1571 2297 Lexovium
1584 2241 1665 2313 adiit,
1680 2242 1836 2299 Gisleberto

156 2332 196 2388 ait
210 2348 216 2386 :
230 2355 243 2383 o
256 2334 342 2389 lliror
352 2334 489 2389 duritiam
504 2338 533 2389 et
547 2334 754 2389 hebetudinem
768 2337 856 2390 tuam.
872 2337 930 2407 Ego
943 2341 970 2391 te
1021 2335 1153 2406 episcopo
1172 2342 1275 2391 cuncta
1289 2352 1321 2391 ex
1336 2335 1436 2391 ordine
1452 2335 1587 2406 recitavit,
1602 2342 1630 2391 et
1644 2336 1679 2391 ab
1696 2353 1730 2391 eo
1744 2337 1835 2392 medi-

154 2429 360 2499 postmortem
380 2427 528 2498 utriusque
551 2427 676 2499 parentis
697 2428 811 2494 nutrivi,
835 2430 865 2482 et
884 2445 971 2499 super
1020 2435 1153 2483 cementa
1165 2428 1281 2484 sibimet
1294 2429 1450 2485 necessaria
1464 2429 1638 2501 impetravit.
1650 2430 1835 2486 Postmodum

154 2535 254 2576 omncs
268 2521 399 2576 mortales
413 2521 508 2576 dilexi.
521 2523 579 2592 Ego
593 2526 618 2577 te
634 2522 669 2576 ad
683 2521 793 2577 scholas
806 2522 836 2577 io
849 2521 969 2578 Galliam
1020 2522 1080 2576 lere
1098 2538 1130 2576 xv
1146 2521 1227 2576 annis
1240 2526 1355 2591 vegetus
1367 2521 1446 2589 vixit,
1461 2526 1491 2577 et
1503 2523 1564 2578 haec
1577 2539 1642 2596 quie
1654 2524 1761 2595 scripto
1777 2526 1834 2578 tra-

153 2613 254 2682 direxi,
275 2615 305 2668 et
322 2619 411 2668 vestes
432 2629 621 2685 nummosque
641 2613 693 2667 tibi
713 2614 824 2685 copiose
844 2616 968 2685 porrexi,
1020 2613 1091 2681 didi,
1106 2615 1217 2686 alioque
1238 2615 1368 2686 plurima,
1387 2632 1452 2688 qnae
1471 2615 1611 2671 oblivione
1631 2615 1739 2672 abolita
1759 2621 1834 2684 suut,

153 2706 274 2777 aliisque
290 2706 387 2761 multis
405 2707 497 2762 modis
518 2706 567 2760 tibi
585 2706 719 2778 prodesse
731 2707 798 2762 sotis
815 2707 967 2762 elaboravi.
1019 2708 1054 2762 ab
1070 2724 1118 2763 ore
1132 2708 1221 2779 ipsius
1234 2707 1340 2777 audivi,
1354 2707 1499 2764 etfaciam
1512 2709 1574 2781 ejus
1588 2709 1723 2765 horrendi
1737 2708 1835 2765 militis

152 2805 232 2858 Nunc
253 2803 355 2858 horum
381 2803 531 2858 immemor
553 2802 686 2872 efficeris,
712 2820 816 2876 meque
840 2809 966 2860 tantum·
1020 2806 1095 2856 tactu
1108 2800 1205 2856 laesam
1220 2800 1360 2872 prospexi.

154 2897 240 2951 modo
255 2912 459 2967 recognoscere
475 2895 657 2968 dedignarist
671 2918 685 2947 ι»
1054 2895 1118 2948 tloec
1140 2895 1174 2949 ad
1197 2894 1416 2950 aedificationem
1439 2894 1598 2967 legentium
1620 2894 1729 2968 scripsi,
1751 2896 1833 2952 utin

189 2992 266 3046 Tunc
280 2989 437 3062 presbyter,
451 2989 582 3045 veridicis
597 2990 751 3045 luminibus
764 2990 887 3045 ubertim
903 3006 967 3062 pro
1017 2986 1099 3043 bonis
1112 2987 1324 3044 consolidentur
1333 2988 1414 3060 justi,
1427 2994 1480 3044 eta
1492 2989 1574 3043 malis
1587 2987 1760 3059 resipiscant
1773 3006 1833 3062 per·

151 3083 226 3151 latu,
246 3083 391 3139 convictus
406 3089 447 3137 est
466 3083 685 3154 allegationibus
704 3084 797 3152 certis,
814 3084 965 3156 palamque
976 3052 1004 3128 C
1016 3081 1100 3136 versi.
1114 3082 1222 3137 Amodo
1235 3081 1388 3154 incoeptam
1402 3085 1500 3152 repeto
1513 3081 1674 3139 materiam.

151 3193 216 3233 curn
230 3177 361 3249 lacrymis
373 3176 462 3232 fassus
475 3181 518 3231 est
529 3175 663 3231 affamina
676 3176 782 3232 fratris.
793 3178 869 3233 Tunc
884 3179 965 3234 miles
1014 3187 1106 3243 xvlll,
1120 3189 1258 3243 pactiones
1273 3190 1344 3243 inter
1358 3188 1530 3244 Gutttelmum
1544 3203 1632 3257 repam
1646 3194 1675 3243 et
1688 3189 1832 3249 noterium

150 3271 222 3327 dixit
242 3270 268 3325 ei
290 3286 297 3326 :
319 3290 333 3319 α
354 3270 452 3327 llerito
475 3269 620 3326 debuisses
641 3270 727 3338 mori,
747 3276 964 3343 nostrarumque
1051 3267 1147 3322 ducem
1167 3270 1251 3322 inita.
1270 3297 1304 3307 -
1321 3270 1500 3339 Episcopatus
1521 3269 1690 3325 metensis
1709 3273 1831 3339 amotio.

149 3365 293 3438 particeps
309 3380 459 3436 poenarum
475 3380 551 3419 nune
568 3363 718 3419 nobiscum
737 3364 821 3433 trahi,
836 3365 904 3437 quia
919 3382 964 3420 res
1051 3381 1084 3389 -
1097 3353 1215 3420 Ηθθίΐῑῑδ
1227 3351 1310 3406 abbi&
1326 3352 1466 3407 wilelmi·

149 3465 258 3514 nostras
271 3456 381 3512 nefaria
391 3457 554 3514 temeritate
567 3456 703 3512 invasisti.
715 3457 771 3513 lloc
784 3458 878 3513 nullus
891 3458 964 3514 alius
1049 3462 1130 3514 duno
1152 3459 1187 3513 ab
1209 3458 1410 3514 lncarnatione
1435 3457 1549 3513 Domini
1573 3459 1652 3528 tous,
1676 3457 1830 3515 indictione

147 3552 281 3607 inchoare
302 3568 387 3607 ausus
407 3551 469 3606 fuit.
492 3551 544 3607 Sed
563 3551 661 3619 missa,
680 3567 766 3622 quam
787 3550 874 3607 hodie
893 3567 962 3607 can-
1014 3567 1068 3619 x1v,
1085 3567 1182 3606 mense
1197 3551 1341 3619 ianuario,
1357 3551 1522 3607 Guillelmus
1537 3551 1638 3622 Rufus,
1655 3567 1707 3607 rex
1720 3554 1829 3625 Angla·

147 3646 221 3713 tasti,
235 3662 271 3701 nc
286 3644 393 3716 perires
408 3651 435 3699 te
454 3644 581 3700 salvavit.
597 3645 664 3700 llihi
679 3660 794 3716 quoque
809 3662 884 3700 nnnc
896 3660 961 3718 per·
1013 3660 1088 3713 rum,
1103 3661 1167 3700 cum
1183 3661 1286 3717 magna
1297 3645 1385 3701 classe
1399 3645 1428 3700 in
1441 3644 1646 3700 Normanniam
1659 3647 1828 3702 transfreta·

147 3740 264 3794 missum
280 3738 387 3794 esttibi
407 3754 553 3810 apparere,
576 3754 730 3810 meumque
749 3738 886 3793 miserum
900 3754 962 3794 esse
1012 3738 1061 3804 vit,
1077 3741 1106 3792 et
1120 3737 1279 3794 Radbertus
1298 3737 1364 3805 dux,
1380 3738 1476 3793 audito
1495 3737 1570 3809 regis
1583 3739 1718 3805 adventu,
1734 3739 1827 3794 statim

146 3833 198 3888 tibi
214 3832 404 3887 manifestare.
421 3833 572 3902 Postquam
585 3831 615 3886 in
631 3831 802 3886 Normannia
815 3836 911 3887 tecum
925 3833 963 3887 le
1011 3830 1188 3887 obsidionem
1197 3832 1308 3888 Curceii
1317 3831 1442 3903 reliquit,
1452 3837 1480 3887 et
1488 3831 1645 3887 Radbertus
1656 3830 1692 3888 de
1702 3832 1827 3889 Belesmo

148 3931 229 3981 cntns
247 3926 297 3991 sui,
313 3942 329 3979 o
344 3928 371 3980 te
390 3925 526 3980 salutatus
542 3925 571 3979 in
584 3923 716 3996 Angliam
729 3925 851 3996 perrexi,
866 3925 962 3997 ibique
1011 3941 1077 3979 cum
1096 3924 1153 3980 suis
1172 3924 1358 3997 complicibus
1376 3924 1497 3997 attingit.
1514 3926 1571 3982 ilex
1591 3929 1688 3982 antem
1707 3926 1739 3981 in
1754 3926 1825 3982 Neu-

147 4021 235 4073 tinem
252 4018 316 4073 vita
333 4019 414 4089 jussu
435 4017 576 4073 creatoris
596 4016 702 4088 accepi,
719 4019 748 4071 et
761 4033 813 4088 pro
832 4018 960 4090 peccatis,
1011 4017 1080 4073 stria
1097 4019 1236 4091 usquead
1254 4020 1413 4091 Augustum
1434 4018 1600 4091 permansit,
1615 4021 1645 4074 et
1656 4018 1826 4075 dissidentes

146 4111 250 4183 quibus
274 4112 360 4165 nimis
387 4114 521 4165 oneratus
546 4125 635 4175 eram,
661 4109 802 4165 immania
825 4111 962 4184 supplicia
1010 4112 1058 4184 qni
1077 4111 1170 4167 eidem
1185 4113 1363 4184 acquiescere
1376 4112 1538 4181 voluerunt,
1552 4111 1642 4184 regali
1659 4112 1825 4169 auctoritate

146 4204 259 4278 pertuli.
278 4206 366 4260 Arma
381 4221 444 4276 quae
457 4204 585 4271 serimus,
601 4203 687 4275 ignea
705 4211 781 4274 sunt,
801 4210 830 4261 et
845 4221 898 4261 nos
916 4205 959 4261 t'e·
1012 4205 1128 4277 pacavit.
1145 4205 1280 4261 ilenricns
1294 4222 1371 4276 vero,
1386 4206 1454 4278 quia
1468 4194 1600 4278 ingentes
1615 4207 1748 4279 querelas
1760 4222 1826 4262 con·

143 4302 205 4356 tore
228 4298 374 4354 teterrimo
396 4297 536 4365 inficiunt,
559 4297 728 4370 ingentique
751 4299 960 4369 ponderositate
1011 4302 1053 4353 tra
1065 4306 1218 4371 utrumqne
1232 4299 1348 4355 fratrem
1364 4298 1522 4372 promebat,
1534 4302 1707 4372 partemque
1720 4298 1757 4356 de
1768 4314 1826 4355 am·

145 4394 231 4449 nimis
244 4393 421 4466 opprimunt,
438 4397 466 4446 et
481 4392 583 4448 ardore
599 4392 825 4464 inexstinguibili
839 4393 958 4449 combu—
969 4416 998 4489 D
1009 4392 1056 4463 pla
1069 4393 1245 4464 possessione
1259 4393 1404 4465 magnilici
1417 4392 1562 4465 patrissui
1575 4392 1750 4465 requirebat,
1765 4393 1823 4461 sed,

143 4492 221 4544 runt.
236 4489 379 4543 llactcnus
392 4486 486 4558 itaque
499 4485 694 4557 hujuscemodi
708 4487 800 4559 poenis
813 4485 960 4542 inenarra-
1009 4501 1110 4540 eorum
1126 4486 1272 4542 tenacitate
1286 4486 1411 4541 nimium
1427 4486 1612 4559 perdurante,
1627 4485 1668 4541 nil
1682 4484 1822 4558 impetra·

144 4580 238 4638 biliter
257 4580 397 4636 cruciatos
413 4595 487 4635 sum.
506 4578 561 4635 Sed
575 4580 691 4651 quando
711 4579 741 4635 in
759 4579 862 4651 anglio
882 4581 958 4637 ordi·
1009 4577 1071 4647 bat,
1084 4579 1246 4651 aggregatis
1264 4580 1425 4636 britonibus
1443 4585 1472 4635 et
1488 4579 1665 4649 Normannis,
1682 4581 1822 4637 Constan-

143 4678 227 4732 natns
238 4673 324 4742 luisti,
336 4677 366 4728 ct
376 4671 499 4745 primam
510 4673 627 4727 missam
640 4690 690 4744 pro
702 4672 834 4729 fidelibus
845 4671 959 4729 detunc-
1010 4671 1077 4726 tiam
1093 4675 1122 4727 et
1134 4672 1279 4740 Abrincas,
1294 4674 1405 4745 aliaque
1419 4673 1522 4746 oppida
1536 4672 1666 4741 munivit,
1682 4676 1711 4728 et
1725 4675 1761 4730 ad
1776 4690 1822 4729 re·

144 4771 179 4824 tis
198 4768 329 4835 cantasti,
345 4767 481 4823 Radnllus
498 4769 578 4838 patcr
599 4770 663 4821 tuus
682 4765 826 4838 suppliciis
844 4769 959 4839 ereptus
1008 4765 1164 4822 sistendum
1194 4767 1260 4822 totis
1285 4767 1392 4822 nisibus
1418 4767 1579 4822 insurrexit.
1604 4768 1705 4823 Verum
1730 4768 1821 4841 llugo,

143 4869 194 4932 est,
218 4865 247 4918 et
269 4869 380 4917 scutum
406 4877 512 4928 meum,
537 4876 592 4931 quo
615 4859 797 4916 vehementer
820 4860 956 4932 angebar,
1007 4858 1160 4914 Castrensis
1170 4877 1274 4928 comes,
1286 4861 1389 4932 aliique
1402 4860 1540 4930 fautores,
1551 4861 1613 4933 ejus
1621 4865 1821 4933 paupertatem

142 4957 267 5027 elapsum
291 4958 343 5010 est.
366 4954 468 5010 Ensem
488 4953 574 5022 bunc,
596 4956 626 5007 ut
648 4951 737 5021 vides,
760 4952 831 5008 lero.
851 4952 907 5008 Sed
928 4954 957 5009 in
1007 4952 1227 5023 perpendentes,
1240 4956 1269 5008 ct
1282 4953 1391 5025 amplas
1407 4969 1474 5026 opes
1494 4953 1707 5025 terribilemque
1721 4959 1821 5027 poten·

143 5066 218 5104 arcuo
243 5048 445 5105 relaxationem
468 5047 503 5103 ab
529 5047 583 5102 hoc
608 5062 694 5101 onere
718 5045 888 5102 fiducialiter
907 5062 955 5103 ex·
1006 5045 1075 5101 tiam
1089 5044 1232 5101 Guilletmi
1246 5046 1321 5119 regis
1336 5051 1507 5115 metuentes,
1520 5047 1668 5119 egregium
1681 5047 1822 5105 Clitonem

141 5144 249 5214 specto.
266 5163 280 5192 υ
1006 5137 1036 5193 in
1060 5138 1162 5194 bellico
1184 5155 1291 5212 angore
1316 5141 1513 5210 deseruerunt,
1538 5144 1568 5196 et
1592 5138 1750 5214 municipia
1772 5158 1822 5199 sua

180 5236 253 5290 Dum
267 5235 348 5290 miles
364 5235 424 5289 heac
437 5237 466 5288 et
477 5233 531 5290 alia
544 5232 706 5306 hujusmodi
716 5233 832 5302 diceret,
848 5237 877 5288 et
890 5233 955 5289 dili·
1006 5232 1069 5304 regi
1083 5232 1273 5290 tradiderunt.

141 5332 243 5401 genter
255 5329 292 5384 ad
304 5343 370 5383 eum
383 5327 532 5398 presbyter
544 5326 716 5395 intenderet,
728 5326 807 5399 quasi
818 5332 955 5383 strumam
1041 5326 1073 5381 lo
1086 5326 1181 5381 medio
1194 5327 1283 5399 igitur
1295 5326 1538 5400 Quadragesimae,
1549 5326 1718 5388 Gnillelmus
1731 5348 1780 5388 rex
1794 5333 1822 5388 et

141 5421 288 5495 sanguinis
302 5421 392 5477 instar
410 5419 526 5476 humani
546 5420 645 5492 capitis
664 5420 699 5476 ad
715 5420 776 5491 ejus
796 5417 868 5476 talos
881 5420 954 5476 circa
1007 5419 1167 5475 Radbertus
1177 5419 1232 5475 dux
1246 5420 1567 5479 montemS.lticbaelis
1576 5421 1761 5498 obsederunt,
1771 5428 1823 5486 ibi·

139 5514 260 5573 ateana
276 5513 354 5582 vidit,
369 5517 543 5585 stupensque
561 5513 601 5568 sic
618 5512 828 5586 interrogavit:
847 5534 862 5564 ι(
876 5513 954 5570 Unda
1005 5528 1061 5585 que
1079 5513 1230 5570 ilenricum
1244 5513 1365 5571 tratrem
1377 5531 1462 5571 suum
1473 5515 1663 5589 incluserunt,
1671 5525 1701 5578 et
1712 5520 1774 5579 iere
1784 5538 1821 5581 xr

138 5614 220 5667 tanta
237 5606 395 5681 coagulatio
411 5605 522 5662 cruoris
541 5605 675 5663 imminet
693 5606 831 5663 calcaneis
847 5606 922 5664 tuisl
936 5628 951 5658 o
992 5607 1106 5673 ,diebus
1122 5623 1188 5667 eum
1207 5624 1274 5664 cum
1291 5608 1349 5665 anis
1360 5625 1444 5682 aquas
1461 5610 1581 5683 penuria
1594 5612 1720 5672 maxime
1739 5632 1819 5675 coer·

137 5707 174 5765 et
184 5702 233 5761 ille
251 5700 421 5775 respondit:
438 5720 452 5751 a
468 5700 528 5755 Non
547 5704 590 5756 est
608 5698 733 5773 sangnis,
752 5700 802 5757 sed
819 5699 908 5773 ignis3
925 5703 956 5757 et
1003 5705 1134 5758 euerunt.
1149 5703 1237 5759 Porro
1250 5702 1368 5760 callidus
1378 5704 1502 5777 juvenis,
1515 5703 1583 5761 dum
1601 5705 1670 5763 sica
1682 5706 1819 5769 tratribus
