3750 6046
143 180 210 239 1207

695 178 840 234 anselm
861 175 1160 233 ttavutaencertsts
1179 174 1282 230 narse,

1761 172 1831 231 {208

142 309 209 360 sunt
222 301 293 358 nrihi
308 300 361 357 isla
378 302 463 357 rerba
484 305 512 359 ct
525 302 670 368 inusitata,
685 301 804 374 ideoque
824 301 890 373 quid
913 317 957 356 su·
968 299 1080 385 Alihus
1101 298 1263 353 occludunt.
1287 297 1364 353 Sicut
1385 302 1481 352 cartem
1504 294 1683 352 ambulantes
1715 296 1745 351 in
1775 296 1829 352 tide

142 416 196 471 per
209 398 262 452 hoe
276 397 475 467 respondeam,
490 398 526 451 ad
546 413 673 468 praesens
697 412 755 450 uon
779 394 880 463 haheo,
904 394 958 448 nisi

148 493 223 563 quod
237 492 389 561 Apostolus
408 496 508 545 mouet
529 508 535 544 :
554 491 701 547 Verborum
725 492 858 544 novitates
872 489 963 543 diuite

147 587 168 655 (l
190 587 268 652 lira,
283 601 320 652 rr,
337 586 392 655 20).
417 586 618 639 Verumtamen
637 585 685 655 qui
709 584 762 638 hoc
784 582 890 649 dicunt,
907 598 962 653 qno

148 697 235 735 sensu
258 679 361 748 dicant,
387 678 441 751 ipsi
463 678 595 733 viderint.
623 681 680 749 Ego
707 676 834 748 prolecto
850 674 906 746 logi
930 677 961 730 in

148 773 272 845 quodam
287 772 372 835 libro,
387 789 473 843 quem
487 773 655 843 conscripsit
668 771 787 825 Hilarius
801 770 960 825 Pictavien·

148 868 187 922 sis
212 867 370 938 episcopus,
399 865 497 920 doctor
522 866 664 922 cuondam
687 864 961 930 famosissimique

140 959 278 1015 Trinitate
291 959 321 1013 iu
336 965 413 1014 tomo
427 960 480 1026 llll,
495 958 626 1031 quadam
638 958 682 1012 lris
698 958 799 1011 similia
810 974 818 1026 ;
830 958 869 1012 ita
884 957 959 1011 enim

149 1052 277 1124 loquitur
291 1054 367 1107 idem
382 1053 502 1107 Hilarius
513 1054 566 1123 (⁶29)
580 1052 616 1106 ad
638 1053 726 1106 ileum
749 1053 858 1106 Patrem
873 1067 879 1104 :
892 1072 904 1100 a
921 1052 959 1105 [te

140 1146 203 1219 ipso
219 1154 246 1202 et
259 1147 325 1202 Filio
341 1148 369 1201 in
389 1153 485 1201 sancto
510 1147 614 1218 Spiritu
630 1149 679 1200 tuo
695 1162 729 1198 ex
746 1150 773 1198 le
796 1144 920 1215 profecto
931 1149 959 1197 ct

141 1258 194 1313 per
207 1257 273 1296 etam
289 1241 383 1295 misso.
401 1260 414 1292 a
430 1242 499 1295 ltem
518 1258 524 1294 :
543 1262 556 1289 ιι
573 1241 611 1293 Ea
635 1246 662 1295 te
682 1256 733 1310 per
755 1255 819 1293 cunr
840 1239 958 1309 Spiritus

143 1341 259 1391 sanctus
274 1341 339 1390 tuus
354 1338 405 1389 est.
422 1357 436 1383 υ
451 1337 519 1389 ltem
537 1351 544 1388 :
560 1354 573 1385 a
584 1334 684 1389 l'ilinm
698 1338 779 1387 tritam
795 1350 851 1387 nna
864 1338 957 1387 tecum

144 1429 273 1496 adorem,
302 1428 439 1500 Spiritum
465 1431 596 1482 sanctum
623 1433 716 1493 tunm,
732 1427 780 1498 qui
806 1444 838 1481 ex
860 1430 887 1481 te
908 1442 958 1496 per

143 1521 329 1594 Unigenitum
343 1528 424 1576 tuum
442 1525 494 1589 est,
509 1537 684 1592 promerear.
701 1539 714 1571 n
730 1521 783 1574 lsta
798 1519 865 1574 dicit
884 1520 958 1573 Hila-

141 1615 212 1684 rius,
226 1632 289 1687 qnae
305 1631 359 1687 ego
373 1618 443 1685 puto
454 1615 520 1668 satis
534 1613 712 1685 suscipienda
734 1630 796 1667 cnm
812 1614 957 1684 praemissa

1014 392 1112 448 omnia
1126 392 1192 446 talia
1209 398 1395 463 postponunt,
1410 397 1516 463 etpost
1533 407 1564 446 se
1577 390 1748 463 projiciunt,
1764 390 1828 448 etin

1011 487 1068 541 lide
1084 486 1254 557 speculativo
1271 486 1416 541 intellectu
1433 485 1595 557 proliciunt,
1611 489 1641 539 et
1657 502 1689 540 se
1701 501 1787 557 supra
1799 501 1826 541 se

1012 580 1159 636 humiliter
1170 580 1310 651 erigentes
1325 581 1353 635 in
1369 580 1471 635 altiora
1481 580 1705 645 transcendunt3
1721 579 1824 634 itaam·

1012 674 1140 729 halantes
1152 674 1180 728 in
1198 673 1318 743 ratione,
1334 673 1401 728 etin
1412 672 1598 728 similitudine
1611 674 1673 728 veri
1689 672 1824 729 inhaeren-

1011 770 1063 835 tes,
1080 768 1189 823 sarcina
1203 770 1339 823 humanae
1352 767 1526 839 ignorantiae
1541 767 1662 839 gravati.
1679 771 1710 822 et
1722 783 1819 839 sopore

1009 861 1086 917 falsae
1107 863 1250 934 opinionis
1264 861 1399 933 depressi,
1414 864 1489 916 retro
1513 867 1664 916 remanent
1678 860 1759 933 digni
1779 864 1820 934 qui

1009 956 1168 1027 postsrdem
1183 973 1247 1011 enm
1264 956 1373 1010 ratione
1396 962 1561 1011 remanente
1584 960 1773 1023 renraucant;
1796 961 1821 1011 ct

1009 1050 1131 1121 indigni,
1146 1050 1192 1121 qui
1207 1067 1272 1105 cnm
1286 1050 1341 1104 lide
1354 1050 1532 1121 praecedente
1547 1050 1692 1104 rationem
1713 1055 1817 1105 aulerc-

1009 1144 1086 1198 dant.
1103 1146 1200 1214 ltaque
1221 1143 1291 1198 tales
1315 1150 1342 1199 et
1363 1149 1422 1198 tam
1443 1144 1600 1198 ridiculosae
1625 1144 1820 1199 similitudines

1009 1254 1193 1309 nequaquam
1208 1238 1607 1310 asapieutihusiuducautur;
1621 1238 1669 1292 sed
1687 1238 1819 1308 sicutjam

1008 1349 1103 1403 supra,
1129 1331 1200 1385 sicut
1227 1335 1306 1402 puto,
1328 1332 1394 1387 satis
1422 1331 1648 1387 determinatum
1674 1337 1730 1399 est,
1757 1332 1819 1387 fides

1007 1424 1149 1482 Catholica
1176 1428 1308 1481 teneatur
1332 1426 1368 1480 de
1396 1426 1574 1497 processione
1599 1426 1725 1499 Spiritus
1737 1427 1820 1482 sancti

1006 1520 1116 1573 aPatre
1131 1524 1159 1573 et
1172 1518 1242 1573 Filio
1261 1541 1266 1572 :
1288 1522 1317 1573 et
1329 1519 1350 1573 si
1364 1520 1437 1574 forte
1456 1519 1550 1591 aliqua
1569 1520 1664 1575 aliena
1688 1520 1820 1591 scriptura

1007 1611 1159 1679 invenitur,
1171 1629 1235 1684 qna
1250 1618 1349 1669 tamen
1360 1620 1478 1685 propter
1489 1614 1692 1670 auctoritatem
1706 1613 1821 1668 scriben-

143 1708 396 1778 determinatione,
411 1708 547 1779 qnoniam
559 1708 758 1762 Paterannllu
773 1707 826 1761 hec
840 1697 1044 1774 lmheus,Btis
1068 1706 1098 1760 in
1123 1706 1305 1761 veneratione
1337 1706 1516 1778 suscipienda
1554 1713 1582 1762 et
1622 1708 1747 1779 legenda
1773 1711 1821 1775 est,

143 1802 229 1857 Filius
254 1808 350 1857 antem
375 1818 389 1855 a
416 1803 499 1856 Patre
525 1801 578 1855 hoc
600 1801 718 1868 hahens,
731 1801 868 1872 Spiritum
882 1817 956 1854 sanc·
1008 1800 1248 1871 quemadmodum
1265 1800 1374 1872 prolati
1400 1799 1493 1855 Hilarii
1519 1801 1655 1872 episcopi,
1682 1801 1733 1873 qui
1748 1817 1822 1872 mag·

141 1899 204 1950 tum
221 1901 412 1967 utcrqnease
424 1895 625 1966 procedentem
642 1894 786 1949 emittunt.
1007 1910 1051 1948 nae
1097 1893 1272 1949 auctoritatis
1305 1899 1348 1950 est
1376 1895 1404 1948 in
1430 1895 1576 1951 ecclesia:
1608 1896 1667 1958 illa,
1699 1895 1822 1967 inquam,

180 2009 194 2040 a
214 1989 293 2053 Quod
308 1991 405 2042 autem
416 1988 537 2060 Spiritus
555 1991 667 2043 sanctus
680 1988 715 2042 dc
730 1988 810 2042 l'aire
823 1987 958 2058 procedat
1007 1987 1145 2058 scriptura
1174 1988 1286 2042 tametsi
1311 1988 1442 2043 rideatur
1463 1989 1572 2060 aliquid
1598 1988 1729 2044 alienum
1759 1990 1823 2043 insi·

142 2081 172 2138 in
187 2082 298 2150 Filium,
316 2088 344 2136 et
357 2082 396 2135 sic
408 2099 461 2154 per
474 2082 573 2137 Filium
589 2082 723 2152 procedat
737 2081 773 2135 ad
785 2081 957 2135 sanctitican-
1007 2097 1107 2151 nuare,
1124 2087 1220 2136 tamen
1234 2082 1273 2136 ita
1286 2083 1416 2154 legenda,
1441 2086 1468 2137 at
1486 2100 1521 2137 eo
1545 2100 1635 2155 usque
1658 2084 1824 2155 exponenda

144 2175 211 2231 dam
227 2171 399 2242 creaturam,
414 2181 443 2230 et
453 2192 509 2230 non
524 2176 609 2230 sirnnl
625 2176 659 2230 de
676 2181 795 2246 utroque
809 2174 955 2246 procedat,
1007 2179 1058 2244 est,
1080 2192 1135 2246 quo
1149 2176 1184 2230 ad
1197 2175 1311 2231 illarum
1325 2177 1532 2248 scripturarum
1560 2177 1750 2242 concordiam
1765 2194 1824 2249 per·

141 2269 379 2325 absurdissimum
402 2272 453 2334 est,
482 2287 538 2324 nou
565 2270 655 2323 sulum
678 2268 783 2333 dicere,
801 2269 848 2323 scd
870 2268 956 2322 etiam
1008 2269 1136 2336 ducatur,
1166 2273 1195 2323 et
1219 2270 1252 2324 ad
1278 2271 1372 2341 legem
1401 2271 1547 2325 charitatis
1570 2271 1715 2327 catholieo
1742 2287 1824 2327 sensu

142 2364 277 2435 cogitare,
295 2380 460 2435 quanquam
475 2363 563 2435 aliqui
573 2363 730 2418 admodum
744 2362 919 2433 insipientes,
929 2366 958 2415 et
1007 2362 1199 2433 perveniatur.
1215 2383 1228 2413 a

143 2457 178 2514 de
193 2458 246 2513 hoc
261 2457 345 2512 stulte
360 2457 596 2527 theologizantes,
613 2456 670 2511 tale
684 2456 809 2512 stultitiae
824 2471 881 2510 sure
895 2472 957 2527 pru-
1042 2456 1174 2510 Neclrites
1195 2456 1421 2527 archiepiscopus
1447 2458 1618 2514 Nicomediae
1633 2458 1709 2514 dixit
1725 2477 1758 2514 1«
1775 2463 1824 2515 lsle

142 2555 254 2623 ponunt
269 2551 443 2621 exemplum.
454 2552 539 2615 Sicut,
551 2550 695 2622 inquiunt,
704 2551 790 2605 Filius
804 2550 955 2604 hominum
1007 2549 1139 2617 Hilarius,
1156 2549 1257 2621 dequo
1270 2550 1348 2617 dicis,
1365 2551 1546 2606 Pietariensis
1560 2553 1716 2625 episeopus
1730 2554 1826 2609 multis

142 2662 177 2700 ea
192 2647 272 2700 Patre
286 2644 418 2715 procedit
436 2645 464 2698 iu
479 2648 611 2711 matrem,
626 2648 655 2698 et
668 2661 702 2698 ex
720 2650 811 2698 matre
828 2644 957 2715 procedit
1006 2644 1166 2698 Graecorum
1184 2643 1308 2698 conciliis
1321 2644 1476 2716 antiquitus
1491 2646 1652 2701 interfuisse
1667 2646 1823 2713 invenitur,

141 2738 171 2792 in
186 2739 258 2792 harre
273 2740 377 2805 lucem,
392 2738 561 2792 naturaliter
583 2738 618 2792 de
631 2737 787 2792 substantia
810 2738 955 2808 utriusque
1007 2741 1036 2790 et
1055 2754 1167 2808 magum
1181 2738 1322 2808 opinionis
1336 2740 1410 2809 apud
1426 2743 1537 2793 nostros
1554 2740 1609 2793 luit
1623 2745 1652 2794 et
1679 2746 1733 2810 est,
1748 2743 1825 2813 eujus

144 2832 270 2887 existens
285 2849 291 2898 ;
306 2833 344 2885 ita
367 2832 492 2902 prolecto
512 2831 632 2902 Spiritus
654 2835 766 2885 sanetus
788 2848 805 2885 a
827 2832 909 2885 Patre
927 2831 955 2884 in
1006 2831 1112 2901 scripta
1128 2836 1157 2885 tu
1173 2832 1258 2886 ruodo
1275 2831 1303 2885 in
1320 2832 1413 2887 medio
1431 2834 1538 2903 prolata
1554 2834 1621 2889 satis
1634 2840 1718 2891 cante
1732 2836 1824 2891 deter-

142 2925 257 2993 Filium,
272 2927 300 2979 ct
314 2941 365 2995 per
381 2925 484 2980 Filium
494 2925 528 2979 ad
544 2924 772 2979 sanctificandam
793 2931 955 2979 creaturam
1007 2925 1130 2979 minasti.
1145 2925 1200 2979 Hos
1221 2941 1334 2996 quoque
1356 2926 1378 2979 si
1399 2927 1514 2997 qnando
1537 2927 1580 2980 lris
1606 2928 1713 2983 similia
1734 2930 1765 2984 in
1786 2947 1825 2983 co

138 3018 279 3088 procedit.
292 3018 371 3071 Tales
385 3018 434 3089 qui
455 3017 522 3072 talia
543 3018 651 3084 dicunt,
679 3018 813 3089 quoniam
834 3019 862 3073 iu
886 3024 955 3073 tem·
980 3017 1114 3093 ,dicihus
1129 3023 1293 3073 nostrorum
1308 3019 1457 3074 doctorum
1472 3020 1644 3089 invenimus,
1667 3023 1755 3077 simili
1777 3024 1825 3078 de·

138 3127 210 3182 pore
224 3114 300 3178 sunt,
309 3110 507 3182 temporaliter
522 3112 687 3183 loquuntur,
701 3116 729 3166 et
738 3112 844 3183 scipsos
853 3068 992 3166 falluntss
1006 3111 1209 3167 terminatione
1220 3112 1455 3167 determinamus.
1465 3114 1619 3169 Cumanim
1632 3116 1663 3168 iu
1675 3118 1826 3188 Scriptnris

138 3204 316 3276 assignantes
338 3205 506 3276 temporalia
530 3206 665 3260 aeternis:
687 3205 850 3260 cumcuim
872 3206 955 3262 Filius
1005 3209 1108 3263 sanetis
1129 3210 1165 3263 de
1189 3211 1283 3281 aliqua
1303 3227 1369 3265 vera
1391 3214 1528 3267 sententia
1551 3218 1674 3283 constat,
1702 3232 1761 3269 nou
1787 3220 1826 3271 cst

136 3297 287 3353 hominum
315 3298 444 3370 procedit
474 3315 507 3353 ex
538 3304 618 3370 patre
660 3299 689 3353 in
726 3304 858 3369 matrem,
887 3305 954 3355 tnnc
1005 3301 1120 3356 difficile
1133 3304 1266 3374 prudenti
1280 3304 1378 3359 lectori
1389 3306 1823 3381 verbaquolihetmodoscripta

136 3409 196 3447 non
222 3392 350 3464 procedit
374 3409 409 3447 ex
438 3396 528 3447 matre
558 3393 587 3447 in
624 3393 726 3460 lucem,
759 3396 787 3447 ct
827 3411 891 3448 cunr
923 3394 951 3448 in
1004 3396 1201 3452 adreritatem
1225 3398 1371 3453 sententiaa
1396 3399 1541 3455 inclinare.
1564 3402 1691 3457 Proinde
1715 3404 1823 3459 rrorcrit

134 3486 208 3541 hanc
236 3487 328 3541 lucem
356 3486 485 3557 procedit
517 3504 550 3540 cr
577 3492 679 3555 matre,
706 3503 763 3541 non
791 3493 858 3541 tunc
890 3504 954 3558 pro·
1005 3489 1130 3545 charitas
1153 3494 1209 3561 tua,
1233 3493 1388 3561 praemissis
1409 3498 1451 3548 tot
1475 3494 1646 3564 rationibus,
1671 3504 1702 3552 ct
1722 3515 1824 3569 suppo·

135 3578 268 3634 caelites
295 3579 386 3634 Patre.
420 3579 553 3651 Ideoque,
584 3581 728 3635 trahentes
762 3581 836 3634 Hanc
870 3581 951 3652 inep-
1004 3583 1065 3637 sitis
1089 3588 1132 3638 tot
1155 3585 1328 3652 auctoribus,
1355 3603 1401 3640 me
1434 3594 1463 3642 et
1492 3589 1636 3658 quoslibet
1678 3592 1824 3663 sapientes

135 3678 193 3728 tam
221 3672 449 3741 similitudinem,
487 3674 640 3728 trabuntur
665 3690 723 3728 nou
751 3673 895 3729 immerito
921 3675 952 3729 in
1003 3677 1170 3732 Graecorum
1185 3681 1259 3733 stare
1276 3683 1371 3735 tecum
1387 3680 1415 3735 in
1429 3681 1528 3736 eadem
1542 3684 1687 3739 sententia
1702 3686 1738 3739 de
1758 3703 1823 3757 pro-

135 3783 274 3834 crrorem,
292 3772 320 3822 ct
333 3767 362 3820 in
377 3767 505 3838 ejusdem
520 3769 622 3823 erroris
640 3769 749 3839 justam
775 3768 950 3823 condemna·
1003 3771 1131 3825 cessione
1148 3771 1269 3842 Spiritus
1283 3773 1395 3828 sancti:
1417 3780 1616 3831 verumtamen
1639 3778 1706 3832 nolo
1726 3785 1758 3834 ut
1771 3796 1822 3850 pu-

135 3859 256 3915 tionem.
1003 3869 1045 3919 tes
1060 3881 1113 3920 uos
1127 3865 1212 3920 modo
1229 3882 1279 3937 per
1293 3870 1319 3920 te
1338 3867 1366 3921 in
1386 3867 1440 3923 hac
1453 3871 1501 3923 tua
1514 3869 1708 3940 disputatione
1722 3889 1822 3945 super-

171 3974 185 4003 «
200 3953 253 4007 mit
268 3970 297 4007 se
313 3970 400 4025 supra
415 3970 443 4009 se
459 3954 488 4008 in
510 3954 686 4026 theologiam
714 3954 908 4024 extendentes,
924 3960 953 4011 el
1004 3961 1065 4012 atos
1079 3959 1132 4013 hoc
1147 3959 1287 4029 confiteri,
1302 3962 1437 4032 quoniam
1450 3963 1593 4034 sapientes
1607 3965 1698 4020 Graci
1709 3982 1824 4039 semper

134 4053 233 4113 tamen
250 4046 372 4101 multum
389 4047 464 4101 intra
491 4047 668 4120 theologiam
683 4054 876 4117 remanentes,
894 4066 951 4104 non
1002 4052 1078 4107 Hanc
1092 4053 1263 4108 sententiam
1283 4058 1450 4123 tenueraut;
1464 4063 1493 4111 et
1508 4057 1530 4110 si
1547 4058 1664 4128 quando
1679 4061 1821 4133 asapien-

134 4141 231 4194 minus
247 4141 375 4211 ineptam
387 4140 605 4196 similitudinem
628 4142 680 4196 sihi
695 4142 892 4211 adinveniunt,
912 4144 952 4198 di·
1002 4146 1077 4200 tibus
1099 4146 1205 4201 latinis
1225 4147 1287 4202 haec
1306 4149 1408 4202 eadem
1433 4151 1549 4221 queastio
1566 4151 1717 4208 humiliter
1747 4162 1824 4210 mota

135 4237 242 4301 centes,
258 4234 334 4306 quod
347 4234 419 4290 sient
433 4236 510 4290 lacus
523 4252 555 4291 ex
571 4237 660 4305 forrte,
674 4253 731 4291 non
758 4253 793 4291 cx
816 4237 885 4307 rivo,
901 4238 951 4292 sed
1004 4240 1146 4310 estquod
1162 4242 1245 4296 corde
1272 4241 1467 4313 crediderunt,
1488 4261 1537 4299 ore
1559 4246 1683 4302 confessi
1704 4255 1824 4316 suntet

133 4343 184 4399 per
198 4327 290 4382 rivum
304 4329 458 4399 procedere
472 4329 585 4398 dicitur,
602 4330 631 4383 in
652 4346 739 4401 quem
762 4329 895 4385 videlicet
916 4331 951 4385 ri·
1002 4335 1139 4389 omnihus
1154 4351 1217 4406 quae
1232 4335 1266 4390 de
1286 4336 1339 4390 hac
1354 4338 1513 4407 quaestione
1527 4340 1630 4412 scripta
1654 4347 1724 4398 sunt
1739 4360 1822 4399 revo-

134 4422 534 4493 vumaquaipsiuslacusde
550 4423 787 4494 iontcprodiens,
814 4440 865 4494 per
884 4427 1073 4514 eunrDeatis
1100 4427 1137 4483 ad
1162 4429 1256 4499 legem
1280 4429 1434 4500 charitatis,
1462 4437 1519 4486 tam
1554 4433 1644 4488 Latini
1667 4437 1822 4507 sapientes,

132 4515 235 4570 transit
246 4532 278 4570 ac
288 4516 418 4587 peruenit
432 4516 460 4570 in
482 4520 627 4587 stagnum,
644 4517 723 4572 sicet
736 4517 855 4588 Spiritus
869 4534 950 4571 sanc·

136 4611 181 4662 tus
217 4626 251 4663 cx
275 4611 357 4664 Patre
382 4609 496 4681 proprio
523 4609 677 4679 procedere
703 4610 815 4664 dicatur
840 4611 951 4682 quasia

132 4719 245 4758 sumina
260 4702 382 4775 origine,
397 4704 425 4758 in
442 4702 542 4757 l'ilium
557 4703 637 4774 quasi
652 4703 681 4757 in
692 4703 794 4772 rivum,
810 4706 887 4759 etita
902 4722 952 4776 per

133 4795 236 4851 Filium
251 4797 331 4868 qnasi
345 4813 397 4868 per
411 4797 502 4850 rivum
519 4796 554 4851 ad
570 4797 786 4853 sanctificandos
806 4798 949 4866 homines,

132 4891 212 4961 quasi
227 4890 254 4944 in
269 4893 405 4961 stagnum
421 4890 504 4960 hujus
517 4890 622 4944 saeculi.
637 4892 742 4945 Verum
756 4890 909 4963 egonriror
923 4898 951 4948 ct

130 4984 319 5056 perhorresco
338 4983 502 5054 hujusmodi
515 4982 949 5057 similitudinesdecomprehen-

131 5078 259 5133 sihililrus
273 5078 309 5133 nd
324 5078 627 5149 incomprehensibilia
650 5082 769 5145 erectas,
794 5096 858 5150 quaa
883 5096 948 5134 cum

130 5171 166 5225 ad
183 5171 378 5241 cognitionem
392 5171 517 5227 veritatis
535 5170 679 5241 attingere
696 5176 849 5244 nequeant,
864 5174 949 5245 longe

130 5263 204 5317 iulra
221 5267 385 5332 remanent,
401 5269 430 5321 et
441 5265 552 5321 animos
566 5266 778 5322 intendentium
796 5284 848 5322 sua
869 5283 949 5322 occu·

129 5357 246 5429 palione
261 5358 433 5431 impediunt,
448 5363 478 5414 et
492 5359 664 5433 plerumque
680 5376 697 5415 a
711 5360 852 5417 reemlide
866 5377 946 5417 aver·

125 5453 205 5520 tunt,
224 5468 289 5507 cum
315 5452 424 5524 objecta
447 5454 521 5509 arole
536 5454 727 5526 corporalium
741 5460 946 5523 creaturarum,

128 5545 185 5602 iter
197 5545 423 5619 pervestigandae
447 5547 573 5603 veritatis
595 5548 624 5602 in
644 5548 746 5603 diuinis
768 5552 796 5604 et
818 5548 947 5621 spiritua-

125 5742 183 5807 (aa
193 5744 335 5816 Hilarius,
348 5749 401 5804 lih.
418 5764 464 5807 κη
483 5752 527 5808 Do
543 5752 655 5819 Triaria,
670 5752 725 5810 sub
738 5753 843 5808 tinem.

1002 4537 1088 4592 quam
1108 4522 1197 4576 Graeci
1217 4523 1366 4593 sapientes,
1383 4525 1562 4581 concorditer
1583 4527 1611 4580 in
1637 4544 1730 4584 uunnr
1755 4548 1822 4587 con·

1003 4618 1164 4669 senserunt.
1180 4619 1214 4671 at
1240 4632 1306 4671 vero
1329 4617 1400 4672 nihil
1423 4623 1517 4674 nostra
1544 4621 1674 4689 interest,
1689 4624 1762 4695 qnid
1781 4625 1824 4680 rel

1002 4709 1079 4762 stulti
1094 4709 1193 4777 Graeci,
1211 4710 1255 4765 vol
1278 4711 1392 4781 superbi
1416 4712 1506 4768 latini
1522 4714 1597 4769 inter
1617 4732 1647 4770 se
1670 4717 1772 4774 dicant
1796 4725 1825 4775 et

1000 4802 1187 4858 contendant.
1202 4824 1215 4852 n

1251 4898 1447 4955 ChPlTliLllll
1465 4902 1566 4958 tavit.

1000 5002 1036 5054 He
1049 5001 1195 5055 eoncordia
1219 5002 1298 5070 lenias
1318 5006 1486 5070 quaestionis,
1499 5010 1524 5058 et
1546 5006 1579 5059 de
1602 5006 1722 5062 tollendo
1743 5026 1823 5065 scurr-

1035 5080 1099 5134 dalo
1118 5081 1150 5135 de
1175 5081 1262 5135 medio
1283 5084 1423 5151 utriusque
1448 5087 1543 5151 pontis,
1574 5090 1741 5143 anctoritate
1772 5093 1824 5146 Ho-

1034 5161 1110 5213 muai
1121 5163 1256 5230 proatitieis
1267 5178 1316 5231 per
1331 5165 1472 5219 conscilium
1486 5168 1619 5235 pertercle.

1034 5270 1185 5324 Anselmus
1196 5272 1428 5344 llarelhergensis
1446 5276 1683 5349 episcopusdixit
1698 5296 1706 5335 ι
1722 5301 1738 5330 «ι
1752 5282 1822 5339 Gra-

997 5361 1052 5417 tias
1067 5379 1187 5435 agamus
1200 5365 1316 5436 Spiritui
1328 5371 1438 5436 sancto,
1454 5369 1502 5440 qni
1518 5387 1571 5427 uos
1585 5371 1660 5427 hane
1683 5376 1822 5446 quaestio·

999 5472 1067 5510 nem
1081 5456 1208 5512 lraterna
1221 5475 1292 5530 pace
1307 5463 1335 5515 et
1348 5462 1482 5517 concordi
1496 5464 1679 5522 consessione
1702 5467 1734 5523 in
1749 5486 1821 5540 pra·

997 5551 1089 5608 sentia
1114 5558 1259 5609 matorum
1288 5554 1424 5625 virorum,
1456 5557 1505 5628 qni
1532 5562 1561 5613 et
1590 5558 1642 5631 ipsi
1667 5562 1820 5621 trobiscurn
