3750 6046
70 176 133 245 'la
783 189 943 249 oauamcv
963 187 1093 247 vivatis
1732 184 1767 240 eu

88 308 272 369 ineffabiliter
299 314 399 370 unctus
426 315 529 385 (lietu,
547 331 570 382 1,
586 316 622 386 9),
638 314 1035 400 inaestimabilisqueAlisina
1054 330 1120 370 vero
1140 317 1244 370 nostrae
1266 312 1360 368 carnis
1379 311 1502 368 tolerans
1516 328 1567 385 per
1587 317 1764 384 assumptam

88 405 197 463 consilii
212 411 339 480 paternas
361 408 583 480 dispensationis
601 411 719 482 angelus
732 408 900 479 (secuudum
951 408 1172 464 humanitatem.
1193 409 1309 480 Legem,
1325 425 1410 478 quam
1425 424 1476 479 per
1495 408 1617 478 Moysem
1633 406 1764 469 dederat,

88 501 199 556 omcula
219 503 437 574 prophetamm,
463 503 513 575 qui
538 503 644 574 Spiritu
672 507 770 558 savrcto
794 503 899 571 edocti,
951 501 1151 558 inviolabililer
1173 503 1311 569 servavit,
1340 507 1367 556 et
1395 517 1512 557 omnem
1536 501 1675 572 jivstitiam
1703 500 1764 570 ipse

60 588 63 593 ’
88 610 138 650 seu
150 594 238 650 stellae
259 594 286 649 in
312 595 396 668 hujus
412 597 505 652 saeculi
519 601 599 653 nocte
612 596 763 665 fulserunt,
779 601 810 652 ιι
824 596 901 652 velut
951 595 1051 669 legifer
1063 611 1114 666 per
1126 595 1223 651 ornnia
1237 595 1376 666 implevit.
1393 596 1461 649 Nam
1477 594 1629 650 octavadie
1639 594 1762 648 circum·

87 687 154 759 galli
175 689 368 744 somnolentos
380 690 578 746 antelucanum
592 690 721 745 canendo
736 692 898 758 excitantes,
953 690 1026 745 cisus
1039 692 1090 755 est,
1105 692 1134 745 et
1146 689 1361 761 quadragesima
1381 689 1427 744 die
1442 705 1507 743 cum
1522 689 1607 760 legali
1621 687 1764 742 oblatione

87 781 227 836 llomiuici
244 781 383 837 adventus
394 784 528 853 mysteria
538 783 681 839 vaticinati
697 784 771 855 suut)
789 785 898 855 regiam
953 782 981 838 in
995 784 1101 854 templo
1113 783 1189 837 Patri
1203 782 1314 838 oblatus
1326 789 1367 837 est
1381 782 1466 851 (Luc,
1481 799 1511 849 ιι,
1530 786 1559 836 ιι
1569 785 1638 849 ιιι.

87 873 229 945 virginem
256 876 381 944 Mariam,
401 876 435 931 de
460 876 566 932 familia
588 878 664 948 regis
685 877 770 933 David
795 883 898 947 ortam,
987 876 1052 944 Sed,
1066 877 1197 947 quamvis
1214 875 1298 947 Virgo
1320 881 1411 931 mater
1431 877 1502 931 diva
1527 876 1612 947 prolis
1634 875 1764 947 alligaret

89 968 125 1023 de
138 970 236 1024 multis
249 969 374 1025 millibus
396 986 483 1025 uuam
499 970 596 1041 elegit,
612 971 797 1044 omniumque
815 971 900 1026 virtu·
950 969 1186 1042 rnembrapauuis
1196 969 1331 1036 involuta,
1346 974 1375 1024 ιι
1388 970 1475 1040 pedes
1493 986 1650 1041 manusque
1665 968 1763 1023 stricta

90 1067 151 1117 tum
171 1063 251 1135 copia
269 1062 390 1135 gloriose
405 1063 570 1135 insignitam
593 1064 644 1119 sibi
659 1070 781 1120 matrem
795 1064 898 1121 effecit.
951 1065 1080 1135 cingeret
1096 1063 1190 1123 fascia.
1206 1068 1343 1135 tenerque
1360 1063 1453 1119 iulans
1473 1064 1547 1118 inter
1569 1069 1644 1118 arcta
1665 1063 1763 1118 condi-

89 1155 228 1211 Geuevose
242 1156 322 1228 virgo
336 1156 473 1212 virtutum
488 1157 620 1230 insigniis
633 1158 779 1228 adornata,
795 1160 899 1231 loseph
951 1161 996 1213 lus
1024 1159 1164 1230 praesepia
1191 1159 1299 1230 vagiret
1326 1175 1377 1230 pro
1400 1159 1536 1225 humana,
1564 1174 1648 1229 quam
1675 1158 1765 1212 Patris

85 1250 163 1319 justo
182 1249 316 1304 divinitus
337 1249 518 1322 desponsata,
540 1268 557 1306 a
580 1251 710 1307 Gabriele
730 1254 900 1324 archangelo
951 1247 1023 1302 '01¹0
1048 1252 1218 1318 διιὸὓθιιθιθῑ,
1242 1247 1373 1313 miseri&
1399 1247 1527 1302 sublimis
1556 1251 1653 1301 lamen
1679 1248 1764 1312 ⁰0¹¹&

90 1342 212 1399 solunte
234 1344 363 1412 (haemi,
384 1344 419 1399 de
447 1345 554 1417 Spiritu
577 1351 675 1400 sancto
698 1345 900 1418 impraegnata,
953 1345 1018 1397 orto
1032 1341 1060 1395 in
1082 1341 1188 1396 aethere
1209 1357 1284 1396 novo
1310 1341 1411 1408 sidere,
1426 1344 1600 1397 monstratus
1625 1345 1675 1405 est,
1702 1346 1728 1394 et
1750 1358 1764 1392 a

92 1435 289 1491 desideratum
318 1437 426 1492 eunctis
452 1438 583 1508 gentibus
602 1438 789 1506 salvatorem,
813 1456 898 1511 quem
953 1435 1045 1506 magis
1059 1434 1247 1489 orientalibus
1260 1434 1395 1489 divinitus
1406 1435 1553 1490 illustratis
1571 1435 1600 1488 iu
1618 1435 1762 1488 lletlileem

90 1528 151 1584 sine
169 1529 274 1586 delicto
289 1530 427 1602 concepit,
443 1548 489 1585 rm
506 1532 562 1586 lial.
579 1533 706 1587 ianuarii
729 1533 789 1587 siue
802 1533 900 1589 dolore
952 1528 1115 1600 requisitus,
1129 1528 1224 1600 ibique
1239 1528 1267 1583 in
1281 1527 1429 1583 cunabulis
1445 1529 1586 1594 iuventus,
1601 1544 1634 1582 ac
1650 1531 1681 1582 ut
1692 1528 1765 1583 Deus

90 1623 199 1678 mundo
218 1624 337 1695 peperit.
357 1624 400 1680 Sic
421 1624 560 1680 Dominus
574 1631 669 1680 noster
683 1628 762 1681 lesus
774 1627 901 1682 Christus
953 1623 1087 1677 adoratus
1100 1624 1152 1677 est.
1169 1622 1326 1677 Prudentes
1344 1621 1419 1692 magi
1440 1622 1496 1677 tria
1517 1638 1637 1675 munera
1652 1622 1686 1675 de
1701 1623 1765 1676 thc-

89 1716 183 1788 prima
197 1732 297 1772 census
320 1716 500 1790 ascriptione,
514 1718 707 1789 Cirinosyriae
721 1694 1043 1791 praesidenre‚sssauris
1068 1715 1126 1770 suis
1150 1717 1272 1787 pretiosa
1294 1716 1484 1788 protulerunt,
1511 1732 1624 1781 aurum,
1649 1716 1714 1769 thus
1738 1721 1766 1769 ιι.

89 1810 246 1865 secuudum
263 1810 393 1865 ordinem
416 1811 503 1867 totius
524 1811 681 1883 prophetia
701 1829 765 1884 quae
786 1814 820 1869 de
841 1815 901 1885 ipso
954 1809 1100 1881 myrrham
1115 1810 1227 1865 Christo
1240 1814 1340 1881 sponte
1357 1808 1536 1874 obtulerunt,
1555 1808 1658 1880 quibus
1670 1808 1763 1879 ipsum

88 1903 223 1974 predicta
236 1904 340 1958 sst:in
355 1903 500 1960 Bethleem
522 1904 602 1960 tudae
619 1905 724 1977 oppido
745 1913 826 1963 natus
848 1915 899 1963 est.
952 1919 1097 1958 summum
1124 1919 1233 1976 regem,
1260 1920 1419 1975 verumque
1447 1904 1534 1957 Deum
1563 1909 1592 1955 et
1615 1904 1763 1958 mortalem

90 1998 236 2063 Praeclara,
263 2002 294 2052 ut
326 2014 436 2053 veraces
471 1998 622 2070 Scriptura
649 2001 790 2061 referunt,
819 2003 900 2074 signa
954 1995 1100 2052 homiuem
1124 1997 1278 2068 praeconati
1299 2000 1375 2051 suut.
1397 1996 1550 2053 illectionis
1563 1996 1690 2067 gentium
1704 1997 1763 2068 pri-

89 2096 222 2146 nascente
247 2091 357 2149 Christo
378 2091 485 2146 coelitus
511 2098 621 2147 ostensa
646 2100 728 2161 sunt,
755 2100 783 2150 et
805 2096 899 2166 augeli
953 2091 1041 2145 mitia
1055 2092 1082 2145 iu
1100 2091 1142 2145 his
1154 2095 1327 2147 consecratas
1340 2095 1416 2159 suut,
1431 2108 1494 2162 quau,
1509 2090 1544 2145 de
1560 2090 1632 2145 Saba
1646 2090 1765 2162 aliisque

87 2184 123 2238 de
150 2185 239 2240 saluta
264 2185 413 2241 hominum
438 2185 483 2256 pie
507 2187 682 2256 gratulantes
707 2188 898 2244 cecinerunt:
956 2185 1120 2240 nationibus
1137 2186 1194 2240 late
1212 2201 1263 2256 per
1281 2185 1378 2239 orbem
1403 2183 1537 2255 dispersis
1561 2183 1597 2238 ud
1620 2184 1763 2240 Christum

89 2279 222 2335 Gloriam
241 2280 383 2334 villissimas
403 2282 455 2335 Deo
475 2286 499 2334 et
526 2281 556 2334 in
577 2284 649 2336 terra
668 2296 729 2350 pira
751 2283 902 2339 hominihus
953 2278 981 2332 in
1007 2277 1153 2333 Bethleem
1178 2283 1411 2349 properaverunt.
1433 2279 1462 2331 ln
1486 2277 1591 2332 somnis
1603 2278 1638 2332 ah
1658 2278 1764 2347 arigelo

89 2371 165 2426 bona
177 2372 327 2426 voluntatis
340 2374 350 2425 l
362 2374 447 2441 (hirc,
466 2389 493 2437 u,
510 2373 600 2431 v-ltl
952 2372 1119 2427 commoniti
1133 2387 1168 2425 ue
1185 2372 1311 2427 redirent
1324 2371 1359 2425 ad
1374 2372 1525 2438 llerodem,
1546 2387 1597 2442 per
1613 2370 1690 2426 aliud
1713 2371 1767 2426 iter

125 2466 208 2518 Anno
234 2464 328 2536 itaque
347 2465 466 2521 Caesaris
487 2466 606 2537 Augusti
634 2484 698 2533 rau,
722 2468 757 2522 ab
785 2469 901 2524 interitu
953 2464 980 2519 in
995 2481 1075 2519 saram
1088 2466 1145 2520 laeti
1159 2466 1332 2537 repedarunt
1344 2465 1491 2536 regionem
1504 2464 1663 2534 (Martum,
1682 2465 1763 2528 l-lajv.

89 2573 154 2613 vvuo
167 2556 322 2628 Cleopatras
341 2561 371 2612 et
390 2558 518 2624 Antonii,
542 2560 655 2630 quaudo
671 2562 700 2614 et
716 2562 853 2633 AEgyplus
872 2562 900 2616 in
986 2559 1124 2630 Tempore
1143 2558 1320 2630 purgationis
1341 2574 1401 2613 suae
1428 2559 1513 2628 Virgo
1539 2574 1641 2630 parens
1660 2558 1763 2612 devota

88 2650 263 2721 provinciam
283 2668 364 2706 versa
381 2657 433 2717 est,
448 2668 548 2721 xxvnv;
569 2653 740 2725 olympiadis
754 2671 822 2709 vero
836 2671 900 2710 cen·
953 2652 1093 2724 templum
1109 2652 1188 2714 adiit,
1205 2654 1318 2723 [leoque
1340 2651 1414 2707 Patri
1435 2667 1558 2723 puerum
1572 2652 1762 2722 praesentavit,

90 2744 199 2800 tesimae
221 2745 416 2817 nonagesimae
438 2745 530 2801 terties
558 2762 634 2801 anno
653 2748 748 2817 terlio,
771 2748 807 2802 uh
829 2749 901 2804 Urbe
951 2763 1037 2818 quem
1054 2745 1172 2801 Simeon
1191 2746 1425 2815 senexjustusiu
1447 2745 1519 2799 uluis
1542 2744 1672 2815 suscepit.
1690 2745 1764 2799 Felix

89 2841 184 2893 autem
200 2837 315 2893 condita
327 2842 389 2904 752,
413 2838 441 2894 id
464 2843 507 2893 est
526 2856 561 2894 eo
579 2856 656 2894 anno
677 2857 735 2913 quo
756 2858 899 2913 eompres-
953 2839 1111 2894 silicernius
1126 2839 1154 2893 in
1169 2840 1227 2894 ilco
1239 2838 1400 2905 exsultavit,
1413 2838 1478 2910 quia
1495 2838 1545 2892 diu
1569 2843 1765 2909 exspectatum

89 2931 127 2987 sis
144 2935 310 2987 cunctarum
329 2948 380 3003 per
395 2932 495 2987 orbem
515 2936 597 2988 terrae
611 2933 740 3004 gentium
767 2935 900 3005 mutibus,
952 2933 1125 2988 Salvatorem
1147 2933 1276 3004 gentium
1297 2932 1375 3000 vidit,
1395 2948 1446 3002 per
1473 2931 1609 3003 Spiritum
1634 2935 1764 2987 sanctum

89 3024 282 3080 firmissimam
315 3025 547 3098 verissimamque
582 3043 691 3098 pacem,
724 3026 1078 3132 ordinatiouccagnovit
1096 3026 1228 3081 manibus
1243 3026 1373 3097 gestavit,
1388 3041 1513 3098 eumque
1535 3025 1648 3097 populis
1661 3024 1726 3079 vilre
1739 3028 1767 3079 et

90 3118 151 3187 Dei,
175 3119 268 3174 Caesar
290 3119 458 3174 Octavianus
474 3120 646 3192 composuit,
669 3123 749 3176 lesus
775 3122 902 3179 Christus
953 3120 1285 3175 mortisessedomiuum
1298 3118 1768 3190 predicavit,elrnultisadmiran·

90 3211 177 3267 l’ilius
190 3213 241 3268 Dei
254 3216 361 3267 sextam
382 3213 484 3268 mundi
498 3216 611 3268 atatem
625 3215 747 3269 adveulu
768 3231 819 3270 suo
833 3232 900 3271 con·
951 3213 1027 3268 tibus
1046 3230 1111 3268 cum
1131 3212 1242 3284 ingenti
1269 3211 1393 3283 tripudio
1414 3212 1570 3267 benedixit.
1592 3215 1674 3267 Αιιιιι
1700 3229 1765 3283 pro-

89 3307 218 3361 secravit.
479 3318 489 3335 ·
952 3307 1062 3379 phetes,
1077 3307 1133 3360 lilia
1152 3307 1276 3361 Phanuel
1296 3306 1425 3376 gaudeus
1444 3305 1551 3373 adfuit3
1573 3305 1659 3360 vidua
1681 3306 1768 3360 virtu·

126 3400 166 3455 ab
194 3399 273 3455 initio
299 3400 397 3454 mundi
424 3401 564 3472 usquead
586 3401 764 3457 nativitatem
784 3403 900 3471 Christi,
952 3399 1151 3472 tibuspolleus
1168 3400 1311 3456 Christum
1342 3400 1467 3471 agnovit,
1494 3402 1645 3471 ipsumque
1674 3401 1765 3470 palam

90 3494 245 3549 secundum
266 3493 428 3549 hebraicam
449 3494 608 3562 veritatem,
624 3495 691 3550 anui
712 3498 781 3551 aest
801 3513 901 3551 nume·
952 3493 1083 3549 omuibus
1107 3493 1156 3564 qui
1176 3493 1407 3565 redemptionem
1433 3493 1668 3565 praestolabantur
1689 3495 1767 3548 leru-

92 3592 204 3645 mntur:
226 3586 308 3659 juxta
330 3587 569 3658 computationem
589 3604 656 3644 vero
678 3588 776 3644 Isidori
802 3590 900 3663 llispa-
952 3588 1052 3653 saleni,
1064 3588 1124 3658 jam
1140 3587 1250 3642 venisse
1265 3587 1425 3658 praeciouit.
1448 3589 1584 3642 Parentes
1599 3602 1650 3657 pro
1664 3603 1699 3643 eo
1713 3604 1769 3657 par·

91 3680 177 3735 tensis
190 3680 324 3752 episcopi,
337 3680 517 3752 aliorumque
533 3682 724 3752 quorumdam
739 3682 900 3751 doctorum,
953 3686 1090 3736 turturum
1110 3687 1160 3735 cut
1187 3681 1254 3736 duos
1272 3681 1362 3750 pullos
1386 3680 1573 3735 columbarum
1599 3680 1769 3735 obtuleruut

92 3775 161 3828 5¹54
176 3776 381 3845 supputantur.
397 3775 647 3829 Porrosecuudum
661 3776 901 3847 computationem
954 3776 1042 3844 (hirc.
1067 3791 1095 3840 u,
1117 3774 1228 3844 alae„
1253 3773 1356 3845 quibus
1384 3774 1515 3829 Ecclesiae
1538 3774 1629 3829 uitida
1653 3775 1768 3830 castitas

91 3866 204 3922 Eusebii
218 3866 400 3923 Caesariensis
419 3871 448 3921 et
466 3867 639 3938 hieronymi,
660 3868 695 3922 ab
710 3868 797 3923 ddum
813 3885 903 3940 usque
954 3872 982 3924 et
995 3868 1096 3923 blanda
1110 3867 1276 3939 simplicitas
1290 3867 1479 3940 praefiguratae
1492 3871 1568 3923 suut.

91 3959 127 4012 ad
155 3975 219 4014 xvru
239 3975 348 4014 anuum
368 3959 471 4015 Tiberii
492 3959 618 4026 Caesaris,
639 3960 755 4033 quaudo
777 3962 904 4018 Christus
990 3963 1058 4016 Ecce
1080 3964 1145 4015 nato
1169 3961 1197 4016 in
1221 3978 1305 4016 carue
1331 3961 1453 4016 llumino
1476 3977 1534 4015 nou
1557 3960 1647 4015 solum
1671 3963 1768 4032 arigeli

91 4068 190 4123 passus
205 4056 257 4120 est,
273 4051 351 4121 anisi,
365 4055 431 4108 523¹
451 4053 534 4108 liunt.
720 4102 726 4113 .
955 4054 1103 4123 coelorum,
1120 4055 1168 4110 sed
1192 4060 1219 4110 et
1240 4055 1333 4110 omnis
1354 4060 1420 4109 aetas
1439 4054 1602 4109 mortalium
1625 4058 1654 4108 et
1672 4071 1767 4119 sexus,

126 4147 224 4203 Omnis
246 4145 424 4202 credentium
443 4147 597 4203 multitudo
623 4147 652 4203 iu
672 4147 777 4219 Spiritu
806 4154 903 4205 sancto
953 4148 1050 4203 reddit
1076 4148 1282 4204 testimouium.
1309 4148 1393 4219 Virgo
1418 4147 1504 4204 ldaria
1528 4146 1648 4218 Spiritus
1677 4148 1767 4203 sancti

92 4240 222 4307 exsultet,
236 4245 433 4311 aeternumque
449 4240 613 4297 Creatorem
630 4240 827 4297 indesinenter
839 4243 905 4298 ado·
954 4243 1152 4314 cooperatione
1180 4243 1320 4313 concepit,
1343 4242 1454 4313 peperit
1473 4248 1502 4296 et
1526 4241 1660 4307 lactavit3
1681 4242 1767 4313 eique

92 4336 156 4402 ret;
172 4333 253 4403 eique
266 4336 327 4388 tota
342 4334 446 4389 virtute
463 4333 632 4390 sacrificium
653 4335 746 4390 laudis
764 4335 902 4404 immolet,
954 4352 1006 4408 per
1016 4336 1112 4391 omnia
1124 4335 1274 4390 efficaciter
1283 4335 1371 4407 ipsius
1383 4351 1437 4406 ope
1449 4335 1630 4402 ministravit,
1645 4336 1769 4390 loannes

92 4427 140 4497 qui
165 4426 279 4481 unicum
299 4426 400 4481 Filium
422 4443 516 4495 suum,
535 4427 589 4482 sibi
611 4433 765 4500 sanctoque
786 4428 903 4501 Spiritui
913 4426 942 4497 Ι)
954 4429 984 4484 iu
996 4429 1187 4485 uteromatris
1198 4428 1349 4484 [lominum
1361 4429 1426 4483 laeto
1439 4434 1518 4500 gestu
1531 4443 1614 4483 sarvam
1624 4428 1767 4489 salutavit,

92 4522 269 4575 coaeteruum
288 4527 316 4575 ιι
336 4521 615 4589 consubstantialem,
638 4521 780 4577 incarnari
800 4524 903 4579 consti·
956 4528 985 4578 et
997 4524 1105 4594 repleta
1120 4523 1228 4594 Spiritu
1241 4526 1338 4577 sancto
1359 4521 1501 4578 Elisabeth
1523 4521 1627 4593 triplici
1647 4522 1768 4593 prophe·

91 4614 155 4680 tuit,
168 4619 224 4668 eta
240 4620 320 4670 reatu
334 4615 434 4670 mortis
454 4630 565 4670 servum
585 4614 711 4670 indebita
733 4620 824 4671 morte
844 4618 903 4672 l'ilii
956 4617 1001 4673 ιιι
1017 4618 1102 4673 modo
1119 4617 1251 4672 Ecclesiae
1271 4616 1306 4671 de
1320 4615 1417 4671 lllessia
1434 4617 1537 4687 atejus
1552 4615 1690 4687 genitrice
1707 4633 1768 4686 pro-

91 4706 225 4762 absulvit!
242 4708 375 4763 Clemens
388 4707 464 4763 euim
479 4707 627 4777 Conditor,
635 4709 800 4780 quiplasme
810 4726 903 4777 suum,
955 4712 1094 4783 phetavit.
1107 4710 1344 4767 Glorilicaveruut
1357 4709 1451 4781 angeli
1466 4709 1565 4773 Deum,
1581 4710 1769 4780 probumaua

92 4800 168 4873 quod
191 4800 225 4855 ud
250 4801 407 4873 imaginem
433 4804 463 4855 el
482 4801 697 4857 similitudinem
720 4802 763 4856 sui
789 4802 903 4872 iecerat,
957 4804 1152 4876 redemptione
1185 4804 1384 4869 incarnatum
1420 4802 1468 4873 qui
1500 4802 1568 4857 duvu
1611 4820 1663 4857 nos
1700 4820 1767 4857 con·

92 4894 201 4965 lapsum
235 4909 295 4949 esse
318 4893 483 4963 condoluit3
513 4894 763 4967 inestimabilique
784 4897 903 4953 consilio
954 4898 1078 4968 spiciunt
1093 4897 1210 4963 redimi,
1231 4912 1314 4951 suum
1338 4896 1463 4966 gaudent
1479 4912 1633 4951 numerum
1653 4896 1767 4967 repleri.

91 4987 267 5042 inexhaustae
286 4987 488 5057 profunditatis
500 5004 559 5043 suae
573 4989 698 5044 decrevit
712 4991 743 5042 ut
755 4990 904 5061 coaequalis
955 4992 1091 5063 hugolica
1121 4991 1278 5046 visitatione
1307 4996 1433 5061 pastores
1462 4989 1590 5045 instructi
1624 4991 1767 5046 Bethleem

92 5080 144 5135 sibi
159 5080 326 5135 danruatum
340 5080 370 5135 iu
385 5082 530 5152 ergastulo
544 5081 751 5138 Filiusservum
764 5083 902 5153 visitaret,
954 5091 1124 5151 accurrunt3
1144 5101 1245 5156 panem
1264 5084 1373 5151 vivum,
1395 5085 1445 5155 qui
1463 5086 1499 5140 de
1521 5084 1590 5139 evulo
1611 5083 1768 5150 desceudit‚

92 5173 296 5244 hominemque
310 5173 346 5227 de
361 5173 522 5244 captivitate
535 5175 656 5246 propriis
668 5176 702 5230 ad
718 5192 835 5248 gregem
848 5177 902 5232 bu·
955 5180 983 5234 in
998 5179 1293 5251 praesepioquaeruut;
1308 5177 1459 5247 interulam,
1472 5178 1520 5249 qui
1534 5177 1609 5231 caelis
1624 5177 1768 5249 praesidet,

91 5266 177 5321 meris
191 5265 238 5337 pic
249 5272 419 5337 reportaret,
434 5282 593 5340 novemque
604 5268 720 5325 ordines
732 5271 902 5343 augelorum
955 5272 1058 5344 pannis
1084 5272 1243 5326 involutum
1264 5271 1425 5327 inveniunt.
1448 5273 1595 5326 Pastorum
1621 5270 1770 5341 praeconiis

89 5359 133 5414 sui
146 5359 352 5415 restauratione
365 5361 479 5416 numeri
492 5362 617 5432 perfecte
632 5362 807 5420 loetitlcsretl
953 5365 1131 5421 audientium
1155 5365 1241 5420 corda
1265 5365 1300 5420 de
1322 5365 1426 5422 Christi
1452 5363 1555 5419 notitia
1577 5363 1715 5435 gaudium
1741 5370 1768 5418 et

126 5452 211 5507 Filius
229 5452 326 5525 itaqua
347 5453 394 5509 llei
410 5454 496 5510 homo
515 5456 607 5510 factrus
627 5456 657 5511 id
671 5456 748 5530 quod
769 5458 824 5514 ruit
837 5476 901 5531 per·
952 5458 1171 5514 admirationem
1187 5459 1361 5531 concipiunt.
1374 5455 1521 5513 Zacharias
1535 5462 1564 5512 et
1574 5457 1688 5513 Simeon
1697 5457 1769 5527 justi

88 5546 206 5613 mansit,
222 5552 251 5601 st
264 5547 339 5618 quod
357 5562 414 5603 non
435 5552 496 5604 crat
510 5550 662 5622 assumpsit
673 5568 682 5621 3
698 5568 754 5607 non
768 5552 901 5608 commis·
953 5566 1034 5607 sauss
1045 5550 1188 5607 Christum
1209 5551 1392 5617 cantitentur,
1411 5552 1441 5604 ιι
1459 5550 1493 5605 (ιι
1516 5549 1565 5604 illo
1582 5550 1678 5604 lutura
1701 5551 1770 5605 vati·

88 5638 196 5695 bouem
213 5656 321 5712 passus,
336 5657 430 5714 neque
443 5641 624 5714 divisionem,
641 5661 706 5700 cum
720 5646 805 5701 Patre
817 5660 901 5701 sauc-
951 5644 1103 5713 eluantur-3
1120 5645 1221 5717 quibus
1235 5645 1263 5701 iu
1277 5642 1383 5700 Christi
1400 5658 1498 5699 amore
1512 5659 1584 5698 auus
1597 5643 1680 5699 beata
1695 5643 1767 5698 ilde-

86 5748 161 5807 oque
186 5732 293 5807 Spiritu
317 5750 426 5809 regens
446 5737 542 5794 omnia
567 5754 621 5810 per
636 5738 832 5808 divinitatem,
861 5738 903 5795 iu·
951 5737 1017 5795 liter
1035 5743 1115 5796 Αιιιιι
1136 5739 1301 5795 comitatur.
1325 5735 1410 5795 lionis
1428 5737 1523 5811 itaque
1541 5737 1617 5793 felici
1633 5736 1768 5807 jucundi-
