<?xml version="1.0" encoding="UTF-8"?>
<!DOCTYPE html PUBLIC "-//W3C//DTD XHTML 1.0 Transitional//EN"
    "http://www.w3.org/TR/xhtml1/DTD/xhtml1-transitional.dtd">
<html xmlns="http://www.w3.org/1999/xhtml" xml:lang="en" lang="en">
 <head>
  <title>
</title>
<meta http-equiv="Content-Type" content="text/html;charset=utf-8" />
  <meta name='ocr-system' content='tesseract 3.04.00' />
  <meta name='ocr-capabilities' content='ocr_page ocr_carea ocr_par ocr_line ocrx_word'/>
</head>
<body>
  <div class='ocr_page' id='page_1' title='image "./patrologiaecurs67unkngoog_0067.png"; bbox 0 0 3750 6046; ppageno 0'>
   <div class='ocr_carea' id='block_1_1' title="bbox 145 194 1828 269">
    <p class='ocr_par' dir='ltr' id='par_1_1' title="bbox 145 194 1828 269">
     <span class='ocr_line' id='line_1_1' title="bbox 145 194 1828 269; baseline -0.002 1"><span class='ocrx_word' id='word_1_1' title='bbox 145 194 196 257; x_wconf 69' lang='grc' dir='ltr'><strong>ιιι</strong></span> <span class='ocrx_word' id='word_1_2' title='bbox 832 208 1141 269; x_wconf 77' lang='lat' dir='ltr'><strong>osonuuurlus</strong></span> <span class='ocrx_word' id='word_1_3' title='bbox 1776 205 1828 267; x_wconf 81' lang='lat' dir='ltr'><strong>ns</strong></span> 
     </span>
    </p>
   </div>
   <div class='ocr_carea' id='block_1_2' title="bbox 139 330 1875 5781">
    <p class='ocr_par' dir='ltr' id='par_1_2' title="bbox 139 330 1875 5781">
     <span class='ocr_line' id='line_1_2' title="bbox 141 330 1827 421; baseline 0.005 -42"><span class='ocrx_word' id='word_1_4' title='bbox 141 331 287 397; x_wconf 85' lang='lat' dir='ltr'><strong>utrumqne</strong></span> <span class='ocrx_word' id='word_1_5' title='bbox 306 330 477 399; x_wconf 67' lang='lat' dir='ltr'><strong>conplentur.</strong></span> <span class='ocrx_word' id='word_1_6' title='bbox 499 332 615 400; x_wconf 73' lang='lat' dir='ltr'><strong>Quidem</strong></span> <span class='ocrx_word' id='word_1_7' title='bbox 635 334 834 391; x_wconf 78' lang='lat' dir='ltr'><strong>Plarianorum</strong></span> <span class='ocrx_word' id='word_1_8' title='bbox 852 339 1042 421; x_wconf 63' lang='lat' dir='ltr'><strong>pugna-Aet</strong></span> <span class='ocrx_word' id='word_1_9' title='bbox 1063 338 1181 392; x_wconf 90' lang='lat' dir='ltr'><strong>conatos</strong></span> <span class='ocrx_word' id='word_1_10' title='bbox 1205 334 1405 407; x_wconf 78' lang='lat' dir='ltr'><strong>gubernatoris</strong></span> <span class='ocrx_word' id='word_1_11' title='bbox 1423 337 1454 392; x_wconf 91' lang='lat' dir='ltr'><strong>ct</strong></span> <span class='ocrx_word' id='word_1_12' title='bbox 1477 334 1604 391; x_wconf 84' lang='lat' dir='ltr'><strong>naucleri</strong></span> <span class='ocrx_word' id='word_1_13' title='bbox 1626 334 1827 406; x_wconf 71' lang='lat' dir='ltr'><strong>praevaluerat.</strong></span> 
     </span>
     <span class='ocr_line' id='line_1_3' title="bbox 144 421 1826 501; baseline 0.004 -24"><span class='ocrx_word' id='word_1_14' title='bbox 144 422 222 489; x_wconf 90' lang='lat' dir='ltr'><strong>bont,</strong></span> <span class='ocrx_word' id='word_1_15' title='bbox 235 421 351 479; x_wconf 75' lang='lat' dir='ltr'><strong>&lt;limatos</strong></span> <span class='ocrx_word' id='word_1_16' title='bbox 367 444 375 478; x_wconf 78' lang='grc' dir='ltr'><strong>ε</strong></span> <span class='ocrx_word' id='word_1_17' title='bbox 390 426 467 482; x_wconf 78' lang='lat' dir='ltr'><strong>nuit</strong></span> <span class='ocrx_word' id='word_1_18' title='bbox 483 429 552 482; x_wconf 90' lang='lat' dir='ltr'><strong>mali</strong></span> <span class='ocrx_word' id='word_1_19' title='bbox 567 430 719 483; x_wconf 71' lang='lat' dir='ltr'><strong>incutimus</strong></span> <span class='ocrx_word' id='word_1_20' title='bbox 733 431 762 483; x_wconf 90' lang='lat' dir='ltr'><strong>ia</strong></span> <span class='ocrx_word' id='word_1_21' title='bbox 779 429 884 485; x_wconf 83' lang='lat' dir='ltr'><strong>bomine</strong></span> <span class='ocrx_word' id='word_1_22' title='bbox 894 433 961 495; x_wconf 67' lang='lat' dir='ltr'><strong>istor</strong></span> <span class='ocrx_word' id='word_1_23' title='bbox 1011 429 1118 495; x_wconf 80' lang='lat' dir='ltr'><strong>Quibus</strong></span> <span class='ocrx_word' id='word_1_24' title='bbox 1138 431 1267 486; x_wconf 90' lang='lat' dir='ltr'><strong>centurio</strong></span> <span class='ocrx_word' id='word_1_25' title='bbox 1285 447 1349 487; x_wconf 92' lang='lat' dir='ltr'><strong>com</strong></span> <span class='ocrx_word' id='word_1_26' title='bbox 1368 430 1505 486; x_wconf 82' lang='lat' dir='ltr'><strong>militibus</strong></span> <span class='ocrx_word' id='word_1_27' title='bbox 1522 430 1615 501; x_wconf 89' lang='lat' dir='ltr'><strong>magis</strong></span> <span class='ocrx_word' id='word_1_28' title='bbox 1634 428 1826 501; x_wconf 76' lang='lat' dir='ltr'><strong>acquieverat.</strong></span> 
     </span>
     <span class='ocr_line' id='line_1_4' title="bbox 143 516 1829 596; baseline 0.006 -28"><span class='ocrx_word' id='word_1_29' title='bbox 143 516 213 584; x_wconf 84' lang='lat' dir='ltr'><strong>quid</strong></span> <span class='ocrx_word' id='word_1_30' title='bbox 232 518 257 570; x_wconf 87' lang='lat' dir='ltr'><strong>si</strong></span> <span class='ocrx_word' id='word_1_31' title='bbox 275 518 396 587; x_wconf 83' lang='lat' dir='ltr'><strong>Spiritus</strong></span> <span class='ocrx_word' id='word_1_32' title='bbox 416 520 517 576; x_wconf 86' lang='lat' dir='ltr'><strong>loculus</strong></span> <span class='ocrx_word' id='word_1_33' title='bbox 540 527 580 577; x_wconf 89' lang='lat' dir='ltr'><strong>cst</strong></span> <span class='ocrx_word' id='word_1_34' title='bbox 601 523 693 578; x_wconf 83' lang='lat' dir='ltr'><strong>elaad</strong></span> <span class='ocrx_word' id='word_1_35' title='bbox 713 523 856 593; x_wconf 78' lang='lat' dir='ltr'><strong>Anpelus?</strong></span> <span class='ocrx_word' id='word_1_36' title='bbox 873 524 963 595; x_wconf 87' lang='lat' dir='ltr'><strong>lgitar</strong></span> <span class='ocrx_word' id='word_1_37' title='bbox 1011 526 1139 596; x_wconf 78' lang='lat' dir='ltr'><strong>Praceps</strong></span> <span class='ocrx_word' id='word_1_38' title='bbox 1150 524 1247 596; x_wconf 88' lang='lat' dir='ltr'><strong>itaque</strong></span> <span class='ocrx_word' id='word_1_39' title='bbox 1258 524 1402 581; x_wconf 73' lang='lat' dir='ltr'><strong>festinatio</strong></span> <span class='ocrx_word' id='word_1_40' title='bbox 1414 524 1556 581; x_wconf 73' lang='lat' dir='ltr'><strong>hiemales</strong></span> <span class='ocrx_word' id='word_1_41' title='bbox 1568 524 1706 596; x_wconf 90' lang='lat' dir='ltr'><strong>procellas</strong></span> <span class='ocrx_word' id='word_1_42' title='bbox 1719 527 1829 578; x_wconf 88' lang='lat' dir='ltr'><strong>temere</strong></span> 
     </span>
     <span class='ocr_line' id='line_1_5' title="bbox 143 614 1830 689; baseline 0.004 -26"><span class='ocrx_word' id='word_1_43' title='bbox 143 624 204 664; x_wconf 92' lang='lat' dir='ltr'><strong>cum</strong></span> <span class='ocrx_word' id='word_1_44' title='bbox 226 626 329 680; x_wconf 76' lang='lat' dir='ltr'><strong>magna</strong></span> <span class='ocrx_word' id='word_1_45' title='bbox 350 614 477 671; x_wconf 69' lang='lat' dir='ltr'><strong>daunais</strong></span> <span class='ocrx_word' id='word_1_46' title='bbox 498 617 578 683; x_wconf 71' lang='lat' dir='ltr'><strong>[arcta</strong></span> <span class='ocrx_word' id='word_1_47' title='bbox 603 622 680 681; x_wconf 74' lang='lat' dir='ltr'><strong>unct,</strong></span> <span class='ocrx_word' id='word_1_48' title='bbox 704 618 843 675; x_wconf 59' lang='lat' dir='ltr'><strong>tubanus,</strong></span> <span class='ocrx_word' id='word_1_49' title='bbox 866 619 961 673; x_wconf 89' lang='lat' dir='ltr'><strong>timens</strong></span> <span class='ocrx_word' id='word_1_50' title='bbox 1012 618 1108 687; x_wconf 88' lang='lat' dir='ltr'><strong>subiit,</strong></span> <span class='ocrx_word' id='word_1_51' title='bbox 1125 623 1154 674; x_wconf 90' lang='lat' dir='ltr'><strong>et</strong></span> <span class='ocrx_word' id='word_1_52' title='bbox 1173 634 1246 689; x_wconf 90' lang='lat' dir='ltr'><strong>pene</strong></span> <span class='ocrx_word' id='word_1_53' title='bbox 1266 634 1376 688; x_wconf 88' lang='lat' dir='ltr'><strong>omncs,</strong></span> <span class='ocrx_word' id='word_1_54' title='bbox 1390 618 1444 674; x_wconf 90' lang='lat' dir='ltr'><strong>nisi</strong></span> <span class='ocrx_word' id='word_1_55' title='bbox 1463 618 1566 673; x_wconf 87' lang='lat' dir='ltr'><strong>merita</strong></span> <span class='ocrx_word' id='word_1_56' title='bbox 1583 616 1663 673; x_wconf 89' lang='lat' dir='ltr'><strong>Pauli</strong></span> <span class='ocrx_word' id='word_1_57' title='bbox 1680 615 1830 673; x_wconf 80' lang='lat' dir='ltr'><strong>subvenis·</strong></span> 
     </span>
     <span class='ocr_line' id='line_1_6' title="bbox 143 706 1829 784; baseline 0.004 -27"><span class='ocrx_word' id='word_1_58' title='bbox 143 718 177 757; x_wconf 93' lang='lat' dir='ltr'><strong>ne</strong></span> <span class='ocrx_word' id='word_1_59' title='bbox 192 706 294 761; x_wconf 89' lang='lat' dir='ltr'><strong>Paulus</strong></span> <span class='ocrx_word' id='word_1_60' title='bbox 309 708 344 763; x_wconf 91' lang='lat' dir='ltr'><strong>ab</strong></span> <span class='ocrx_word' id='word_1_61' title='bbox 359 709 425 778; x_wconf 84' lang='lat' dir='ltr'><strong>ipsis</strong></span> <span class='ocrx_word' id='word_1_62' title='bbox 442 710 656 779; x_wconf 63' lang='lat' dir='ltr'><strong>discerpentem</strong></span> <span class='ocrx_word' id='word_1_63' title='bbox 670 709 777 765; x_wconf 85' lang='lat' dir='ltr'><strong>auxilio</strong></span> <span class='ocrx_word' id='word_1_64' title='bbox 790 709 914 766; x_wconf 90' lang='lat' dir='ltr'><strong>militum</strong></span> <span class='ocrx_word' id='word_1_65' title='bbox 928 711 963 766; x_wconf 90' lang='lat' dir='ltr'><strong>dc</strong></span> <span class='ocrx_word' id='word_1_66' title='bbox 1012 716 1084 779; x_wconf 90' lang='lat' dir='ltr'><strong>sent,</strong></span> <span class='ocrx_word' id='word_1_67' title='bbox 1107 712 1254 769; x_wconf 77' lang='lat' dir='ltr'><strong>demersit.</strong></span> <span class='ocrx_word' id='word_1_68' title='bbox 1279 713 1388 769; x_wconf 81' lang='lat' dir='ltr'><strong>Nimiae</strong></span> <span class='ocrx_word' id='word_1_69' title='bbox 1413 713 1520 784; x_wconf 79' lang='lat' dir='ltr'><strong>quippe</strong></span> <span class='ocrx_word' id='word_1_70' title='bbox 1543 716 1639 767; x_wconf 88' lang='lat' dir='ltr'><strong>metus</strong></span> <span class='ocrx_word' id='word_1_71' title='bbox 1661 715 1692 766; x_wconf 89' lang='lat' dir='ltr'><strong>at</strong></span> <span class='ocrx_word' id='word_1_72' title='bbox 1714 710 1829 766; x_wconf 90' lang='lat' dir='ltr'><strong>labores</strong></span> 
     </span>
     <span class='ocr_line' id='line_1_7' title="bbox 142 800 1829 877; baseline 0.005 -26"><span class='ocrx_word' id='word_1_73' title='bbox 142 800 230 853; x_wconf 78' lang='lat' dir='ltr'><strong>inedia</strong></span> <span class='ocrx_word' id='word_1_74' title='bbox 243 816 334 858; x_wconf 88' lang='lat' dir='ltr'><strong>eorum</strong></span> <span class='ocrx_word' id='word_1_75' title='bbox 351 802 448 875; x_wconf 83' lang='lat' dir='ltr'><strong>rapuit</strong></span> <span class='ocrx_word' id='word_1_76' title='bbox 463 808 492 857; x_wconf 92' lang='lat' dir='ltr'><strong>ct</strong></span> <span class='ocrx_word' id='word_1_77' title='bbox 505 806 536 857; x_wconf 91' lang='lat' dir='ltr'><strong>in</strong></span> <span class='ocrx_word' id='word_1_78' title='bbox 554 810 646 860; x_wconf 86' lang='lat' dir='ltr'><strong>costra</strong></span> <span class='ocrx_word' id='word_1_79' title='bbox 660 803 774 860; x_wconf 86' lang='lat' dir='ltr'><strong>induxit</strong></span> <span class='ocrx_word' id='word_1_80' title='bbox 787 804 871 875; x_wconf 78' lang='lat' dir='ltr'><strong>(ecc,</strong></span> <span class='ocrx_word' id='word_1_81' title='bbox 885 820 960 873; x_wconf 81' lang='lat' dir='ltr'><strong>xxlu,</strong></span> <span class='ocrx_word' id='word_1_82' title='bbox 1010 805 1087 877; x_wconf 90' lang='lat' dir='ltr'><strong>passi</strong></span> <span class='ocrx_word' id='word_1_83' title='bbox 1113 811 1189 875; x_wconf 91' lang='lat' dir='ltr'><strong>sunt,</strong></span> <span class='ocrx_word' id='word_1_84' title='bbox 1217 807 1286 862; x_wconf 91' lang='lat' dir='ltr'><strong>dom</strong></span> <span class='ocrx_word' id='word_1_85' title='bbox 1316 808 1346 861; x_wconf 93' lang='lat' dir='ltr'><strong>in</strong></span> <span class='ocrx_word' id='word_1_86' title='bbox 1374 806 1472 877; x_wconf 83' lang='lat' dir='ltr'><strong>Syrtes</strong></span> <span class='ocrx_word' id='word_1_87' title='bbox 1497 805 1665 873; x_wconf 90' lang='lat' dir='ltr'><strong>inciderent,</strong></span> <span class='ocrx_word' id='word_1_88' title='bbox 1693 809 1722 860; x_wconf 88' lang='lat' dir='ltr'><strong>et</strong></span> <span class='ocrx_word' id='word_1_89' title='bbox 1749 804 1829 859; x_wconf 84' lang='lat' dir='ltr'><strong>neris</strong></span> 
     </span>
     <span class='ocr_line' id='line_1_8' title="bbox 145 891 1829 972; baseline -0.005 -11"><span class='ocrx_word' id='word_1_90' title='bbox 145 891 237 961; x_wconf 74' lang='lat' dir='ltr'><strong>2·¹0i·</strong></span> <span class='ocrx_word' id='word_1_91' title='bbox 1010 904 1192 957; x_wconf 88' lang='lat' dir='ltr'><strong>armamenta</strong></span> <span class='ocrx_word' id='word_1_92' title='bbox 1201 900 1328 972; x_wconf 89' lang='lat' dir='ltr'><strong>disrupta</strong></span> <span class='ocrx_word' id='word_1_93' title='bbox 1341 904 1445 967; x_wconf 90' lang='lat' dir='ltr'><strong>essent,</strong></span> <span class='ocrx_word' id='word_1_94' title='bbox 1459 899 1618 972; x_wconf 85' lang='lat' dir='ltr'><strong>cademque</strong></span> <span class='ocrx_word' id='word_1_95' title='bbox 1631 898 1756 970; x_wconf 89' lang='lat' dir='ltr'><strong>propriis</strong></span> <span class='ocrx_word' id='word_1_96' title='bbox 1770 914 1829 953; x_wconf 86' lang='lat' dir='ltr'><strong>ma·</strong></span> 
     </span>
     <span class='ocr_line' id='line_1_9' title="bbox 180 988 1827 1066; baseline 0.002 -23"><span class='ocrx_word' id='word_1_97' title='bbox 180 988 308 1059; x_wconf 81' lang='lat' dir='ltr'><strong>Sequenti</strong></span> <span class='ocrx_word' id='word_1_98' title='bbox 320 996 395 1047; x_wconf 86' lang='lat' dir='ltr'><strong>nacte</strong></span> <span class='ocrx_word' id='word_1_99' title='bbox 412 994 539 1049; x_wconf 80' lang='lat' dir='ltr'><strong>assistens</strong></span> <span class='ocrx_word' id='word_1_100' title='bbox 558 996 584 1049; x_wconf 88' lang='lat' dir='ltr'><strong>ei</strong></span> <span class='ocrx_word' id='word_1_101' title='bbox 600 996 737 1057; x_wconf 74' lang='lat' dir='ltr'><strong>Dominus</strong></span> <span class='ocrx_word' id='word_1_102' title='bbox 750 996 792 1049; x_wconf 88' lang='lat' dir='ltr'><strong>ait</strong></span> <span class='ocrx_word' id='word_1_103' title='bbox 805 1012 815 1049; x_wconf 75' lang='grc' dir='ltr'><strong><em>ε</em></strong></span> <span class='ocrx_word' id='word_1_104' title='bbox 829 994 961 1050; x_wconf 78' lang='lat' dir='ltr'><strong>Constans</strong></span> <span class='ocrx_word' id='word_1_105' title='bbox 1011 994 1093 1049; x_wconf 89' lang='lat' dir='ltr'><strong>nibus</strong></span> <span class='ocrx_word' id='word_1_106' title='bbox 1112 997 1142 1050; x_wconf 90' lang='lat' dir='ltr'><strong>et</strong></span> <span class='ocrx_word' id='word_1_107' title='bbox 1158 993 1284 1050; x_wconf 88' lang='lat' dir='ltr'><strong>triticum</strong></span> <span class='ocrx_word' id='word_1_108' title='bbox 1303 1000 1332 1051; x_wconf 90' lang='lat' dir='ltr'><strong>et</strong></span> <span class='ocrx_word' id='word_1_109' title='bbox 1354 994 1411 1051; x_wconf 89' lang='lat' dir='ltr'><strong>alia</strong></span> <span class='ocrx_word' id='word_1_110' title='bbox 1431 1010 1496 1065; x_wconf 80' lang='lat' dir='ltr'><strong>quie</strong></span> <span class='ocrx_word' id='word_1_111' title='bbox 1516 993 1638 1066; x_wconf 89' lang='lat' dir='ltr'><strong>puppim</strong></span> <span class='ocrx_word' id='word_1_112' title='bbox 1656 992 1827 1060; x_wconf 88' lang='lat' dir='ltr'><strong>onerabant,</strong></span> 
     </span>
     <span class='ocr_line' id='line_1_10' title="bbox 143 1085 1829 1161; baseline 0.002 -23"><span class='ocrx_word' id='word_1_113' title='bbox 143 1088 213 1147; x_wconf 82' lang='lat' dir='ltr'><strong>eslo;</strong></span> <span class='ocrx_word' id='word_1_114' title='bbox 233 1085 301 1140; x_wconf 79' lang='lat' dir='ltr'><strong>sicut</strong></span> <span class='ocrx_word' id='word_1_115' title='bbox 321 1086 394 1141; x_wconf 88' lang='lat' dir='ltr'><strong>enim</strong></span> <span class='ocrx_word' id='word_1_116' title='bbox 417 1090 576 1156; x_wconf 63' lang='lat' dir='ltr'><strong>testificatus</strong></span> <span class='ocrx_word' id='word_1_117' title='bbox 597 1103 625 1143; x_wconf 87' lang='lat' dir='ltr'><strong>cs</strong></span> <span class='ocrx_word' id='word_1_118' title='bbox 647 1089 681 1143; x_wconf 91' lang='lat' dir='ltr'><strong>dc</strong></span> <span class='ocrx_word' id='word_1_119' title='bbox 701 1104 743 1143; x_wconf 90' lang='lat' dir='ltr'><strong>mc</strong></span> <span class='ocrx_word' id='word_1_120' title='bbox 764 1091 794 1144; x_wconf 93' lang='lat' dir='ltr'><strong>in</strong></span> <span class='ocrx_word' id='word_1_121' title='bbox 814 1090 962 1145; x_wconf 73' lang='lat' dir='ltr'><strong>Jerusalem</strong></span> <span class='ocrx_word' id='word_1_122' title='bbox 1009 1088 1205 1161; x_wconf 87' lang='lat' dir='ltr'><strong>projecissent.</strong></span> <span class='ocrx_word' id='word_1_123' title='bbox 1233 1090 1310 1144; x_wconf 91' lang='lat' dir='ltr'><strong>luter</strong></span> <span class='ocrx_word' id='word_1_124' title='bbox 1340 1089 1419 1155; x_wconf 81' lang='lat' dir='ltr'><strong>haec,</strong></span> <span class='ocrx_word' id='word_1_125' title='bbox 1449 1088 1571 1158; x_wconf 77' lang='lat' dir='ltr'><strong>Angelus</strong></span> <span class='ocrx_word' id='word_1_126' title='bbox 1597 1087 1708 1143; x_wconf 83' lang='lat' dir='ltr'><strong>Domini</strong></span> <span class='ocrx_word' id='word_1_127' title='bbox 1736 1087 1829 1141; x_wconf 84' lang='lat' dir='ltr'><strong>astitit</strong></span> 
     </span>
     <span class='ocr_line' id='line_1_11' title="bbox 143 1179 1829 1252; baseline 0.002 -20"><span class='ocrx_word' id='word_1_128' title='bbox 143 1179 182 1232; x_wconf 87' lang='lat' dir='ltr'><strong>sic</strong></span> <span class='ocrx_word' id='word_1_129' title='bbox 201 1182 225 1234; x_wconf 84' lang='lat' dir='ltr'><strong>te</strong></span> <span class='ocrx_word' id='word_1_130' title='bbox 242 1184 347 1249; x_wconf 88' lang='lat' dir='ltr'><strong>oportet</strong></span> <span class='ocrx_word' id='word_1_131' title='bbox 360 1184 450 1238; x_wconf 83' lang='lat' dir='ltr'><strong>Roma</strong></span> <span class='ocrx_word' id='word_1_132' title='bbox 464 1184 613 1252; x_wconf 61' lang='lat' dir='ltr'><strong>testificari.</strong></span> <span class='ocrx_word' id='word_1_133' title='bbox 629 1185 711 1239; x_wconf 81' lang='lat' dir='ltr'><strong>Facta</strong></span> <span class='ocrx_word' id='word_1_134' title='bbox 724 1184 779 1245; x_wconf 90' lang='lat' dir='ltr'><strong>die,</strong></span> <span class='ocrx_word' id='word_1_135' title='bbox 794 1182 960 1238; x_wconf 74' lang='lat' dir='ltr'><strong>ludaeorum</strong></span> <span class='ocrx_word' id='word_1_136' title='bbox 1010 1184 1106 1250; x_wconf 88' lang='lat' dir='ltr'><strong>Panlo,</strong></span> <span class='ocrx_word' id='word_1_137' title='bbox 1125 1184 1217 1238; x_wconf 85' lang='lat' dir='ltr'><strong>dicem</strong></span> <span class='ocrx_word' id='word_1_138' title='bbox 1231 1183 1316 1242; x_wconf 85' lang='lat' dir='ltr'><strong>:Noli</strong></span> <span class='ocrx_word' id='word_1_139' title='bbox 1332 1186 1435 1245; x_wconf 77' lang='lat' dir='ltr'><strong>tinere,</strong></span> <span class='ocrx_word' id='word_1_140' title='bbox 1453 1182 1547 1245; x_wconf 85' lang='lat' dir='ltr'><strong>Paule,</strong></span> <span class='ocrx_word' id='word_1_141' title='bbox 1561 1183 1662 1241; x_wconf 81' lang='lat' dir='ltr'><strong>Casari</strong></span> <span class='ocrx_word' id='word_1_142' title='bbox 1678 1188 1703 1236; x_wconf 87' lang='lat' dir='ltr'><strong>tc</strong></span> <span class='ocrx_word' id='word_1_143' title='bbox 1722 1184 1829 1251; x_wconf 83' lang='lat' dir='ltr'><strong>oportet</strong></span> 
     </span>
     <span class='ocr_line' id='line_1_12' title="bbox 140 1273 1830 1348; baseline 0.002 -23"><span class='ocrx_word' id='word_1_144' title='bbox 140 1273 305 1344; x_wconf 86' lang='lat' dir='ltr'><strong>plusquam</strong></span> <span class='ocrx_word' id='word_1_145' title='bbox 324 1276 513 1346; x_wconf 80' lang='lat' dir='ltr'><strong>quadraginta</strong></span> <span class='ocrx_word' id='word_1_146' title='bbox 533 1276 571 1332; x_wconf 87' lang='lat' dir='ltr'><strong>ad</strong></span> <span class='ocrx_word' id='word_1_147' title='bbox 589 1278 730 1348; x_wconf 74' lang='lat' dir='ltr'><strong>principes</strong></span> <span class='ocrx_word' id='word_1_148' title='bbox 747 1278 917 1332; x_wconf 85' lang='lat' dir='ltr'><strong>sacerdotum</strong></span> <span class='ocrx_word' id='word_1_149' title='bbox 935 1282 961 1333; x_wconf 90' lang='lat' dir='ltr'><strong>ct</strong></span> <span class='ocrx_word' id='word_1_150' title='bbox 1009 1280 1150 1344; x_wconf 77' lang='lat' dir='ltr'><strong>assistem3</strong></span> <span class='ocrx_word' id='word_1_151' title='bbox 1164 1282 1188 1334; x_wconf 86' lang='lat' dir='ltr'><strong>et</strong></span> <span class='ocrx_word' id='word_1_152' title='bbox 1207 1292 1264 1333; x_wconf 90' lang='lat' dir='ltr'><strong>cccc</strong></span> <span class='ocrx_word' id='word_1_153' title='bbox 1283 1278 1397 1332; x_wconf 69' lang='lat' dir='ltr'><strong>mansit</strong></span> <span class='ocrx_word' id='word_1_154' title='bbox 1418 1277 1469 1331; x_wconf 87' lang='lat' dir='ltr'><strong>tibi</strong></span> <span class='ocrx_word' id='word_1_155' title='bbox 1487 1280 1557 1332; x_wconf 81' lang='lat' dir='ltr'><strong>licus</strong></span> <span class='ocrx_word' id='word_1_156' title='bbox 1574 1290 1664 1332; x_wconf 87' lang='lat' dir='ltr'><strong>omncs</strong></span> <span class='ocrx_word' id='word_1_157' title='bbox 1683 1277 1733 1345; x_wconf 87' lang='lat' dir='ltr'><strong>qui</strong></span> <span class='ocrx_word' id='word_1_158' title='bbox 1751 1275 1830 1329; x_wconf 87' lang='lat' dir='ltr'><strong>noui·</strong></span> 
     </span>
     <span class='ocr_line' id='line_1_13' title="bbox 143 1368 1532 1442; baseline 0.002 -21"><span class='ocrx_word' id='word_1_159' title='bbox 143 1368 261 1423; x_wconf 75' lang='lat' dir='ltr'><strong>aestimes</strong></span> <span class='ocrx_word' id='word_1_160' title='bbox 275 1374 454 1431; x_wconf 68' lang='lat' dir='ltr'><strong>irenaeum,</strong></span> <span class='ocrx_word' id='word_1_161' title='bbox 467 1375 496 1426; x_wconf 90' lang='lat' dir='ltr'><strong>et</strong></span> <span class='ocrx_word' id='word_1_162' title='bbox 512 1372 578 1425; x_wconf 86' lang='lat' dir='ltr'><strong>voto</strong></span> <span class='ocrx_word' id='word_1_163' title='bbox 592 1386 623 1425; x_wconf 90' lang='lat' dir='ltr'><strong>se</strong></span> <span class='ocrx_word' id='word_1_164' title='bbox 640 1370 871 1425; x_wconf 81' lang='lat' dir='ltr'><strong>constrinxerunt</strong></span> <span class='ocrx_word' id='word_1_165' title='bbox 882 1371 960 1442; x_wconf 93' lang='lat' dir='ltr'><strong>quod</strong></span> <span class='ocrx_word' id='word_1_166' title='bbox 1009 1376 1078 1442; x_wconf 77' lang='lat' dir='ltr'><strong>pant</strong></span> <span class='ocrx_word' id='word_1_167' title='bbox 1093 1378 1178 1427; x_wconf 89' lang='lat' dir='ltr'><strong>tecum</strong></span> <span class='ocrx_word' id='word_1_168' title='bbox 1193 1370 1275 1441; x_wconf 78' lang='lat' dir='ltr'><strong>(Act,</strong></span> <span class='ocrx_word' id='word_1_169' title='bbox 1289 1386 1372 1439; x_wconf 82' lang='lat' dir='ltr'><strong>xxvii,</strong></span> <span class='ocrx_word' id='word_1_170' title='bbox 1386 1373 1420 1426; x_wconf 76' lang='lat'><strong>23</strong></span> <span class='ocrx_word' id='word_1_171' title='bbox 1435 1373 1465 1425; x_wconf 92' lang='lat' dir='ltr'><strong>et</strong></span> <span class='ocrx_word' id='word_1_172' title='bbox 1475 1370 1532 1441; x_wconf 72' lang='lat' dir='ltr'><strong>tl).</strong></span> 
     </span>
     <span class='ocr_line' id='line_1_14' title="bbox 143 1460 1827 1536; baseline 0.002 -21"><span class='ocrx_word' id='word_1_173' title='bbox 143 1476 202 1515; x_wconf 91' lang='lat' dir='ltr'><strong>uon</strong></span> <span class='ocrx_word' id='word_1_174' title='bbox 221 1460 428 1518; x_wconf 79' lang='lat' dir='ltr'><strong>manducarent</strong></span> <span class='ocrx_word' id='word_1_175' title='bbox 446 1479 540 1535; x_wconf 91' lang='lat' dir='ltr'><strong>neque</strong></span> <span class='ocrx_word' id='word_1_176' title='bbox 560 1464 693 1519; x_wconf 89' lang='lat' dir='ltr'><strong>biberent</strong></span> <span class='ocrx_word' id='word_1_177' title='bbox 713 1463 805 1519; x_wconf 88' lang='lat' dir='ltr'><strong>donec</strong></span> <span class='ocrx_word' id='word_1_178' title='bbox 828 1464 958 1531; x_wconf 89' lang='lat' dir='ltr'><strong>Paolum,</strong></span> <span class='ocrx_word' id='word_1_179' title='bbox 1044 1468 1110 1522; x_wconf 90' lang='lat' dir='ltr'><strong>Post</strong></span> <span class='ocrx_word' id='word_1_180' title='bbox 1134 1464 1329 1536; x_wconf 79' lang='lat' dir='ltr'><strong>naufragium,</strong></span> <span class='ocrx_word' id='word_1_181' title='bbox 1357 1480 1423 1519; x_wconf 93' lang='lat' dir='ltr'><strong>cum</strong></span> <span class='ocrx_word' id='word_1_182' title='bbox 1451 1478 1563 1518; x_wconf 90' lang='lat' dir='ltr'><strong>summa</strong></span> <span class='ocrx_word' id='word_1_183' title='bbox 1591 1462 1760 1519; x_wconf 83' lang='lat' dir='ltr'><strong>ditllcoltate</strong></span> <span class='ocrx_word' id='word_1_184' title='bbox 1790 1463 1827 1519; x_wconf 85' lang='lat' dir='ltr'><strong>ad</strong></span> 
     </span>
     <span class='ocr_line' id='line_1_15' title="bbox 145 1554 1830 1629; baseline 0.002 -21"><span class='ocrx_word' id='word_1_185' title='bbox 145 1554 215 1609; x_wconf 91' lang='lat' dir='ltr'><strong>dum</strong></span> <span class='ocrx_word' id='word_1_186' title='bbox 235 1555 270 1610; x_wconf 93' lang='lat' dir='ltr'><strong>ad</strong></span> <span class='ocrx_word' id='word_1_187' title='bbox 288 1556 441 1612; x_wconf 91' lang='lat' dir='ltr'><strong>concilium</strong></span> <span class='ocrx_word' id='word_1_188' title='bbox 454 1557 654 1625; x_wconf 85' lang='lat' dir='ltr'><strong>adduceretur,</strong></span> <span class='ocrx_word' id='word_1_189' title='bbox 668 1558 841 1615; x_wconf 86' lang='lat' dir='ltr'><strong>occiderent.</strong></span> <span class='ocrx_word' id='word_1_190' title='bbox 856 1560 911 1613; x_wconf 92' lang='lat' dir='ltr'><strong>lloc</strong></span> <span class='ocrx_word' id='word_1_191' title='bbox 929 1563 960 1614; x_wconf 91' lang='lat' dir='ltr'><strong>ul</strong></span> <span class='ocrx_word' id='word_1_192' title='bbox 1009 1558 1129 1615; x_wconf 88' lang='lat' dir='ltr'><strong>insulam</strong></span> <span class='ocrx_word' id='word_1_193' title='bbox 1143 1557 1271 1629; x_wconf 80' lang='lat' dir='ltr'><strong>Mitylene</strong></span> <span class='ocrx_word' id='word_1_194' title='bbox 1289 1557 1401 1629; x_wconf 86' lang='lat' dir='ltr'><strong>appulsi</strong></span> <span class='ocrx_word' id='word_1_195' title='bbox 1417 1559 1494 1624; x_wconf 88' lang='lat' dir='ltr'><strong>sunl,</strong></span> <span class='ocrx_word' id='word_1_196' title='bbox 1507 1556 1605 1629; x_wconf 89' lang='lat' dir='ltr'><strong>eisque</strong></span> <span class='ocrx_word' id='word_1_197' title='bbox 1618 1556 1732 1612; x_wconf 90' lang='lat' dir='ltr'><strong>barbari</strong></span> <span class='ocrx_word' id='word_1_198' title='bbox 1748 1572 1830 1629; x_wconf 87' lang='lat' dir='ltr'><strong>mag·</strong></span> 
     </span>
     <span class='ocr_line' id='line_1_16' title="bbox 145 1649 1827 1724; baseline 0.002 -22"><span class='ocrx_word' id='word_1_199' title='bbox 145 1649 277 1704; x_wconf 90' lang='lat' dir='ltr'><strong>tribunos</strong></span> <span class='ocrx_word' id='word_1_200' title='bbox 295 1666 348 1720; x_wconf 92' lang='lat' dir='ltr'><strong>per</strong></span> <span class='ocrx_word' id='word_1_201' title='bbox 363 1650 452 1707; x_wconf 89' lang='lat' dir='ltr'><strong>lilium</strong></span> <span class='ocrx_word' id='word_1_202' title='bbox 471 1652 578 1707; x_wconf 91' lang='lat' dir='ltr'><strong>sororis</strong></span> <span class='ocrx_word' id='word_1_203' title='bbox 591 1652 669 1708; x_wconf 91' lang='lat' dir='ltr'><strong>Pauli</strong></span> <span class='ocrx_word' id='word_1_204' title='bbox 684 1652 827 1724; x_wconf 82' lang='lat' dir='ltr'><strong>cognorit,</strong></span> <span class='ocrx_word' id='word_1_205' title='bbox 841 1653 960 1708; x_wconf 90' lang='lat' dir='ltr'><strong>insidias</strong></span> <span class='ocrx_word' id='word_1_206' title='bbox 1010 1670 1076 1709; x_wconf 88' lang='lat' dir='ltr'><strong>nam</strong></span> <span class='ocrx_word' id='word_1_207' title='bbox 1091 1652 1302 1709; x_wconf 87' lang='lat' dir='ltr'><strong>humanitatem</strong></span> <span class='ocrx_word' id='word_1_208' title='bbox 1319 1651 1539 1723; x_wconf 89' lang='lat' dir='ltr'><strong>impenderunt;</strong></span> <span class='ocrx_word' id='word_1_209' title='bbox 1553 1666 1728 1722; x_wconf 86' lang='lat' dir='ltr'><strong>accensaque</strong></span> <span class='ocrx_word' id='word_1_210' title='bbox 1744 1666 1827 1722; x_wconf 84' lang='lat' dir='ltr'><strong>pyra,</strong></span> 
     </span>
     <span class='ocr_line' id='line_1_17' title="bbox 144 1718 1829 1820; baseline 0.001 -23"><span class='ocrx_word' id='word_1_211' title='bbox 144 1742 300 1814; x_wconf 87' lang='lat' dir='ltr'><strong>impiorum</strong></span> <span class='ocrx_word' id='word_1_212' title='bbox 322 1743 426 1801; x_wconf 89' lang='lat' dir='ltr'><strong>callide</strong></span> <span class='ocrx_word' id='word_1_213' title='bbox 447 1745 558 1801; x_wconf 85' lang='lat' dir='ltr'><strong>delusit.</strong></span> <span class='ocrx_word' id='word_1_214' title='bbox 578 1747 650 1801; x_wconf 89' lang='lat' dir='ltr'><strong>Num</strong></span> <span class='ocrx_word' id='word_1_215' title='bbox 673 1746 758 1802; x_wconf 89' lang='lat' dir='ltr'><strong>tertia</strong></span> <span class='ocrx_word' id='word_1_216' title='bbox 777 1747 868 1802; x_wconf 90' lang='lat' dir='ltr'><strong>noctis</strong></span> <span class='ocrx_word' id='word_1_217' title='bbox 887 1718 998 1802; x_wconf 79' lang='lat' dir='ltr'><strong>horaB</strong></span> <span class='ocrx_word' id='word_1_218' title='bbox 1009 1750 1127 1820; x_wconf 89' lang='lat' dir='ltr'><strong>propter</strong></span> <span class='ocrx_word' id='word_1_219' title='bbox 1139 1746 1263 1801; x_wconf 89' lang='lat' dir='ltr'><strong>imbrem</strong></span> <span class='ocrx_word' id='word_1_220' title='bbox 1275 1752 1305 1800; x_wconf 93' lang='lat' dir='ltr'><strong>et</strong></span> <span class='ocrx_word' id='word_1_221' title='bbox 1316 1744 1417 1816; x_wconf 77' lang='lat' dir='ltr'><strong>frigus,</strong></span> <span class='ocrx_word' id='word_1_222' title='bbox 1432 1743 1602 1799; x_wconf 86' lang='lat' dir='ltr'><strong>reiecerunt.</strong></span> <span class='ocrx_word' id='word_1_223' title='bbox 1616 1743 1657 1799; x_wconf 92' lang='lat' dir='ltr'><strong>lbi</strong></span> <span class='ocrx_word' id='word_1_224' title='bbox 1670 1744 1742 1798; x_wconf 91' lang='lat' dir='ltr'><strong>dom</strong></span> <span class='ocrx_word' id='word_1_225' title='bbox 1757 1745 1829 1799; x_wconf 90' lang='lat' dir='ltr'><strong>Pau·</strong></span> 
     </span>
     <span class='ocr_line' id='line_1_18' title="bbox 143 1836 1829 1912; baseline 0.002 -22"><span class='ocrx_word' id='word_1_226' title='bbox 143 1836 270 1892; x_wconf 87' lang='lat' dir='ltr'><strong>vinctum</strong></span> <span class='ocrx_word' id='word_1_227' title='bbox 289 1853 354 1893; x_wconf 92' lang='lat' dir='ltr'><strong>cum</strong></span> <span class='ocrx_word' id='word_1_228' title='bbox 377 1854 409 1895; x_wconf 86' lang='lat' dir='ltr'><strong>cc</strong></span> <span class='ocrx_word' id='word_1_229' title='bbox 430 1839 566 1895; x_wconf 88' lang='lat' dir='ltr'><strong>militibus</strong></span> <span class='ocrx_word' id='word_1_230' title='bbox 587 1843 617 1895; x_wconf 94' lang='lat' dir='ltr'><strong>et</strong></span> <span class='ocrx_word' id='word_1_231' title='bbox 637 1856 688 1895; x_wconf 80' lang='lat' dir='ltr'><strong>uxr</strong></span> <span class='ocrx_word' id='word_1_232' title='bbox 710 1840 853 1912; x_wconf 90' lang='lat' dir='ltr'><strong>equitibus</strong></span> <span class='ocrx_word' id='word_1_233' title='bbox 874 1856 906 1896; x_wconf 91' lang='lat' dir='ltr'><strong>ac</strong></span> <span class='ocrx_word' id='word_1_234' title='bbox 926 1856 958 1897; x_wconf 85' lang='lat' dir='ltr'><strong>cn</strong></span> <span class='ocrx_word' id='word_1_235' title='bbox 1009 1842 1052 1897; x_wconf 90' lang='lat' dir='ltr'><strong>lus</strong></span> <span class='ocrx_word' id='word_1_236' title='bbox 1070 1839 1135 1896; x_wconf 84' lang='lat' dir='ltr'><strong>loco</strong></span> <span class='ocrx_word' id='word_1_237' title='bbox 1153 1844 1298 1895; x_wconf 87' lang='lat' dir='ltr'><strong>sarmenta</strong></span> <span class='ocrx_word' id='word_1_238' title='bbox 1315 1838 1474 1910; x_wconf 85' lang='lat' dir='ltr'><strong>ingereret,</strong></span> <span class='ocrx_word' id='word_1_239' title='bbox 1488 1842 1517 1893; x_wconf 92' lang='lat' dir='ltr'><strong>ct</strong></span> <span class='ocrx_word' id='word_1_240' title='bbox 1534 1836 1633 1911; x_wconf 84' lang='lat' dir='ltr'><strong>vipera</strong></span> <span class='ocrx_word' id='word_1_241' title='bbox 1652 1852 1712 1908; x_wconf 82' lang='lat' dir='ltr'><strong>prce</strong></span> <span class='ocrx_word' id='word_1_242' title='bbox 1732 1837 1829 1893; x_wconf 82' lang='lat' dir='ltr'><strong>calore</strong></span> 
     </span>
     <span class='ocr_line' id='line_1_19' title="bbox 143 1930 1829 2007; baseline 0 -22"><span class='ocrx_word' id='word_1_243' title='bbox 143 1931 294 1986; x_wconf 89' lang='lat' dir='ltr'><strong>lanceariis</strong></span> <span class='ocrx_word' id='word_1_244' title='bbox 307 1932 468 1989; x_wconf 77' lang='lat' dir='ltr'><strong>Caesaream</strong></span> <span class='ocrx_word' id='word_1_245' title='bbox 488 1933 576 2001; x_wconf 85' lang='lat' dir='ltr'><strong>misit,</strong></span> <span class='ocrx_word' id='word_1_246' title='bbox 600 1938 629 1989; x_wconf 91' lang='lat' dir='ltr'><strong>et</strong></span> <span class='ocrx_word' id='word_1_247' title='bbox 648 1950 765 1991; x_wconf 87' lang='lat' dir='ltr'><strong>causam</strong></span> <span class='ocrx_word' id='word_1_248' title='bbox 786 1936 848 2007; x_wconf 74' lang='lat' dir='ltr'><strong>eius</strong></span> <span class='ocrx_word' id='word_1_249' title='bbox 873 1935 958 1990; x_wconf 85' lang='lat' dir='ltr'><strong>Felici</strong></span> <span class='ocrx_word' id='word_1_250' title='bbox 1010 1935 1167 2007; x_wconf 89' lang='lat' dir='ltr'><strong>procedens</strong></span> <span class='ocrx_word' id='word_1_251' title='bbox 1186 1949 1305 1989; x_wconf 89' lang='lat' dir='ltr'><strong>manum</strong></span> <span class='ocrx_word' id='word_1_252' title='bbox 1325 1933 1386 2004; x_wconf 85' lang='lat' dir='ltr'><strong>ejus</strong></span> <span class='ocrx_word' id='word_1_253' title='bbox 1400 1931 1560 1999; x_wconf 84' lang='lat' dir='ltr'><strong>invaderet,</strong></span> <span class='ocrx_word' id='word_1_254' title='bbox 1577 1930 1692 1987; x_wconf 91' lang='lat' dir='ltr'><strong>barbari</strong></span> <span class='ocrx_word' id='word_1_255' title='bbox 1709 1930 1766 1986; x_wconf 94' lang='lat' dir='ltr'><strong>hoc</strong></span> <span class='ocrx_word' id='word_1_256' title='bbox 1785 1932 1829 1985; x_wconf 90' lang='lat' dir='ltr'><strong>in·</strong></span> 
     </span>
     <span class='ocr_line' id='line_1_20' title="bbox 143 2024 1826 2101; baseline 0.002 -23"><span class='ocrx_word' id='word_1_257' title='bbox 143 2024 257 2095; x_wconf 78' lang='lat' dir='ltr'><strong>prasidi</strong></span> <span class='ocrx_word' id='word_1_258' title='bbox 281 2025 382 2082; x_wconf 91' lang='lat' dir='ltr'><strong>litteris</strong></span> <span class='ocrx_word' id='word_1_259' title='bbox 404 2027 567 2083; x_wconf 88' lang='lat' dir='ltr'><strong>insinuavit.</strong></span> <span class='ocrx_word' id='word_1_260' title='bbox 592 2028 661 2084; x_wconf 94' lang='lat' dir='ltr'><strong>llluc</strong></span> <span class='ocrx_word' id='word_1_261' title='bbox 684 2029 779 2101; x_wconf 89' lang='lat' dir='ltr'><strong>itaque</strong></span> <span class='ocrx_word' id='word_1_262' title='bbox 804 2028 959 2101; x_wconf 88' lang='lat' dir='ltr'><strong>perductus</strong></span> <span class='ocrx_word' id='word_1_263' title='bbox 1008 2034 1122 2085; x_wconf 88' lang='lat' dir='ltr'><strong>tuentes</strong></span> <span class='ocrx_word' id='word_1_264' title='bbox 1133 2027 1306 2084; x_wconf 88' lang='lat' dir='ltr'><strong>homicidam</strong></span> <span class='ocrx_word' id='word_1_265' title='bbox 1320 2027 1401 2083; x_wconf 90' lang='lat' dir='ltr'><strong>illum</strong></span> <span class='ocrx_word' id='word_1_266' title='bbox 1413 2030 1622 2093; x_wconf 74' lang='lat' dir='ltr'><strong>amaveramnt,</strong></span> <span class='ocrx_word' id='word_1_267' title='bbox 1637 2029 1668 2080; x_wconf 88' lang='lat' dir='ltr'><strong>et</strong></span> <span class='ocrx_word' id='word_1_268' title='bbox 1679 2041 1750 2095; x_wconf 69' lang='lat' dir='ltr'><strong>mon</strong></span> <span class='ocrx_word' id='word_1_269' title='bbox 1763 2041 1826 2082; x_wconf 90' lang='lat' dir='ltr'><strong>mo·</strong></span> 
     </span>
     <span class='ocr_line' id='line_1_21' title="bbox 142 2117 1829 2196; baseline 0.001 -23"><span class='ocrx_word' id='word_1_270' title='bbox 142 2117 173 2173; x_wconf 92' lang='lat' dir='ltr'><strong>in</strong></span> <span class='ocrx_word' id='word_1_271' title='bbox 188 2119 322 2190; x_wconf 86' lang='lat' dir='ltr'><strong>praetorio</strong></span> <span class='ocrx_word' id='word_1_272' title='bbox 339 2121 457 2177; x_wconf 87' lang='lat' dir='ltr'><strong>lleradis</strong></span> <span class='ocrx_word' id='word_1_273' title='bbox 468 2121 626 2178; x_wconf 88' lang='lat' dir='ltr'><strong>custoditus</strong></span> <span class='ocrx_word' id='word_1_274' title='bbox 640 2126 694 2189; x_wconf 86' lang='lat' dir='ltr'><strong>ast,</strong></span> <span class='ocrx_word' id='word_1_275' title='bbox 709 2124 739 2178; x_wconf 89' lang='lat' dir='ltr'><strong>el</strong></span> <span class='ocrx_word' id='word_1_276' title='bbox 752 2128 818 2195; x_wconf 92' lang='lat' dir='ltr'><strong>post</strong></span> <span class='ocrx_word' id='word_1_277' title='bbox 831 2123 958 2196; x_wconf 88' lang='lat' dir='ltr'><strong>quinque</strong></span> <span class='ocrx_word' id='word_1_278' title='bbox 1007 2123 1130 2179; x_wconf 78' lang='lat' dir='ltr'><strong>ntorum</strong></span> <span class='ocrx_word' id='word_1_279' title='bbox 1142 2123 1203 2178; x_wconf 92' lang='lat' dir='ltr'><strong>sine</strong></span> <span class='ocrx_word' id='word_1_280' title='bbox 1215 2120 1302 2177; x_wconf 92' lang='lat' dir='ltr'><strong>dubio</strong></span> <span class='ocrx_word' id='word_1_281' title='bbox 1311 2119 1440 2177; x_wconf 92' lang='lat' dir='ltr'><strong>arbitrati</strong></span> <span class='ocrx_word' id='word_1_282' title='bbox 1452 2124 1528 2176; x_wconf 91' lang='lat' dir='ltr'><strong>sunt.</strong></span> <span class='ocrx_word' id='word_1_283' title='bbox 1541 2120 1602 2191; x_wconf 87' lang='lat' dir='ltr'><strong>lpse</strong></span> <span class='ocrx_word' id='word_1_284' title='bbox 1615 2134 1684 2174; x_wconf 87' lang='lat' dir='ltr'><strong>raro</strong></span> <span class='ocrx_word' id='word_1_285' title='bbox 1696 2118 1829 2191; x_wconf 85' lang='lat' dir='ltr'><strong>viperam</strong></span> 
     </span>
     <span class='ocr_line' id='line_1_22' title="bbox 142 2212 1829 2289; baseline 0.001 -22"><span class='ocrx_word' id='word_1_286' title='bbox 142 2212 201 2268; x_wconf 91' lang='lat' dir='ltr'><strong>dies</strong></span> <span class='ocrx_word' id='word_1_287' title='bbox 215 2214 250 2269; x_wconf 88' lang='lat' dir='ltr'><strong>ad</strong></span> <span class='ocrx_word' id='word_1_288' title='bbox 262 2214 428 2271; x_wconf 89' lang='lat' dir='ltr'><strong>concionem</strong></span> <span class='ocrx_word' id='word_1_289' title='bbox 441 2215 597 2287; x_wconf 87' lang='lat' dir='ltr'><strong>productus</strong></span> <span class='ocrx_word' id='word_1_290' title='bbox 612 2221 653 2272; x_wconf 90' lang='lat' dir='ltr'><strong>est</strong></span> <span class='ocrx_word' id='word_1_291' title='bbox 668 2217 760 2288; x_wconf 74' lang='lat' dir='ltr'><strong>libid„</strong></span> <span class='ocrx_word' id='word_1_292' title='bbox 775 2220 874 2289; x_wconf 70' lang='lat' dir='ltr'><strong>lubi).</strong></span> <span class='ocrx_word' id='word_1_293' title='bbox 888 2221 958 2273; x_wconf 76' lang='lat' dir='ltr'><strong>lna·</strong></span> <span class='ocrx_word' id='word_1_294' title='bbox 1008 2218 1038 2273; x_wconf 94' lang='lat' dir='ltr'><strong>in</strong></span> <span class='ocrx_word' id='word_1_295' title='bbox 1052 2218 1151 2289; x_wconf 90' lang='lat' dir='ltr'><strong>ignem</strong></span> <span class='ocrx_word' id='word_1_296' title='bbox 1164 2216 1291 2288; x_wconf 86' lang='lat' dir='ltr'><strong>jactarit,</strong></span> <span class='ocrx_word' id='word_1_297' title='bbox 1304 2218 1335 2271; x_wconf 92' lang='lat' dir='ltr'><strong>et</strong></span> <span class='ocrx_word' id='word_1_298' title='bbox 1352 2213 1524 2270; x_wconf 90' lang='lat' dir='ltr'><strong>mirantibus</strong></span> <span class='ocrx_word' id='word_1_299' title='bbox 1541 2212 1652 2269; x_wconf 90' lang='lat' dir='ltr'><strong>cunctis</strong></span> <span class='ocrx_word' id='word_1_300' title='bbox 1665 2212 1740 2269; x_wconf 90' lang='lat' dir='ltr'><strong>nibil</strong></span> <span class='ocrx_word' id='word_1_301' title='bbox 1758 2212 1829 2269; x_wconf 78' lang='lat' dir='ltr'><strong>mah</strong></span> 
     </span>
     <span class='ocr_line' id='line_1_23' title="bbox 143 2306 1454 2385; baseline 0.002 -24"><span class='ocrx_word' id='word_1_302' title='bbox 143 2306 204 2361; x_wconf 87' lang='lat' dir='ltr'><strong>nias</strong></span> <span class='ocrx_word' id='word_1_303' title='bbox 222 2308 354 2363; x_wconf 89' lang='lat' dir='ltr'><strong>sacerdos</strong></span> <span class='ocrx_word' id='word_1_304' title='bbox 370 2325 435 2364; x_wconf 93' lang='lat' dir='ltr'><strong>cum</strong></span> <span class='ocrx_word' id='word_1_305' title='bbox 455 2309 612 2366; x_wconf 88' lang='lat' dir='ltr'><strong>senioribus</strong></span> <span class='ocrx_word' id='word_1_306' title='bbox 629 2311 795 2367; x_wconf 78' lang='lat' dir='ltr'><strong>ludaeorum</strong></span> <span class='ocrx_word' id='word_1_307' title='bbox 814 2311 916 2381; x_wconf 83' lang='lat' dir='ltr'><strong>adluit,</strong></span> <span class='ocrx_word' id='word_1_308' title='bbox 929 2314 960 2367; x_wconf 90' lang='lat' dir='ltr'><strong>el</strong></span> <span class='ocrx_word' id='word_1_309' title='bbox 1009 2311 1126 2385; x_wconf 88' lang='lat' dir='ltr'><strong>pertulit</strong></span> <span class='ocrx_word' id='word_1_310' title='bbox 1136 2310 1228 2381; x_wconf 82' lang='lat' dir='ltr'><strong>(ibid,</strong></span> <span class='ocrx_word' id='word_1_311' title='bbox 1242 2313 1290 2379; x_wconf 74' lang='lat'><strong>253</strong></span> <span class='ocrx_word' id='word_1_312' title='bbox 1305 2325 1400 2374; x_wconf 84' lang='lat' dir='ltr'><strong>xxvnr,</strong></span> <span class='ocrx_word' id='word_1_313' title='bbox 1416 2310 1454 2377; x_wconf 81' lang='lat' dir='ltr'><strong>a).</strong></span> 
     </span>
     <span class='ocr_line' id='line_1_24' title="bbox 142 2401 1829 2477; baseline 0 -21"><span class='ocrx_word' id='word_1_314' title='bbox 142 2402 284 2457; x_wconf 88' lang='lat' dir='ltr'><strong>Tertullus</strong></span> <span class='ocrx_word' id='word_1_315' title='bbox 298 2409 394 2459; x_wconf 91' lang='lat' dir='ltr'><strong>orator</strong></span> <span class='ocrx_word' id='word_1_316' title='bbox 410 2404 622 2461; x_wconf 88' lang='lat' dir='ltr'><strong>accusationem</strong></span> <span class='ocrx_word' id='word_1_317' title='bbox 639 2404 668 2460; x_wconf 92' lang='lat' dir='ltr'><strong>in</strong></span> <span class='ocrx_word' id='word_1_318' title='bbox 688 2406 806 2461; x_wconf 91' lang='lat' dir='ltr'><strong>Paulum</strong></span> <span class='ocrx_word' id='word_1_319' title='bbox 825 2405 959 2462; x_wconf 88' lang='lat' dir='ltr'><strong>insidiosa</strong></span> <span class='ocrx_word' id='word_1_320' title='bbox 1044 2405 1158 2462; x_wconf 89' lang='lat' dir='ltr'><strong>Publius</strong></span> <span class='ocrx_word' id='word_1_321' title='bbox 1176 2405 1308 2477; x_wconf 88' lang='lat' dir='ltr'><strong>princeps</strong></span> <span class='ocrx_word' id='word_1_322' title='bbox 1326 2403 1427 2458; x_wconf 75' lang='lat' dir='ltr'><strong>insola</strong></span> <span class='ocrx_word' id='word_1_323' title='bbox 1444 2402 1567 2474; x_wconf 85' lang='lat' dir='ltr'><strong>jactatos</strong></span> <span class='ocrx_word' id='word_1_324' title='bbox 1584 2401 1653 2458; x_wconf 90' lang='lat' dir='ltr'><strong>illuc</strong></span> <span class='ocrx_word' id='word_1_325' title='bbox 1668 2401 1764 2457; x_wconf 91' lang='lat' dir='ltr'><strong>triduo</strong></span> <span class='ocrx_word' id='word_1_326' title='bbox 1778 2401 1829 2456; x_wconf 90' lang='lat' dir='ltr'><strong>be·</strong></span> 
     </span>
     <span class='ocr_line' id='line_1_25' title="bbox 143 2494 1829 2572; baseline -0.001 -21"><span class='ocrx_word' id='word_1_327' title='bbox 143 2496 332 2569; x_wconf 87' lang='lat' dir='ltr'><strong>deprompsit.</strong></span> <span class='ocrx_word' id='word_1_328' title='bbox 359 2499 475 2568; x_wconf 91' lang='lat' dir='ltr'><strong>Paulus,</strong></span> <span class='ocrx_word' id='word_1_329' title='bbox 500 2503 646 2555; x_wconf 90' lang='lat' dir='ltr'><strong>annuente</strong></span> <span class='ocrx_word' id='word_1_330' title='bbox 674 2500 807 2571; x_wconf 78' lang='lat' dir='ltr'><strong>praeside,</strong></span> <span class='ocrx_word' id='word_1_331' title='bbox 833 2498 959 2556; x_wconf 87' lang='lat' dir='ltr'><strong>breviter</strong></span> <span class='ocrx_word' id='word_1_332' title='bbox 1008 2500 1096 2572; x_wconf 90' lang='lat' dir='ltr'><strong>nigne</strong></span> <span class='ocrx_word' id='word_1_333' title='bbox 1112 2499 1245 2570; x_wconf 89' lang='lat' dir='ltr'><strong>suscepit.</strong></span> <span class='ocrx_word' id='word_1_334' title='bbox 1264 2497 1366 2553; x_wconf 90' lang='lat' dir='ltr'><strong>Paulus</strong></span> <span class='ocrx_word' id='word_1_335' title='bbox 1378 2511 1446 2552; x_wconf 87' lang='lat' dir='ltr'><strong>vero</strong></span> <span class='ocrx_word' id='word_1_336' title='bbox 1461 2496 1497 2552; x_wconf 91' lang='lat' dir='ltr'><strong>ad</strong></span> <span class='ocrx_word' id='word_1_337' title='bbox 1511 2501 1621 2567; x_wconf 86' lang='lat' dir='ltr'><strong>patrem</strong></span> <span class='ocrx_word' id='word_1_338' title='bbox 1636 2494 1728 2550; x_wconf 83' lang='lat' dir='ltr'><strong>Publii</strong></span> <span class='ocrx_word' id='word_1_339' title='bbox 1741 2495 1829 2550; x_wconf 83' lang='lat' dir='ltr'><strong>lebri-</strong></span> 
     </span>
     <span class='ocr_line' id='line_1_26' title="bbox 143 2589 1828 2665; baseline -0.001 -20"><span class='ocrx_word' id='word_1_340' title='bbox 143 2591 302 2662; x_wconf 90' lang='lat' dir='ltr'><strong>respondit,</strong></span> <span class='ocrx_word' id='word_1_341' title='bbox 326 2592 518 2665; x_wconf 83' lang='lat' dir='ltr'><strong>prudentique</strong></span> <span class='ocrx_word' id='word_1_342' title='bbox 539 2608 675 2665; x_wconf 89' lang='lat' dir='ltr'><strong>responso</strong></span> <span class='ocrx_word' id='word_1_343' title='bbox 697 2594 826 2665; x_wconf 86' lang='lat' dir='ltr'><strong>protinus</strong></span> <span class='ocrx_word' id='word_1_344' title='bbox 848 2592 959 2664; x_wconf 84' lang='lat' dir='ltr'><strong>objecta</strong></span> <span class='ocrx_word' id='word_1_345' title='bbox 1008 2595 1061 2651; x_wconf 89' lang='lat' dir='ltr'><strong>bus</strong></span> <span class='ocrx_word' id='word_1_346' title='bbox 1075 2596 1105 2649; x_wconf 89' lang='lat' dir='ltr'><strong>et</strong></span> <span class='ocrx_word' id='word_1_347' title='bbox 1121 2592 1296 2664; x_wconf 87' lang='lat' dir='ltr'><strong>dyssenteria</strong></span> <span class='ocrx_word' id='word_1_348' title='bbox 1313 2596 1444 2646; x_wconf 85' lang='lat' dir='ltr'><strong>vexatum</strong></span> <span class='ocrx_word' id='word_1_349' title='bbox 1462 2589 1590 2659; x_wconf 89' lang='lat' dir='ltr'><strong>intrarit;</strong></span> <span class='ocrx_word' id='word_1_350' title='bbox 1606 2592 1635 2644; x_wconf 87' lang='lat' dir='ltr'><strong>et</strong></span> <span class='ocrx_word' id='word_1_351' title='bbox 1653 2604 1719 2644; x_wconf 91' lang='lat' dir='ltr'><strong>cum</strong></span> <span class='ocrx_word' id='word_1_352' title='bbox 1738 2604 1828 2645; x_wconf 90' lang='lat' dir='ltr'><strong>orans</strong></span> 
     </span>
     <span class='ocr_line' id='line_1_27' title="bbox 144 2683 1830 2757; baseline -0.001 -17"><span class='ocrx_word' id='word_1_353' title='bbox 144 2685 307 2741; x_wconf 83' lang='lat' dir='ltr'><strong>confutarit.</strong></span> <span class='ocrx_word' id='word_1_354' title='bbox 323 2685 397 2741; x_wconf 75' lang='lat' dir='ltr'><strong>Pelia</strong></span> <span class='ocrx_word' id='word_1_355' title='bbox 417 2686 635 2757; x_wconf 65' lang='lat' dir='ltr'><strong>passessiones</strong></span> <span class='ocrx_word' id='word_1_356' title='bbox 652 2686 784 2742; x_wconf 91' lang='lat' dir='ltr'><strong>tribunos</strong></span> <span class='ocrx_word' id='word_1_357' title='bbox 800 2686 957 2743; x_wconf 91' lang='lat' dir='ltr'><strong>descende·</strong></span> <span class='ocrx_word' id='word_1_358' title='bbox 1008 2688 1035 2743; x_wconf 91' lang='lat' dir='ltr'><strong>ci</strong></span> <span class='ocrx_word' id='word_1_359' title='bbox 1057 2702 1158 2742; x_wconf 88' lang='lat' dir='ltr'><strong>manus</strong></span> <span class='ocrx_word' id='word_1_360' title='bbox 1179 2684 1368 2757; x_wconf 89' lang='lat' dir='ltr'><strong>imposuisset,</strong></span> <span class='ocrx_word' id='word_1_361' title='bbox 1389 2683 1515 2739; x_wconf 90' lang='lat' dir='ltr'><strong>salvavit.</strong></span> <span class='ocrx_word' id='word_1_362' title='bbox 1535 2683 1588 2740; x_wconf 79' lang='lat' dir='ltr'><strong>Alii</strong></span> <span class='ocrx_word' id='word_1_363' title='bbox 1612 2698 1729 2755; x_wconf 90' lang='lat' dir='ltr'><strong>quoque</strong></span> <span class='ocrx_word' id='word_1_364' title='bbox 1750 2684 1830 2738; x_wconf 90' lang='lat' dir='ltr'><strong>insu·</strong></span> 
     </span>
     <span class='ocr_line' id='line_1_28' title="bbox 143 2777 1828 2853; baseline -0.001 -20"><span class='ocrx_word' id='word_1_365' title='bbox 143 2784 195 2845; x_wconf 85' lang='lat' dir='ltr'><strong>ret,</strong></span> <span class='ocrx_word' id='word_1_366' title='bbox 211 2779 272 2834; x_wconf 87' lang='lat' dir='ltr'><strong>illos</strong></span> <span class='ocrx_word' id='word_1_367' title='bbox 287 2778 405 2848; x_wconf 87' lang='lat' dir='ltr'><strong>distulit,</strong></span> <span class='ocrx_word' id='word_1_368' title='bbox 419 2783 448 2835; x_wconf 92' lang='lat' dir='ltr'><strong>et</strong></span> <span class='ocrx_word' id='word_1_369' title='bbox 460 2780 620 2835; x_wconf 88' lang='lat' dir='ltr'><strong>centurioni</strong></span> <span class='ocrx_word' id='word_1_370' title='bbox 632 2780 707 2837; x_wconf 87' lang='lat' dir='ltr'><strong>bena</strong></span> <span class='ocrx_word' id='word_1_371' title='bbox 719 2781 825 2837; x_wconf 89' lang='lat' dir='ltr'><strong>habere</strong></span> <span class='ocrx_word' id='word_1_372' title='bbox 838 2781 957 2837; x_wconf 88' lang='lat' dir='ltr'><strong>Paulum</strong></span> <span class='ocrx_word' id='word_1_373' title='bbox 1008 2781 1078 2849; x_wconf 93' lang='lat' dir='ltr'><strong>lani,</strong></span> <span class='ocrx_word' id='word_1_374' title='bbox 1093 2781 1142 2853; x_wconf 91' lang='lat' dir='ltr'><strong>qai</strong></span> <span class='ocrx_word' id='word_1_375' title='bbox 1157 2779 1386 2845; x_wconf 81' lang='lat' dir='ltr'><strong>infirmabantur,</strong></span> <span class='ocrx_word' id='word_1_376' title='bbox 1404 2777 1578 2834; x_wconf 87' lang='lat' dir='ltr'><strong>accedebant</strong></span> <span class='ocrx_word' id='word_1_377' title='bbox 1591 2777 1626 2833; x_wconf 93' lang='lat' dir='ltr'><strong>ad</strong></span> <span class='ocrx_word' id='word_1_378' title='bbox 1645 2792 1712 2833; x_wconf 91' lang='lat' dir='ltr'><strong>eum</strong></span> <span class='ocrx_word' id='word_1_379' title='bbox 1730 2781 1761 2832; x_wconf 94' lang='lat' dir='ltr'><strong>et</strong></span> <span class='ocrx_word' id='word_1_380' title='bbox 1779 2794 1828 2832; x_wconf 90' lang='lat' dir='ltr'><strong>cu·</strong></span> 
     </span>
     <span class='ocr_line' id='line_1_29' title="bbox 143 2871 1828 2944; baseline 0 -18"><span class='ocrx_word' id='word_1_381' title='bbox 143 2872 290 2944; x_wconf 77' lang='lat' dir='ltr'><strong>praecepit.</strong></span> <span class='ocrx_word' id='word_1_382' title='bbox 305 2875 369 2929; x_wconf 87' lang='lat' dir='ltr'><strong>Post</strong></span> <span class='ocrx_word' id='word_1_383' title='bbox 380 2874 486 2943; x_wconf 81' lang='lat' dir='ltr'><strong>aliqtmt</strong></span> <span class='ocrx_word' id='word_1_384' title='bbox 498 2874 557 2930; x_wconf 87' lang='lat' dir='ltr'><strong>dies</strong></span> <span class='ocrx_word' id='word_1_385' title='bbox 567 2876 655 2939; x_wconf 77' lang='lat' dir='ltr'><strong>Pelio,</strong></span> <span class='ocrx_word' id='word_1_386' title='bbox 667 2891 728 2931; x_wconf 89' lang='lat' dir='ltr'><strong>cum</strong></span> <span class='ocrx_word' id='word_1_387' title='bbox 740 2876 861 2932; x_wconf 76' lang='lat' dir='ltr'><strong>[lensii-lu</strong></span> <span class='ocrx_word' id='word_1_388' title='bbox 874 2890 959 2931; x_wconf 75' lang='lat' dir='ltr'><strong>cenom</strong></span> <span class='ocrx_word' id='word_1_389' title='bbox 1008 2877 1156 2931; x_wconf 86' lang='lat' dir='ltr'><strong>rebantur.</strong></span> <span class='ocrx_word' id='word_1_390' title='bbox 1170 2875 1266 2930; x_wconf 81' lang='lat' dir='ltr'><strong>llultis</strong></span> <span class='ocrx_word' id='word_1_391' title='bbox 1278 2888 1348 2943; x_wconf 89' lang='lat' dir='ltr'><strong>ergo</strong></span> <span class='ocrx_word' id='word_1_392' title='bbox 1359 2871 1513 2943; x_wconf 79' lang='lat' dir='ltr'><strong>naufragos</strong></span> <span class='ocrx_word' id='word_1_393' title='bbox 1523 2872 1667 2927; x_wconf 84' lang='lat' dir='ltr'><strong>honoribus</strong></span> <span class='ocrx_word' id='word_1_394' title='bbox 1681 2887 1734 2943; x_wconf 92' lang='lat' dir='ltr'><strong>pro</strong></span> <span class='ocrx_word' id='word_1_395' title='bbox 1748 2871 1828 2927; x_wconf 91' lang='lat' dir='ltr'><strong>Pauli</strong></span> 
     </span>
     <span class='ocr_line' id='line_1_30' title="bbox 143 2967 1830 3036; baseline 0 -15"><span class='ocrx_word' id='word_1_396' title='bbox 143 2980 205 3032; x_wconf 75' lang='lat' dir='ltr'><strong>sicci,</strong></span> <span class='ocrx_word' id='word_1_397' title='bbox 227 2980 288 3035; x_wconf 80' lang='lat' dir='ltr'><strong>qun</strong></span> <span class='ocrx_word' id='word_1_398' title='bbox 307 2971 367 3021; x_wconf 91' lang='lat' dir='ltr'><strong>erat</strong></span> <span class='ocrx_word' id='word_1_399' title='bbox 388 2969 497 3031; x_wconf 75' lang='lat' dir='ltr'><strong>ludera,</strong></span> <span class='ocrx_word' id='word_1_400' title='bbox 518 2970 634 3032; x_wconf 75' lang='lat' dir='ltr'><strong>omina,</strong></span> <span class='ocrx_word' id='word_1_401' title='bbox 656 2970 773 3025; x_wconf 92' lang='lat' dir='ltr'><strong>Paulum</strong></span> <span class='ocrx_word' id='word_1_402' title='bbox 795 2972 911 3033; x_wconf 86' lang='lat' dir='ltr'><strong>uocauit,</strong></span> <span class='ocrx_word' id='word_1_403' title='bbox 932 2974 958 3024; x_wconf 91' lang='lat' dir='ltr'><strong>et</strong></span> <span class='ocrx_word' id='word_1_404' title='bbox 1009 2968 1118 3025; x_wconf 89' lang='lat' dir='ltr'><strong>meritis</strong></span> <span class='ocrx_word' id='word_1_405' title='bbox 1130 2970 1341 3030; x_wconf 78' lang='lat' dir='ltr'><strong>bonnauernnt,</strong></span> <span class='ocrx_word' id='word_1_406' title='bbox 1355 2972 1381 3022; x_wconf 87' lang='lat' dir='ltr'><strong>et</strong></span> <span class='ocrx_word' id='word_1_407' title='bbox 1394 2967 1587 3035; x_wconf 78' lang='lat' dir='ltr'><strong>nauigantibus</strong></span> <span class='ocrx_word' id='word_1_408' title='bbox 1600 2982 1661 3036; x_wconf 76' lang='lat' dir='ltr'><strong>que</strong></span> <span class='ocrx_word' id='word_1_409' title='bbox 1673 2968 1830 3021; x_wconf 88' lang='lat' dir='ltr'><strong>necessario</strong></span> 
     </span>
     <span class='ocr_line' id='line_1_31' title="bbox 141 3060 1830 3167; baseline 0.001 -53"><span class='ocrx_word' id='word_1_410' title='bbox 141 3060 230 3130; x_wconf 72' lang='lat' dir='ltr'><strong>fldem,</strong></span> <span class='ocrx_word' id='word_1_411' title='bbox 254 3076 316 3131; x_wconf 80' lang='lat' dir='ltr'><strong>qua</strong></span> <span class='ocrx_word' id='word_1_412' title='bbox 336 3063 366 3115; x_wconf 88' lang='lat' dir='ltr'><strong>in</strong></span> <span class='ocrx_word' id='word_1_413' title='bbox 387 3063 475 3117; x_wconf 81' lang='lat' dir='ltr'><strong>lesam</strong></span> <span class='ocrx_word' id='word_1_414' title='bbox 496 3060 634 3118; x_wconf 79' lang='lat' dir='ltr'><strong>Christum</strong></span> <span class='ocrx_word' id='word_1_415' title='bbox 656 3068 706 3125; x_wconf 89' lang='lat' dir='ltr'><strong>cst,</strong></span> <span class='ocrx_word' id='word_1_416' title='bbox 727 3064 762 3118; x_wconf 89' lang='lat' dir='ltr'><strong>ab</strong></span> <span class='ocrx_word' id='word_1_417' title='bbox 786 3078 815 3119; x_wconf 91' lang='lat' dir='ltr'><strong>co</strong></span> <span class='ocrx_word' id='word_1_418' title='bbox 838 3064 954 3119; x_wconf 85' lang='lat' dir='ltr'><strong>audiuit.</strong></span> <span class='ocrx_word' id='word_1_419' title='bbox 968 3060 1699 3167; x_wconf 76' lang='lat' dir='ltr'><strong>Cerantnnposucrunt.Posttresrncnses,innavem</strong></span> <span class='ocrx_word' id='word_1_420' title='bbox 1708 3060 1830 3117; x_wconf 77' lang='lat' dir='ltr'><strong>bleran-</strong></span> 
     </span>
     <span class='ocr_line' id='line_1_32' title="bbox 145 3154 1831 3227; baseline 0.001 -19"><span class='ocrx_word' id='word_1_421' title='bbox 145 3154 306 3223; x_wconf 85' lang='lat' dir='ltr'><strong>llisputnnte</strong></span> <span class='ocrx_word' id='word_1_422' title='bbox 322 3154 371 3210; x_wconf 88' lang='lat' dir='ltr'><strong>illo</strong></span> <span class='ocrx_word' id='word_1_423' title='bbox 389 3156 423 3211; x_wconf 89' lang='lat' dir='ltr'><strong>dc</strong></span> <span class='ocrx_word' id='word_1_424' title='bbox 435 3156 548 3226; x_wconf 77' lang='lat' dir='ltr'><strong>justitia</strong></span> <span class='ocrx_word' id='word_1_425' title='bbox 564 3160 590 3212; x_wconf 90' lang='lat' dir='ltr'><strong>ct</strong></span> <span class='ocrx_word' id='word_1_426' title='bbox 607 3159 732 3213; x_wconf 85' lang='lat' dir='ltr'><strong>castitate</strong></span> <span class='ocrx_word' id='word_1_427' title='bbox 741 3157 902 3227; x_wconf 79' lang='lat' dir='ltr'><strong>judicioque</strong></span> <span class='ocrx_word' id='word_1_428' title='bbox 913 3160 959 3225; x_wconf 74' lang='lat' dir='ltr'><strong>tu·</strong></span> <span class='ocrx_word' id='word_1_429' title='bbox 1008 3158 1112 3225; x_wconf 91' lang='lat' dir='ltr'><strong>driam,</strong></span> <span class='ocrx_word' id='word_1_430' title='bbox 1127 3173 1189 3227; x_wconf 80' lang='lat' dir='ltr'><strong>qna</strong></span> <span class='ocrx_word' id='word_1_431' title='bbox 1200 3159 1231 3211; x_wconf 90' lang='lat' dir='ltr'><strong>in</strong></span> <span class='ocrx_word' id='word_1_432' title='bbox 1243 3156 1335 3211; x_wconf 88' lang='lat' dir='ltr'><strong>insula</strong></span> <span class='ocrx_word' id='word_1_433' title='bbox 1348 3155 1522 3220; x_wconf 86' lang='lat' dir='ltr'><strong>biemoucrat,</strong></span> <span class='ocrx_word' id='word_1_434' title='bbox 1536 3154 1658 3226; x_wconf 89' lang='lat' dir='ltr'><strong>ingressi</strong></span> <span class='ocrx_word' id='word_1_435' title='bbox 1670 3159 1748 3209; x_wconf 91' lang='lat' dir='ltr'><strong>sont.</strong></span> <span class='ocrx_word' id='word_1_436' title='bbox 1759 3154 1831 3210; x_wconf 86' lang='lat' dir='ltr'><strong>ileo·</strong></span> 
     </span>
     <span class='ocr_line' id='line_1_33' title="bbox 143 3248 1829 3325; baseline 0.001 -24"><span class='ocrx_word' id='word_1_437' title='bbox 143 3252 212 3311; x_wconf 89' lang='lat' dir='ltr'><strong>turo,</strong></span> <span class='ocrx_word' id='word_1_438' title='bbox 231 3248 310 3303; x_wconf 79' lang='lat' dir='ltr'><strong>Felix</strong></span> <span class='ocrx_word' id='word_1_439' title='bbox 328 3250 511 3318; x_wconf 90' lang='lat' dir='ltr'><strong>contremuit,</strong></span> <span class='ocrx_word' id='word_1_440' title='bbox 529 3252 559 3306; x_wconf 90' lang='lat' dir='ltr'><strong>et</strong></span> <span class='ocrx_word' id='word_1_441' title='bbox 576 3266 692 3321; x_wconf 90' lang='lat' dir='ltr'><strong>sperans</strong></span> <span class='ocrx_word' id='word_1_442' title='bbox 710 3249 746 3305; x_wconf 90' lang='lat' dir='ltr'><strong>ab</strong></span> <span class='ocrx_word' id='word_1_443' title='bbox 766 3266 801 3306; x_wconf 88' lang='lat' dir='ltr'><strong>eo</strong></span> <span class='ocrx_word' id='word_1_444' title='bbox 820 3251 959 3322; x_wconf 88' lang='lat' dir='ltr'><strong>pecunias</strong></span> <span class='ocrx_word' id='word_1_445' title='bbox 1008 3268 1065 3325; x_wconf 85' lang='lat' dir='ltr'><strong>quc</strong></span> <span class='ocrx_word' id='word_1_446' title='bbox 1088 3252 1220 3318; x_wconf 86' lang='lat' dir='ltr'><strong>ducente,</strong></span> <span class='ocrx_word' id='word_1_447' title='bbox 1242 3265 1302 3305; x_wconf 91' lang='lat' dir='ltr'><strong>non</strong></span> <span class='ocrx_word' id='word_1_448' title='bbox 1327 3250 1420 3305; x_wconf 92' lang='lat' dir='ltr'><strong>multo</strong></span> <span class='ocrx_word' id='word_1_449' title='bbox 1441 3253 1505 3320; x_wconf 91' lang='lat' dir='ltr'><strong>post</strong></span> <span class='ocrx_word' id='word_1_450' title='bbox 1527 3248 1649 3304; x_wconf 81' lang='lat' dir='ltr'><strong>Romam</strong></span> <span class='ocrx_word' id='word_1_451' title='bbox 1672 3254 1829 3317; x_wconf 87' lang='lat' dir='ltr'><strong>venerunt,</strong></span> 
     </span>
     <span class='ocr_line' id='line_1_34' title="bbox 143 3339 1828 3418; baseline 0.002 -23"><span class='ocrx_word' id='word_1_452' title='bbox 143 3339 282 3409; x_wconf 89' lang='lat' dir='ltr'><strong>oblinere,</strong></span> <span class='ocrx_word' id='word_1_453' title='bbox 297 3342 462 3414; x_wconf 81' lang='lat' dir='ltr'><strong>frequenter</strong></span> <span class='ocrx_word' id='word_1_454' title='bbox 476 3343 556 3398; x_wconf 91' lang='lat' dir='ltr'><strong>illum</strong></span> <span class='ocrx_word' id='word_1_455' title='bbox 568 3343 706 3400; x_wconf 90' lang='lat' dir='ltr'><strong>accersiit.</strong></span> <span class='ocrx_word' id='word_1_456' title='bbox 719 3346 831 3402; x_wconf 84' lang='lat' dir='ltr'><strong>Biennio</strong></span> <span class='ocrx_word' id='word_1_457' title='bbox 843 3346 957 3415; x_wconf 70' lang='lat' dir='ltr'><strong>expleto,</strong></span> <span class='ocrx_word' id='word_1_458' title='bbox 1007 3349 1037 3402; x_wconf 87' lang='lat' dir='ltr'><strong>et</strong></span> <span class='ocrx_word' id='word_1_459' title='bbox 1057 3345 1174 3418; x_wconf 89' lang='lat' dir='ltr'><strong>quidam</strong></span> <span class='ocrx_word' id='word_1_460' title='bbox 1195 3360 1229 3399; x_wconf 84' lang='lat' dir='ltr'><strong>ex</strong></span> <span class='ocrx_word' id='word_1_461' title='bbox 1250 3343 1396 3412; x_wconf 81' lang='lat' dir='ltr'><strong>iratribus,</strong></span> <span class='ocrx_word' id='word_1_462' title='bbox 1416 3341 1542 3398; x_wconf 85' lang='lat' dir='ltr'><strong>adventu</strong></span> <span class='ocrx_word' id='word_1_463' title='bbox 1564 3341 1643 3398; x_wconf 91' lang='lat' dir='ltr'><strong>Pauli</strong></span> <span class='ocrx_word' id='word_1_464' title='bbox 1664 3350 1828 3414; x_wconf 88' lang='lat' dir='ltr'><strong>comperto,</strong></span> 
     </span>
     <span class='ocr_line' id='line_1_35' title="bbox 143 3436 1831 3513; baseline 0.001 -22"><span class='ocrx_word' id='word_1_465' title='bbox 143 3438 269 3491; x_wconf 88' lang='lat' dir='ltr'><strong>Porcium</strong></span> <span class='ocrx_word' id='word_1_466' title='bbox 281 3439 386 3492; x_wconf 81' lang='lat' dir='ltr'><strong>Festum</strong></span> <span class='ocrx_word' id='word_1_467' title='bbox 404 3437 481 3493; x_wconf 76' lang='lat' dir='ltr'><strong>retu</strong></span> <span class='ocrx_word' id='word_1_468' title='bbox 496 3452 669 3494; x_wconf 87' lang='lat' dir='ltr'><strong>successorem</strong></span> <span class='ocrx_word' id='word_1_469' title='bbox 687 3441 804 3509; x_wconf 67' lang='lat' dir='ltr'><strong>acceprdc</strong></span> <span class='ocrx_word' id='word_1_470' title='bbox 820 3444 845 3493; x_wconf 86' lang='lat' dir='ltr'><strong>et</strong></span> <span class='ocrx_word' id='word_1_471' title='bbox 859 3440 959 3494; x_wconf 75' lang='lat' dir='ltr'><strong>ludaeis</strong></span> <span class='ocrx_word' id='word_1_472' title='bbox 1009 3440 1185 3513; x_wconf 80' lang='lat' dir='ltr'><strong>gratulantes</strong></span> <span class='ocrx_word' id='word_1_473' title='bbox 1200 3442 1393 3494; x_wconf 90' lang='lat' dir='ltr'><strong>occurrerunt.</strong></span> <span class='ocrx_word' id='word_1_474' title='bbox 1408 3436 1449 3493; x_wconf 92' lang='lat' dir='ltr'><strong>lbi</strong></span> <span class='ocrx_word' id='word_1_475' title='bbox 1464 3437 1550 3493; x_wconf 87' lang='lat' dir='ltr'><strong>Paulo</strong></span> <span class='ocrx_word' id='word_1_476' title='bbox 1569 3436 1623 3492; x_wconf 90' lang='lat' dir='ltr'><strong>sibi</strong></span> <span class='ocrx_word' id='word_1_477' title='bbox 1641 3452 1753 3493; x_wconf 80' lang='lat' dir='ltr'><strong>manem</strong></span> <span class='ocrx_word' id='word_1_478' title='bbox 1766 3452 1831 3493; x_wconf 87' lang='lat' dir='ltr'><strong>cum</strong></span> 
     </span>
     <span class='ocr_line' id='line_1_36' title="bbox 141 3530 1829 3603; baseline 0.002 -20"><span class='ocrx_word' id='word_1_479' title='bbox 141 3533 260 3599; x_wconf 83' lang='lat' dir='ltr'><strong>pralium</strong></span> <span class='ocrx_word' id='word_1_480' title='bbox 270 3536 401 3601; x_wconf 75' lang='lat' dir='ltr'><strong>prestare</strong></span> <span class='ocrx_word' id='word_1_481' title='bbox 416 3531 519 3595; x_wconf 86' lang='lat' dir='ltr'><strong>uolens,</strong></span> <span class='ocrx_word' id='word_1_482' title='bbox 532 3531 649 3588; x_wconf 89' lang='lat' dir='ltr'><strong>Paulum</strong></span> <span class='ocrx_word' id='word_1_483' title='bbox 670 3532 699 3587; x_wconf 89' lang='lat' dir='ltr'><strong>iu</strong></span> <span class='ocrx_word' id='word_1_484' title='bbox 713 3531 832 3588; x_wconf 90' lang='lat' dir='ltr'><strong>vinculis</strong></span> <span class='ocrx_word' id='word_1_485' title='bbox 847 3533 958 3603; x_wconf 83' lang='lat' dir='ltr'><strong>reliquit</strong></span> <span class='ocrx_word' id='word_1_486' title='bbox 1007 3535 1171 3591; x_wconf 86' lang='lat' dir='ltr'><strong>custodiente</strong></span> <span class='ocrx_word' id='word_1_487' title='bbox 1189 3533 1276 3588; x_wconf 87' lang='lat' dir='ltr'><strong>milite</strong></span> <span class='ocrx_word' id='word_1_488' title='bbox 1291 3534 1454 3602; x_wconf 87' lang='lat' dir='ltr'><strong>permissum</strong></span> <span class='ocrx_word' id='word_1_489' title='bbox 1474 3535 1530 3599; x_wconf 87' lang='lat' dir='ltr'><strong>est;</strong></span> <span class='ocrx_word' id='word_1_490' title='bbox 1551 3532 1581 3584; x_wconf 93' lang='lat' dir='ltr'><strong>et</strong></span> <span class='ocrx_word' id='word_1_491' title='bbox 1601 3534 1665 3601; x_wconf 93' lang='lat' dir='ltr'><strong>post</strong></span> <span class='ocrx_word' id='word_1_492' title='bbox 1684 3530 1829 3599; x_wconf 87' lang='lat' dir='ltr'><strong>triduum,</strong></span> 
     </span>
     <span class='ocr_line' id='line_1_37' title="bbox 143 3623 1832 3699; baseline 0.001 -19"><span class='ocrx_word' id='word_1_493' title='bbox 143 3626 229 3695; x_wconf 78' lang='lat' dir='ltr'><strong>(Act,</strong></span> <span class='ocrx_word' id='word_1_494' title='bbox 245 3624 329 3697; x_wconf 83' lang='lat' dir='ltr'><strong>xxiv).</strong></span> <span class='ocrx_word' id='word_1_495' title='bbox 1008 3628 1170 3685; x_wconf 86' lang='lat' dir='ltr'><strong>convocatis</strong></span> <span class='ocrx_word' id='word_1_496' title='bbox 1184 3625 1360 3699; x_wconf 87' lang='lat' dir='ltr'><strong>primoribus</strong></span> <span class='ocrx_word' id='word_1_497' title='bbox 1378 3624 1554 3692; x_wconf 78' lang='lat' dir='ltr'><strong>ludaeorum,</strong></span> <span class='ocrx_word' id='word_1_498' title='bbox 1570 3623 1606 3679; x_wconf 90' lang='lat' dir='ltr'><strong>dc</strong></span> <span class='ocrx_word' id='word_1_499' title='bbox 1626 3624 1758 3696; x_wconf 88' lang='lat' dir='ltr'><strong>captione</strong></span> <span class='ocrx_word' id='word_1_500' title='bbox 1777 3641 1832 3681; x_wconf 89' lang='lat' dir='ltr'><strong>sua</strong></span> 
     </span>
     <span class='ocr_line' id='line_1_38' title="bbox 177 3716 1832 3794; baseline 0.001 -21"><span class='ocrx_word' id='word_1_501' title='bbox 177 3720 237 3775; x_wconf 91' lang='lat' dir='ltr'><strong>Non</strong></span> <span class='ocrx_word' id='word_1_502' title='bbox 263 3720 354 3777; x_wconf 90' lang='lat' dir='ltr'><strong>molto</strong></span> <span class='ocrx_word' id='word_1_503' title='bbox 380 3725 443 3793; x_wconf 89' lang='lat' dir='ltr'><strong>post</strong></span> <span class='ocrx_word' id='word_1_504' title='bbox 465 3725 559 3779; x_wconf 74' lang='lat' dir='ltr'><strong>Restm</strong></span> <span class='ocrx_word' id='word_1_505' title='bbox 584 3724 735 3781; x_wconf 79' lang='lat' dir='ltr'><strong>cesaream</strong></span> <span class='ocrx_word' id='word_1_506' title='bbox 758 3721 905 3785; x_wconf 89' lang='lat' dir='ltr'><strong>descendit,</strong></span> <span class='ocrx_word' id='word_1_507' title='bbox 929 3725 959 3777; x_wconf 92' lang='lat' dir='ltr'><strong>ct</strong></span> <span class='ocrx_word' id='word_1_508' title='bbox 1008 3722 1085 3779; x_wconf 93' lang='lat' dir='ltr'><strong>etde</strong></span> <span class='ocrx_word' id='word_1_509' title='bbox 1098 3721 1181 3777; x_wconf 90' lang='lat' dir='ltr'><strong>malis</strong></span> <span class='ocrx_word' id='word_1_510' title='bbox 1196 3719 1438 3794; x_wconf 79' lang='lat' dir='ltr'><strong>quaalrauibus</strong></span> <span class='ocrx_word' id='word_1_511' title='bbox 1454 3720 1484 3774; x_wconf 94' lang='lat' dir='ltr'><strong>in</strong></span> <span class='ocrx_word' id='word_1_512' title='bbox 1501 3716 1658 3774; x_wconf 83' lang='lat' dir='ltr'><strong>ierusalem</strong></span> <span class='ocrx_word' id='word_1_513' title='bbox 1675 3734 1832 3789; x_wconf 87' lang='lat' dir='ltr'><strong>perpessus</strong></span> 
     </span>
     <span class='ocr_line' id='line_1_39' title="bbox 141 3811 1831 3887; baseline 0.001 -20"><span class='ocrx_word' id='word_1_514' title='bbox 141 3814 261 3868; x_wconf 90' lang='lat' dir='ltr'><strong>Paulum</strong></span> <span class='ocrx_word' id='word_1_515' title='bbox 281 3830 414 3870; x_wconf 89' lang='lat' dir='ltr'><strong>accusare</strong></span> <span class='ocrx_word' id='word_1_516' title='bbox 427 3814 535 3870; x_wconf 83' lang='lat' dir='ltr'><strong>ludaeis</strong></span> <span class='ocrx_word' id='word_1_517' title='bbox 553 3817 700 3887; x_wconf 80' lang='lat' dir='ltr'><strong>pracepit.</strong></span> <span class='ocrx_word' id='word_1_518' title='bbox 720 3815 761 3870; x_wconf 95' lang='lat' dir='ltr'><strong>llli</strong></span> <span class='ocrx_word' id='word_1_519' title='bbox 776 3830 843 3869; x_wconf 89' lang='lat' dir='ltr'><strong>vero</strong></span> <span class='ocrx_word' id='word_1_520' title='bbox 857 3816 958 3871; x_wconf 88' lang='lat' dir='ltr'><strong>multas</strong></span> <span class='ocrx_word' id='word_1_521' title='bbox 1009 3818 1112 3885; x_wconf 85' lang='lat' dir='ltr'><strong>luerat,</strong></span> <span class='ocrx_word' id='word_1_522' title='bbox 1126 3819 1296 3886; x_wconf 88' lang='lat' dir='ltr'><strong>conquestus</strong></span> <span class='ocrx_word' id='word_1_523' title='bbox 1311 3819 1364 3869; x_wconf 88' lang='lat' dir='ltr'><strong>est.</strong></span> <span class='ocrx_word' id='word_1_524' title='bbox 1380 3813 1485 3869; x_wconf 87' lang='lat' dir='ltr'><strong>lleinde</strong></span> <span class='ocrx_word' id='word_1_525' title='bbox 1500 3813 1617 3869; x_wconf 91' lang='lat' dir='ltr'><strong>devera</strong></span> <span class='ocrx_word' id='word_1_526' title='bbox 1635 3811 1702 3880; x_wconf 86' lang='lat' dir='ltr'><strong>ilde,</strong></span> <span class='ocrx_word' id='word_1_527' title='bbox 1716 3828 1784 3884; x_wconf 80' lang='lat' dir='ltr'><strong>quse</strong></span> <span class='ocrx_word' id='word_1_528' title='bbox 1798 3814 1831 3869; x_wconf 87' lang='lat' dir='ltr'><strong>in</strong></span> 
     </span>
     <span class='ocr_line' id='line_1_40' title="bbox 144 3906 1830 3979; baseline 0.001 -17"><span class='ocrx_word' id='word_1_529' title='bbox 144 3914 170 3963; x_wconf 90' lang='lat' dir='ltr'><strong>et</strong></span> <span class='ocrx_word' id='word_1_530' title='bbox 191 3923 289 3978; x_wconf 77' lang='lat' dir='ltr'><strong>prauus</strong></span> <span class='ocrx_word' id='word_1_531' title='bbox 309 3924 406 3964; x_wconf 76' lang='lat' dir='ltr'><strong>carnus</strong></span> <span class='ocrx_word' id='word_1_532' title='bbox 429 3909 455 3963; x_wconf 88' lang='lat' dir='ltr'><strong>ei</strong></span> <span class='ocrx_word' id='word_1_533' title='bbox 476 3909 652 3979; x_wconf 90' lang='lat' dir='ltr'><strong>objecerunt,</strong></span> <span class='ocrx_word' id='word_1_534' title='bbox 674 3924 743 3979; x_wconf 87' lang='lat' dir='ltr'><strong>quas</strong></span> <span class='ocrx_word' id='word_1_535' title='bbox 761 3910 880 3979; x_wconf 89' lang='lat' dir='ltr'><strong>probare</strong></span> <span class='ocrx_word' id='word_1_536' title='bbox 904 3924 960 3964; x_wconf 91' lang='lat' dir='ltr'><strong>non</strong></span> <span class='ocrx_word' id='word_1_537' title='bbox 1007 3912 1071 3967; x_wconf 89' lang='lat' dir='ltr'><strong>lesu</strong></span> <span class='ocrx_word' id='word_1_538' title='bbox 1090 3908 1200 3965; x_wconf 88' lang='lat' dir='ltr'><strong>Christo</strong></span> <span class='ocrx_word' id='word_1_539' title='bbox 1220 3914 1273 3976; x_wconf 85' lang='lat' dir='ltr'><strong>est,</strong></span> <span class='ocrx_word' id='word_1_540' title='bbox 1288 3906 1410 3964; x_wconf 84' lang='lat' dir='ltr'><strong>lldeliter</strong></span> <span class='ocrx_word' id='word_1_541' title='bbox 1430 3909 1542 3963; x_wconf 91' lang='lat' dir='ltr'><strong>locutus</strong></span> <span class='ocrx_word' id='word_1_542' title='bbox 1556 3911 1610 3961; x_wconf 86' lang='lat' dir='ltr'><strong>est.</strong></span> <span class='ocrx_word' id='word_1_543' title='bbox 1627 3906 1746 3961; x_wconf 84' lang='lat' dir='ltr'><strong>Biennio</strong></span> <span class='ocrx_word' id='word_1_544' title='bbox 1765 3910 1830 3963; x_wconf 88' lang='lat' dir='ltr'><strong>toto</strong></span> 
     </span>
     <span class='ocr_line' id='line_1_41' title="bbox 142 4000 1832 4072; baseline -0.001 -15"><span class='ocrx_word' id='word_1_545' title='bbox 142 4006 308 4072; x_wconf 88' lang='lat' dir='ltr'><strong>potuerunt,</strong></span> <span class='ocrx_word' id='word_1_546' title='bbox 330 4004 416 4057; x_wconf 90' lang='lat' dir='ltr'><strong>Paulo</strong></span> <span class='ocrx_word' id='word_1_547' title='bbox 434 4006 567 4058; x_wconf 88' lang='lat' dir='ltr'><strong>rationem</strong></span> <span class='ocrx_word' id='word_1_548' title='bbox 585 4004 712 4059; x_wconf 88' lang='lat' dir='ltr'><strong>reddente</strong></span> <span class='ocrx_word' id='word_1_549' title='bbox 731 4020 738 4057; x_wconf 90' lang='lat'>:</span> <span class='ocrx_word' id='word_1_550' title='bbox 758 4006 893 4071; x_wconf 61' lang='lat' dir='ltr'><strong>manicam</strong></span> <span class='ocrx_word' id='word_1_551' title='bbox 911 4020 957 4059; x_wconf 86' lang='lat' dir='ltr'><strong>ns·</strong></span> <span class='ocrx_word' id='word_1_552' title='bbox 1009 4004 1038 4059; x_wconf 89' lang='lat' dir='ltr'><strong>in</strong></span> <span class='ocrx_word' id='word_1_553' title='bbox 1061 4019 1112 4058; x_wconf 85' lang='lat' dir='ltr'><strong>suo</strong></span> <span class='ocrx_word' id='word_1_554' title='bbox 1134 4001 1276 4058; x_wconf 91' lang='lat' dir='ltr'><strong>conducto</strong></span> <span class='ocrx_word' id='word_1_555' title='bbox 1298 4002 1415 4070; x_wconf 88' lang='lat' dir='ltr'><strong>mansit,</strong></span> <span class='ocrx_word' id='word_1_556' title='bbox 1436 4003 1537 4070; x_wconf 77' lang='lat' dir='ltr'><strong>licique</strong></span> <span class='ocrx_word' id='word_1_557' title='bbox 1560 4015 1674 4070; x_wconf 75' lang='lat' dir='ltr'><strong>regnum</strong></span> <span class='ocrx_word' id='word_1_558' title='bbox 1694 4000 1832 4057; x_wconf 91' lang='lat' dir='ltr'><strong>omnibus</strong></span> 
     </span>
     <span class='ocr_line' id='line_1_42' title="bbox 141 4094 1833 4171; baseline 0.001 -21"><span class='ocrx_word' id='word_1_559' title='bbox 141 4098 235 4167; x_wconf 85' lang='lat' dir='ltr'><strong>quein</strong></span> <span class='ocrx_word' id='word_1_560' title='bbox 254 4096 337 4165; x_wconf 85' lang='lat' dir='ltr'><strong>lepem</strong></span> <span class='ocrx_word' id='word_1_561' title='bbox 350 4097 515 4159; x_wconf 84' lang='lat' dir='ltr'><strong>ludaeorum,</strong></span> <span class='ocrx_word' id='word_1_562' title='bbox 529 4112 614 4167; x_wconf 88' lang='lat' dir='ltr'><strong>neque</strong></span> <span class='ocrx_word' id='word_1_563' title='bbox 627 4099 657 4152; x_wconf 88' lang='lat' dir='ltr'><strong>in</strong></span> <span class='ocrx_word' id='word_1_564' title='bbox 671 4098 810 4168; x_wconf 85' lang='lat' dir='ltr'><strong>templum,</strong></span> <span class='ocrx_word' id='word_1_565' title='bbox 828 4113 913 4169; x_wconf 84' lang='lat' dir='ltr'><strong>neque</strong></span> <span class='ocrx_word' id='word_1_566' title='bbox 929 4100 959 4153; x_wconf 86' lang='lat' dir='ltr'><strong>in</strong></span> <span class='ocrx_word' id='word_1_567' title='bbox 1009 4096 1183 4171; x_wconf 78' lang='lat' dir='ltr'><strong>praedicavit,</strong></span> <span class='ocrx_word' id='word_1_568' title='bbox 1201 4101 1228 4152; x_wconf 88' lang='lat' dir='ltr'><strong>et</strong></span> <span class='ocrx_word' id='word_1_569' title='bbox 1247 4112 1281 4151; x_wconf 90' lang='lat' dir='ltr'><strong>ea</strong></span> <span class='ocrx_word' id='word_1_570' title='bbox 1299 4112 1360 4166; x_wconf 81' lang='lat' dir='ltr'><strong>qua</strong></span> <span class='ocrx_word' id='word_1_571' title='bbox 1376 4102 1441 4151; x_wconf 77' lang='lat' dir='ltr'><strong>stent</strong></span> <span class='ocrx_word' id='word_1_572' title='bbox 1459 4096 1493 4150; x_wconf 88' lang='lat' dir='ltr'><strong>dc</strong></span> <span class='ocrx_word' id='word_1_573' title='bbox 1511 4096 1625 4150; x_wconf 84' lang='lat' dir='ltr'><strong>Domino</strong></span> <span class='ocrx_word' id='word_1_574' title='bbox 1641 4096 1706 4150; x_wconf 90' lang='lat' dir='ltr'><strong>lesu</strong></span> <span class='ocrx_word' id='word_1_575' title='bbox 1722 4094 1833 4151; x_wconf 82' lang='lat' dir='ltr'><strong>Christo</strong></span> 
     </span>
     <span class='ocr_line' id='line_1_43' title="bbox 142 4186 1829 4263; baseline 0 -19"><span class='ocrx_word' id='word_1_576' title='bbox 142 4189 271 4244; x_wconf 76' lang='lat' dir='ltr'><strong>cesarem</strong></span> <span class='ocrx_word' id='word_1_577' title='bbox 287 4190 437 4259; x_wconf 84' lang='lat' dir='ltr'><strong>quidquam</strong></span> <span class='ocrx_word' id='word_1_578' title='bbox 458 4193 567 4260; x_wconf 86' lang='lat' dir='ltr'><strong>peccaui</strong></span> <span class='ocrx_word' id='word_1_579' title='bbox 579 4191 665 4263; x_wconf 79' lang='lat' dir='ltr'><strong>(Act,</strong></span> <span class='ocrx_word' id='word_1_580' title='bbox 679 4206 741 4258; x_wconf 83' lang='lat' dir='ltr'><strong>xxv,</strong></span> <span class='ocrx_word' id='word_1_581' title='bbox 753 4191 818 4262; x_wconf 65' lang='lat' dir='ltr'><strong>lb).</strong></span> <span class='ocrx_word' id='word_1_582' title='bbox 833 4190 959 4246; x_wconf 87' lang='lat' dir='ltr'><strong>Tandem</strong></span> <span class='ocrx_word' id='word_1_583' title='bbox 1009 4194 1167 4247; x_wconf 89' lang='lat' dir='ltr'><strong>cumomni</strong></span> <span class='ocrx_word' id='word_1_584' title='bbox 1191 4188 1293 4261; x_wconf 70' lang='lat' dir='ltr'><strong>fiducia</strong></span> <span class='ocrx_word' id='word_1_585' title='bbox 1320 4192 1378 4245; x_wconf 90' lang='lat' dir='ltr'><strong>sine</strong></span> <span class='ocrx_word' id='word_1_586' title='bbox 1406 4189 1589 4260; x_wconf 71' lang='lat' dir='ltr'><strong>prohibitione</strong></span> <span class='ocrx_word' id='word_1_587' title='bbox 1616 4186 1713 4243; x_wconf 92' lang='lat' dir='ltr'><strong>docuit</strong></span> <span class='ocrx_word' id='word_1_588' title='bbox 1738 4190 1829 4259; x_wconf 74' lang='lat' dir='ltr'><strong>(Act,</strong></span> 
     </span>
     <span class='ocr_line' id='line_1_44' title="bbox 141 4282 1205 4356; baseline 0.004 -20"><span class='ocrx_word' id='word_1_589' title='bbox 141 4299 193 4355; x_wconf 91' lang='lat' dir='ltr'><strong>pra</strong></span> <span class='ocrx_word' id='word_1_590' title='bbox 215 4282 323 4337; x_wconf 91' lang='lat' dir='ltr'><strong>insidiis</strong></span> <span class='ocrx_word' id='word_1_591' title='bbox 345 4282 512 4339; x_wconf 80' lang='lat' dir='ltr'><strong>ludmorum</strong></span> <span class='ocrx_word' id='word_1_592' title='bbox 535 4288 564 4339; x_wconf 88' lang='lat' dir='ltr'><strong>et</strong></span> <span class='ocrx_word' id='word_1_593' title='bbox 588 4284 824 4355; x_wconf 81' lang='lat' dir='ltr'><strong>tergiversatione</strong></span> <span class='ocrx_word' id='word_1_594' title='bbox 844 4284 958 4356; x_wconf 87' lang='lat' dir='ltr'><strong>judicis.</strong></span> <span class='ocrx_word' id='word_1_595' title='bbox 1010 4302 1103 4351; x_wconf 76' lang='lat' dir='ltr'><strong>nsvin,</strong></span> <span class='ocrx_word' id='word_1_596' title='bbox 1121 4285 1205 4356; x_wconf 80' lang='grc'><strong>7-31).</strong></span> 
     </span>
     <span class='ocr_line' id='line_1_45' title="bbox 140 4376 1805 4452; baseline 0.001 -21"><span class='ocrx_word' id='word_1_597' title='bbox 140 4376 189 4447; x_wconf 87' lang='lat' dir='ltr'><strong>qui</strong></span> <span class='ocrx_word' id='word_1_598' title='bbox 204 4376 244 4431; x_wconf 88' lang='lat' dir='ltr'><strong>eis</strong></span> <span class='ocrx_word' id='word_1_599' title='bbox 256 4377 351 4432; x_wconf 83' lang='lat' dir='ltr'><strong>lavere</strong></span> <span class='ocrx_word' id='word_1_600' title='bbox 364 4378 482 4432; x_wconf 90' lang='lat' dir='ltr'><strong>molitus</strong></span> <span class='ocrx_word' id='word_1_601' title='bbox 496 4384 547 4446; x_wconf 89' lang='lat' dir='ltr'><strong>est,</strong></span> <span class='ocrx_word' id='word_1_602' title='bbox 563 4379 706 4435; x_wconf 79' lang='lat' dir='ltr'><strong>Caesarem</strong></span> <span class='ocrx_word' id='word_1_603' title='bbox 719 4380 863 4452; x_wconf 90' lang='lat' dir='ltr'><strong>appellare</strong></span> <span class='ocrx_word' id='word_1_604' title='bbox 877 4395 957 4435; x_wconf 89' lang='lat' dir='ltr'><strong>com·</strong></span> <span class='ocrx_word' id='word_1_605' title='bbox 1027 4382 1082 4437; x_wconf 93' lang='lat' dir='ltr'><strong>Vll.</strong></span> <span class='ocrx_word' id='word_1_606' title='bbox 1102 4382 1258 4450; x_wconf 84' lang='lat' dir='ltr'><strong>Sequentia.</strong></span> <span class='ocrx_word' id='word_1_607' title='bbox 1277 4380 1374 4434; x_wconf 85' lang='lat' dir='ltr'><strong>Petrus</strong></span> <span class='ocrx_word' id='word_1_608' title='bbox 1394 4382 1420 4433; x_wconf 85' lang='lat' dir='ltr'><strong>et</strong></span> <span class='ocrx_word' id='word_1_609' title='bbox 1437 4378 1540 4432; x_wconf 89' lang='lat' dir='ltr'><strong>Paulus</strong></span> <span class='ocrx_word' id='word_1_610' title='bbox 1560 4380 1650 4434; x_wconf 77' lang='lat' dir='ltr'><strong>Rome</strong></span> <span class='ocrx_word' id='word_1_611' title='bbox 1667 4376 1805 4447; x_wconf 82' lang='lat' dir='ltr'><strong>depcvrtcs.</strong></span> 
     </span>
     <span class='ocr_line' id='line_1_46' title="bbox 140 4464 1874 4545; baseline 0.002 -20"><span class='ocrx_word' id='word_1_612' title='bbox 140 4470 238 4542; x_wconf 89' lang='lat' dir='ltr'><strong>pulsus</strong></span> <span class='ocrx_word' id='word_1_613' title='bbox 249 4476 300 4526; x_wconf 88' lang='lat' dir='ltr'><strong>est.</strong></span> <span class='ocrx_word' id='word_1_614' title='bbox 314 4473 346 4527; x_wconf 92' lang='lat' dir='ltr'><strong>ln</strong></span> <span class='ocrx_word' id='word_1_615' title='bbox 359 4470 494 4526; x_wconf 88' lang='lat' dir='ltr'><strong>concione</strong></span> <span class='ocrx_word' id='word_1_616' title='bbox 508 4486 602 4527; x_wconf 88' lang='lat' dir='ltr'><strong>coram</strong></span> <span class='ocrx_word' id='word_1_617' title='bbox 616 4473 741 4545; x_wconf 79' lang='lat' dir='ltr'><strong>Agrippa</strong></span> <span class='ocrx_word' id='word_1_618' title='bbox 754 4488 822 4545; x_wconf 87' lang='lat' dir='ltr'><strong>rege</strong></span> <span class='ocrx_word' id='word_1_619' title='bbox 835 4477 864 4529; x_wconf 91' lang='lat' dir='ltr'><strong>et</strong></span> <span class='ocrx_word' id='word_1_620' title='bbox 877 4464 996 4537; x_wconf 79' lang='lat' dir='ltr'><strong>Festol)</strong></span> <span class='ocrx_word' id='word_1_621' title='bbox 1045 4477 1103 4529; x_wconf 93' lang='lat' dir='ltr'><strong>lluc</strong></span> <span class='ocrx_word' id='word_1_622' title='bbox 1121 4488 1212 4545; x_wconf 92' lang='lat' dir='ltr'><strong>usque</strong></span> <span class='ocrx_word' id='word_1_623' title='bbox 1227 4476 1342 4527; x_wconf 89' lang='lat' dir='ltr'><strong>secutus</strong></span> <span class='ocrx_word' id='word_1_624' title='bbox 1362 4487 1424 4526; x_wconf 87' lang='lat' dir='ltr'><strong>sum</strong></span> <span class='ocrx_word' id='word_1_625' title='bbox 1445 4470 1481 4526; x_wconf 88' lang='lat' dir='ltr'><strong>da</strong></span> <span class='ocrx_word' id='word_1_626' title='bbox 1498 4470 1615 4526; x_wconf 78' lang='lat' dir='ltr'><strong>Actibus</strong></span> <span class='ocrx_word' id='word_1_627' title='bbox 1630 4470 1830 4542; x_wconf 86' lang='lat' dir='ltr'><strong>apostolarum</strong></span> <span class='ocrx_word' id='word_1_628' title='bbox 1871 4524 1874 4529; x_wconf 88' lang='lat'><strong>.</strong></span> 
     </span>
     <span class='ocr_line' id='line_1_47' title="bbox 141 4564 1831 4637; baseline 0.001 -18"><span class='ocrx_word' id='word_1_629' title='bbox 141 4564 262 4637; x_wconf 71' lang='lat' dir='ltr'><strong>praeside</strong></span> <span class='ocrx_word' id='word_1_630' title='bbox 281 4565 435 4637; x_wconf 87' lang='lat' dir='ltr'><strong>productos</strong></span> <span class='ocrx_word' id='word_1_631' title='bbox 463 4571 515 4635; x_wconf 90' lang='lat' dir='ltr'><strong>est,</strong></span> <span class='ocrx_word' id='word_1_632' title='bbox 540 4570 579 4635; x_wconf 91' lang='lat' dir='ltr'><strong>at,</strong></span> <span class='ocrx_word' id='word_1_633' title='bbox 603 4571 721 4622; x_wconf 83' lang='lat' dir='ltr'><strong>extenta</strong></span> <span class='ocrx_word' id='word_1_634' title='bbox 743 4583 842 4634; x_wconf 89' lang='lat' dir='ltr'><strong>manu,</strong></span> <span class='ocrx_word' id='word_1_635' title='bbox 868 4567 957 4623; x_wconf 89' lang='lat' dir='ltr'><strong>ratio·</strong></span> <span class='ocrx_word' id='word_1_636' title='bbox 1008 4567 1204 4623; x_wconf 87' lang='lat' dir='ltr'><strong>narrationem</strong></span> <span class='ocrx_word' id='word_1_637' title='bbox 1222 4566 1310 4621; x_wconf 87' lang='lat' dir='ltr'><strong>sancti</strong></span> <span class='ocrx_word' id='word_1_638' title='bbox 1326 4566 1408 4620; x_wconf 76' lang='lat' dir='ltr'><strong>Lucae</strong></span> <span class='ocrx_word' id='word_1_639' title='bbox 1426 4564 1610 4636; x_wconf 78' lang='lat' dir='ltr'><strong>evangelista.</strong></span> <span class='ocrx_word' id='word_1_640' title='bbox 1628 4564 1689 4635; x_wconf 91' lang='lat' dir='ltr'><strong>qui,</strong></span> <span class='ocrx_word' id='word_1_641' title='bbox 1706 4564 1831 4620; x_wconf 85' lang='lat' dir='ltr'><strong>dimissis</strong></span> 
     </span>
     <span class='ocr_line' id='line_1_48' title="bbox 143 4657 1831 4732; baseline -0.001 -17"><span class='ocrx_word' id='word_1_642' title='bbox 143 4676 210 4715; x_wconf 88' lang='lat' dir='ltr'><strong>nem</strong></span> <span class='ocrx_word' id='word_1_643' title='bbox 230 4660 353 4716; x_wconf 88' lang='lat' dir='ltr'><strong>reddens</strong></span> <span class='ocrx_word' id='word_1_644' title='bbox 371 4659 406 4715; x_wconf 90' lang='lat' dir='ltr'><strong>de</strong></span> <span class='ocrx_word' id='word_1_645' title='bbox 424 4660 573 4716; x_wconf 91' lang='lat' dir='ltr'><strong>vocatione</strong></span> <span class='ocrx_word' id='word_1_646' title='bbox 592 4677 644 4717; x_wconf 89' lang='lat' dir='ltr'><strong>sua</strong></span> <span class='ocrx_word' id='word_1_647' title='bbox 663 4665 692 4716; x_wconf 93' lang='lat' dir='ltr'><strong>et</strong></span> <span class='ocrx_word' id='word_1_648' title='bbox 711 4661 768 4717; x_wconf 88' lang='lat' dir='ltr'><strong>ilde</strong></span> <span class='ocrx_word' id='word_1_649' title='bbox 787 4661 899 4730; x_wconf 86' lang='lat' dir='ltr'><strong>Christi,</strong></span> <span class='ocrx_word' id='word_1_650' title='bbox 916 4664 959 4716; x_wconf 91' lang='lat' dir='ltr'><strong>sat</strong></span> <span class='ocrx_word' id='word_1_651' title='bbox 1008 4661 1081 4732; x_wconf 89' lang='lat' dir='ltr'><strong>aliis,</strong></span> <span class='ocrx_word' id='word_1_652' title='bbox 1095 4660 1183 4717; x_wconf 84' lang='lat' dir='ltr'><strong>reiert</strong></span> <span class='ocrx_word' id='word_1_653' title='bbox 1195 4659 1314 4715; x_wconf 89' lang='lat' dir='ltr'><strong>Paulum</strong></span> <span class='ocrx_word' id='word_1_654' title='bbox 1327 4660 1448 4715; x_wconf 82' lang='lat' dir='ltr'><strong>Romam</strong></span> <span class='ocrx_word' id='word_1_655' title='bbox 1462 4658 1584 4728; x_wconf 87' lang='lat' dir='ltr'><strong>venisse,</strong></span> <span class='ocrx_word' id='word_1_656' title='bbox 1598 4657 1698 4729; x_wconf 87' lang='lat' dir='ltr'><strong>ibique</strong></span> <span class='ocrx_word' id='word_1_657' title='bbox 1710 4657 1831 4714; x_wconf 88' lang='lat' dir='ltr'><strong>biennio</strong></span> 
     </span>
     <span class='ocr_line' id='line_1_49' title="bbox 143 4751 1872 4827; baseline 0.001 -19"><span class='ocrx_word' id='word_1_658' title='bbox 143 4753 311 4825; x_wconf 82' lang='lat' dir='ltr'><strong>eloquenter</strong></span> <span class='ocrx_word' id='word_1_659' title='bbox 323 4756 498 4811; x_wconf 84' lang='lat' dir='ltr'><strong>contestatus</strong></span> <span class='ocrx_word' id='word_1_660' title='bbox 511 4760 564 4810; x_wconf 88' lang='lat' dir='ltr'><strong>est.</strong></span> <span class='ocrx_word' id='word_1_661' title='bbox 579 4754 707 4827; x_wconf 87' lang='lat' dir='ltr'><strong>[lenique</strong></span> <span class='ocrx_word' id='word_1_662' title='bbox 723 4754 817 4810; x_wconf 91' lang='lat' dir='ltr'><strong>cuncti</strong></span> <span class='ocrx_word' id='word_1_663' title='bbox 831 4753 957 4826; x_wconf 90' lang='lat' dir='ltr'><strong>pruden-</strong></span> <span class='ocrx_word' id='word_1_664' title='bbox 1008 4756 1129 4812; x_wconf 89' lang='lat' dir='ltr'><strong>verbum</strong></span> <span class='ocrx_word' id='word_1_665' title='bbox 1151 4754 1211 4821; x_wconf 87' lang='lat' dir='ltr'><strong>liei,</strong></span> <span class='ocrx_word' id='word_1_666' title='bbox 1232 4753 1348 4809; x_wconf 89' lang='lat' dir='ltr'><strong>nemine</strong></span> <span class='ocrx_word' id='word_1_667' title='bbox 1369 4752 1552 4825; x_wconf 87' lang='lat' dir='ltr'><strong>probibente,</strong></span> <span class='ocrx_word' id='word_1_668' title='bbox 1574 4751 1757 4824; x_wconf 67' lang='lat' dir='ltr'><strong>predicasse.</strong></span> <span class='ocrx_word' id='word_1_669' title='bbox 1779 4752 1829 4809; x_wconf 84' lang='lat' dir='ltr'><strong>Se-</strong></span> <span class='ocrx_word' id='word_1_670' title='bbox 1864 4790 1872 4827; x_wconf 50' lang='grc' dir='ltr'><strong>ι</strong></span> 
     </span>
     <span class='ocr_line' id='line_1_50' title="bbox 143 4846 1873 4921; baseline 0 -20"><span class='ocrx_word' id='word_1_671' title='bbox 143 4846 213 4901; x_wconf 89' lang='lat' dir='ltr'><strong>tiam</strong></span> <span class='ocrx_word' id='word_1_672' title='bbox 236 4847 296 4919; x_wconf 89' lang='lat' dir='ltr'><strong>ejus</strong></span> <span class='ocrx_word' id='word_1_673' title='bbox 318 4848 451 4904; x_wconf 90' lang='lat' dir='ltr'><strong>admirati</strong></span> <span class='ocrx_word' id='word_1_674' title='bbox 473 4854 548 4917; x_wconf 89' lang='lat' dir='ltr'><strong>sunt,</strong></span> <span class='ocrx_word' id='word_1_675' title='bbox 570 4850 600 4903; x_wconf 90' lang='lat' dir='ltr'><strong>et</strong></span> <span class='ocrx_word' id='word_1_676' title='bbox 621 4849 724 4904; x_wconf 87' lang='lat' dir='ltr'><strong>semoti</strong></span> <span class='ocrx_word' id='word_1_677' title='bbox 747 4849 901 4920; x_wconf 89' lang='lat' dir='ltr'><strong>optimates</strong></span> <span class='ocrx_word' id='word_1_678' title='bbox 922 4848 960 4904; x_wconf 88' lang='lat' dir='ltr'><strong>od</strong></span> <span class='ocrx_word' id='word_1_679' title='bbox 1009 4850 1103 4906; x_wconf 77' lang='lat' dir='ltr'><strong>caindo</strong></span> <span class='ocrx_word' id='word_1_680' title='bbox 1126 4848 1233 4921; x_wconf 89' lang='lat' dir='ltr'><strong>quippe</strong></span> <span class='ocrx_word' id='word_1_681' title='bbox 1254 4847 1374 4903; x_wconf 87' lang='lat' dir='ltr'><strong>Neronis</strong></span> <span class='ocrx_word' id='word_1_682' title='bbox 1395 4862 1471 4901; x_wconf 93' lang='lat' dir='ltr'><strong>anno</strong></span> <span class='ocrx_word' id='word_1_683' title='bbox 1494 4848 1616 4903; x_wconf 84' lang='lat' dir='ltr'><strong>Romam</strong></span> <span class='ocrx_word' id='word_1_684' title='bbox 1637 4846 1777 4915; x_wconf 80' lang='lat' dir='ltr'><strong>introivit,</strong></span> <span class='ocrx_word' id='word_1_685' title='bbox 1801 4850 1831 4901; x_wconf 88' lang='lat' dir='ltr'><strong>et</strong></span> <span class='ocrx_word' id='word_1_686' title='bbox 1867 4897 1873 4918; x_wconf 65' lang='lat'><strong>,</strong></span> 
     </span>
     <span class='ocr_line' id='line_1_51' title="bbox 140 4940 1866 5017; baseline 0 -22"><span class='ocrx_word' id='word_1_687' title='bbox 140 4944 255 4997; x_wconf 76' lang='lat' dir='ltr'><strong>inanem</strong></span> <span class='ocrx_word' id='word_1_688' title='bbox 272 4944 401 4998; x_wconf 76' lang='lat' dir='ltr'><strong>dicerunt</strong></span> <span class='ocrx_word' id='word_1_689' title='bbox 422 4944 523 5000; x_wconf 77' lang='lat' dir='ltr'><strong>rNilil</strong></span> <span class='ocrx_word' id='word_1_690' title='bbox 538 4949 624 4997; x_wconf 89' lang='lat' dir='ltr'><strong>morte</strong></span> <span class='ocrx_word' id='word_1_691' title='bbox 644 4947 694 4997; x_wconf 71' lang='lat' dir='ltr'><strong>siut</strong></span> <span class='ocrx_word' id='word_1_692' title='bbox 710 4942 828 4998; x_wconf 88' lang='lat' dir='ltr'><strong>uinculis</strong></span> <span class='ocrx_word' id='word_1_693' title='bbox 846 4944 960 5012; x_wconf 75' lang='lat' dir='ltr'><strong>dignum</strong></span> <span class='ocrx_word' id='word_1_694' title='bbox 1009 4944 1085 5017; x_wconf 89' lang='lat' dir='ltr'><strong>apud</strong></span> <span class='ocrx_word' id='word_1_695' title='bbox 1106 4942 1251 5009; x_wconf 87' lang='lat' dir='ltr'><strong>eumdem,</strong></span> <span class='ocrx_word' id='word_1_696' title='bbox 1271 4956 1337 4996; x_wconf 91' lang='lat' dir='ltr'><strong>cum</strong></span> <span class='ocrx_word' id='word_1_697' title='bbox 1358 4940 1453 4997; x_wconf 90' lang='lat' dir='ltr'><strong>adhuc</strong></span> <span class='ocrx_word' id='word_1_698' title='bbox 1471 4941 1502 4996; x_wconf 90' lang='lat' dir='ltr'><strong>in</strong></span> <span class='ocrx_word' id='word_1_699' title='bbox 1525 4940 1611 4996; x_wconf 86' lang='lat' dir='ltr'><strong>initiis</strong></span> <span class='ocrx_word' id='word_1_700' title='bbox 1632 4940 1726 4996; x_wconf 89' lang='lat' dir='ltr'><strong>lenior</strong></span> <span class='ocrx_word' id='word_1_701' title='bbox 1744 4944 1830 5008; x_wconf 89' lang='lat' dir='ltr'><strong>esset,</strong></span> <span class='ocrx_word' id='word_1_702' title='bbox 1861 4976 1866 5011; x_wconf 79' lang='lat'><strong>,</strong></span> 
     </span>
     <span class='ocr_line' id='line_1_52' title="bbox 142 5034 1865 5107; baseline -0.001 -18"><span class='ocrx_word' id='word_1_703' title='bbox 142 5036 375 5105; x_wconf 74' lang='lat' dir='ltr'><strong>quidsecittomo</strong></span> <span class='ocrx_word' id='word_1_704' title='bbox 389 5038 449 5091; x_wconf 86' lang='lat' dir='ltr'><strong>iste.</strong></span> <span class='ocrx_word' id='word_1_705' title='bbox 464 5038 701 5107; x_wconf 83' lang='lat' dir='ltr'><strong>Dimittlpoterat,</strong></span> <span class='ocrx_word' id='word_1_706' title='bbox 716 5038 958 5107; x_wconf 88' lang='lat' dir='ltr'><strong>sinonappcllas·</strong></span> <span class='ocrx_word' id='word_1_707' title='bbox 1011 5054 1072 5094; x_wconf 89' lang='lat' dir='ltr'><strong>sese</strong></span> <span class='ocrx_word' id='word_1_708' title='bbox 1086 5035 1228 5103; x_wconf 87' lang='lat' dir='ltr'><strong>delendit;</strong></span> <span class='ocrx_word' id='word_1_709' title='bbox 1246 5035 1566 5106; x_wconf 86' lang='lat' dir='ltr'><strong>lleoqoeconlortaote,</strong></span> <span class='ocrx_word' id='word_1_710' title='bbox 1583 5034 1618 5090; x_wconf 89' lang='lat' dir='ltr'><strong>da</strong></span> <span class='ocrx_word' id='word_1_711' title='bbox 1633 5049 1683 5089; x_wconf 91' lang='lat' dir='ltr'><strong>ore</strong></span> <span class='ocrx_word' id='word_1_712' title='bbox 1695 5034 1828 5102; x_wconf 82' lang='lat' dir='ltr'><strong>Neronis,</strong></span> <span class='ocrx_word' id='word_1_713' title='bbox 1861 5076 1865 5107; x_wconf 60' lang='lat'>3</span> 
     </span>
     <span class='ocr_line' id='line_1_53' title="bbox 139 5126 1875 5206; baseline -0.002 -21"><span class='ocrx_word' id='word_1_714' title='bbox 139 5134 179 5185; x_wconf 86' lang='lat' dir='ltr'><strong>act</strong></span> <span class='ocrx_word' id='word_1_715' title='bbox 192 5132 321 5187; x_wconf 80' lang='lat' dir='ltr'><strong>cesarem</strong></span> <span class='ocrx_word' id='word_1_716' title='bbox 337 5130 419 5199; x_wconf 68' lang='lat' dir='ltr'><strong>litet..</strong></span> <span class='ocrx_word' id='word_1_717' title='bbox 434 5145 508 5198; x_wconf 82' lang='lat' dir='ltr'><strong>xxvi,</strong></span> <span class='ocrx_word' id='word_1_718' title='bbox 525 5132 579 5200; x_wconf 78' lang='grc' dir='ltr'><strong>ιι).</strong></span> <span class='ocrx_word' id='word_1_719' title='bbox 593 5131 685 5203; x_wconf 90' lang='lat' dir='ltr'><strong>lgitur</strong></span> <span class='ocrx_word' id='word_1_720' title='bbox 700 5130 775 5186; x_wconf 92' lang='lat' dir='ltr'><strong>lulio</strong></span> <span class='ocrx_word' id='word_1_721' title='bbox 792 5130 959 5186; x_wconf 79' lang='lat' dir='ltr'><strong>centurioni</strong></span> <span class='ocrx_word' id='word_1_722' title='bbox 1010 5130 1219 5204; x_wconf 88' lang='lat' dir='ltr'><strong>qucmtropice</strong></span> <span class='ocrx_word' id='word_1_723' title='bbox 1229 5130 1354 5185; x_wconf 84' lang='lat' dir='ltr'><strong>Leonem</strong></span> <span class='ocrx_word' id='word_1_724' title='bbox 1365 5128 1658 5198; x_wconf 88' lang='lat' dir='ltr'><strong>nominat,liberatus,</strong></span> <span class='ocrx_word' id='word_1_725' title='bbox 1670 5126 1738 5184; x_wconf 87' lang='lat' dir='ltr'><strong>inde</strong></span> <span class='ocrx_word' id='word_1_726' title='bbox 1749 5128 1830 5197; x_wconf 84' lang='lat' dir='ltr'><strong>exiit,</strong></span> <span class='ocrx_word' id='word_1_727' title='bbox 1874 5203 1875 5206; x_wconf 7' lang='grc' dir='ltr'><strong>Ἴ</strong></span> 
     </span>
     <span class='ocr_line' id='line_1_54' title="bbox 141 5220 1871 5298; baseline -0.001 -20"><span class='ocrx_word' id='word_1_728' title='bbox 141 5223 266 5279; x_wconf 86' lang='lat' dir='ltr'><strong>cohortis</strong></span> <span class='ocrx_word' id='word_1_729' title='bbox 285 5226 421 5295; x_wconf 75' lang='lat' dir='ltr'><strong>Augustae</strong></span> <span class='ocrx_word' id='word_1_730' title='bbox 440 5223 559 5278; x_wconf 85' lang='lat' dir='ltr'><strong>traditus</strong></span> <span class='ocrx_word' id='word_1_731' title='bbox 577 5231 631 5291; x_wconf 90' lang='lat' dir='ltr'><strong>est,</strong></span> <span class='ocrx_word' id='word_1_732' title='bbox 652 5227 683 5280; x_wconf 91' lang='lat' dir='ltr'><strong>ot</strong></span> <span class='ocrx_word' id='word_1_733' title='bbox 704 5224 882 5281; x_wconf 79' lang='lat' dir='ltr'><strong>Aristarchus</strong></span> <span class='ocrx_word' id='word_1_734' title='bbox 902 5224 959 5280; x_wconf 83' lang='lat' dir='ltr'><strong>Ra·</strong></span> <span class='ocrx_word' id='word_1_735' title='bbox 1012 5228 1042 5281; x_wconf 89' lang='lat' dir='ltr'><strong>st</strong></span> <span class='ocrx_word' id='word_1_736' title='bbox 1061 5224 1098 5281; x_wconf 92' lang='lat' dir='ltr'><strong>ad</strong></span> <span class='ocrx_word' id='word_1_737' title='bbox 1119 5222 1252 5279; x_wconf 90' lang='lat' dir='ltr'><strong>occiduas</strong></span> <span class='ocrx_word' id='word_1_738' title='bbox 1270 5228 1370 5295; x_wconf 87' lang='lat' dir='ltr'><strong>gentes</strong></span> <span class='ocrx_word' id='word_1_739' title='bbox 1391 5238 1483 5295; x_wconf 87' lang='lat' dir='ltr'><strong>usque</strong></span> <span class='ocrx_word' id='word_1_740' title='bbox 1503 5222 1532 5278; x_wconf 91' lang='lat' dir='ltr'><strong>in</strong></span> <span class='ocrx_word' id='word_1_741' title='bbox 1552 5222 1715 5277; x_wconf 84' lang='lat' dir='ltr'><strong>Narbonem</strong></span> <span class='ocrx_word' id='word_1_742' title='bbox 1733 5220 1833 5277; x_wconf 81' lang='lat' dir='ltr'><strong>Gallina</strong></span> <span class='ocrx_word' id='word_1_743' title='bbox 1868 5279 1871 5298; x_wconf 21' lang='grc' dir='ltr'><strong><em>ᾖ</em></strong></span> 
     </span>
     <span class='ocr_line' id='line_1_55' title="bbox 142 5314 1830 5390; baseline -0.001 -17"><span class='ocrx_word' id='word_1_744' title='bbox 142 5317 289 5374; x_wconf 86' lang='lat' dir='ltr'><strong>caducum</strong></span> <span class='ocrx_word' id='word_1_745' title='bbox 303 5316 639 5375; x_wconf 86' lang='lat' dir='ltr'><strong>Lucacomitatusest.ln</strong></span> <span class='ocrx_word' id='word_1_746' title='bbox 652 5318 961 5376; x_wconf 80' lang='lat' dir='ltr'><strong>naveecaxxvranimaa</strong></span> <span class='ocrx_word' id='word_1_747' title='bbox 1011 5318 1112 5377; x_wconf 87' lang='lat' dir='ltr'><strong>urbem</strong></span> <span class='ocrx_word' id='word_1_748' title='bbox 1132 5318 1268 5390; x_wconf 85' lang='lat' dir='ltr'><strong>perrexit.</strong></span> <span class='ocrx_word' id='word_1_749' title='bbox 1282 5317 1324 5373; x_wconf 93' lang='lat' dir='ltr'><strong>lbi</strong></span> <span class='ocrx_word' id='word_1_750' title='bbox 1343 5316 1489 5385; x_wconf 89' lang='lat' dir='ltr'><strong>nimirum,</strong></span> <span class='ocrx_word' id='word_1_751' title='bbox 1508 5319 1542 5372; x_wconf 91' lang='lat' dir='ltr'><strong>ut</strong></span> <span class='ocrx_word' id='word_1_752' title='bbox 1561 5315 1662 5385; x_wconf 79' lang='lat' dir='ltr'><strong>fertur,</strong></span> <span class='ocrx_word' id='word_1_753' title='bbox 1681 5314 1830 5371; x_wconf 86' lang='lat' dir='ltr'><strong>basilicam</strong></span> 
     </span>
     <span class='ocr_line' id='line_1_56' title="bbox 143 5410 1874 5505; baseline -0.001 -39"><span class='ocrx_word' id='word_1_754' title='bbox 143 5411 270 5477; x_wconf 85' lang='lat' dir='ltr'><strong>iuenmt,</strong></span> <span class='ocrx_word' id='word_1_755' title='bbox 284 5415 313 5466; x_wconf 88' lang='lat' dir='ltr'><strong>et</strong></span> <span class='ocrx_word' id='word_1_756' title='bbox 329 5414 555 5483; x_wconf 86' lang='lat' dir='ltr'><strong>tempestuosam</strong></span> <span class='ocrx_word' id='word_1_757' title='bbox 571 5413 696 5468; x_wconf 83' lang='lat' dir='ltr'><strong>acvalde</strong></span> <span class='ocrx_word' id='word_1_758' title='bbox 711 5412 900 5485; x_wconf 89' lang='lat' dir='ltr'><strong>periculosam</strong></span> <span class='ocrx_word' id='word_1_759' title='bbox 913 5430 963 5469; x_wconf 85' lang='lat' dir='ltr'><strong>na·</strong></span> <span class='ocrx_word' id='word_1_760' title='bbox 1012 5412 1180 5480; x_wconf 80' lang='lat' dir='ltr'><strong>construxit,</strong></span> <span class='ocrx_word' id='word_1_761' title='bbox 1194 5416 1223 5468; x_wconf 95' lang='lat' dir='ltr'><strong>et</strong></span> <span class='ocrx_word' id='word_1_762' title='bbox 1235 5412 1264 5467; x_wconf 93' lang='lat' dir='ltr'><strong>in</strong></span> <span class='ocrx_word' id='word_1_763' title='bbox 1278 5412 1418 5467; x_wconf 84' lang='lat' dir='ltr'><strong>bonorem</strong></span> <span class='ocrx_word' id='word_1_764' title='bbox 1430 5410 1654 5467; x_wconf 85' lang='lat' dir='ltr'><strong>llachabeeornm</strong></span> <span class='ocrx_word' id='word_1_765' title='bbox 1667 5412 1831 5481; x_wconf 83' lang='lat' dir='ltr'><strong>martyrum</strong></span> <span class='ocrx_word' id='word_1_766' title='bbox 1860 5454 1874 5505; x_wconf 33' lang='lat' dir='ltr'><strong>q</strong></span> 
     </span>
     <span class='ocr_line' id='line_1_57' title="bbox 144 5502 1873 5586; baseline 0.001 -28"><span class='ocrx_word' id='word_1_767' title='bbox 144 5504 318 5575; x_wconf 79' lang='lat' dir='ltr'><strong>rigationem</strong></span> <span class='ocrx_word' id='word_1_768' title='bbox 340 5518 392 5577; x_wconf 89' lang='lat' dir='ltr'><strong>per</strong></span> <span class='ocrx_word' id='word_1_769' title='bbox 414 5520 458 5560; x_wconf 74' lang='grc' dir='ltr'><strong>ιιι</strong></span> <span class='ocrx_word' id='word_1_770' title='bbox 484 5504 546 5561; x_wconf 90' lang='lat' dir='ltr'><strong>dies</strong></span> <span class='ocrx_word' id='word_1_771' title='bbox 570 5508 760 5578; x_wconf 88' lang='lat' dir='ltr'><strong>pertulerant,</strong></span> <span class='ocrx_word' id='word_1_772' title='bbox 783 5507 886 5580; x_wconf 90' lang='lat' dir='ltr'><strong>quibos</strong></span> <span class='ocrx_word' id='word_1_773' title='bbox 909 5522 961 5563; x_wconf 93' lang='lat' dir='ltr'><strong>nec</strong></span> <span class='ocrx_word' id='word_1_774' title='bbox 1013 5505 1169 5573; x_wconf 80' lang='lat' dir='ltr'><strong>dedicavit;</strong></span> <span class='ocrx_word' id='word_1_775' title='bbox 1188 5504 1348 5561; x_wconf 89' lang='lat' dir='ltr'><strong>ubiadhuc</strong></span> <span class='ocrx_word' id='word_1_776' title='bbox 1371 5504 1543 5577; x_wconf 87' lang='lat' dir='ltr'><strong>apparatio</strong></span> <span class='ocrx_word' id='word_1_777' title='bbox 1564 5502 1691 5559; x_wconf 88' lang='lat' dir='ltr'><strong>maceria</strong></span> <span class='ocrx_word' id='word_1_778' title='bbox 1709 5502 1746 5558; x_wconf 91' lang='lat' dir='ltr'><strong>de</strong></span> <span class='ocrx_word' id='word_1_779' title='bbox 1765 5503 1831 5559; x_wconf 88' lang='lat' dir='ltr'><strong>oleo</strong></span> <span class='ocrx_word' id='word_1_780' title='bbox 1861 5552 1873 5586; x_wconf 82' lang='lat'><strong>,</strong></span> 
     </span>
     <span class='ocr_line' id='line_1_58' title="bbox 144 5596 1873 5697; baseline 0 -44"><span class='ocrx_word' id='word_1_781' title='bbox 144 5598 233 5654; x_wconf 89' lang='lat' dir='ltr'><strong>solem</strong></span> <span class='ocrx_word' id='word_1_782' title='bbox 255 5613 350 5672; x_wconf 85' lang='lat' dir='ltr'><strong>neque</strong></span> <span class='ocrx_word' id='word_1_783' title='bbox 371 5599 464 5655; x_wconf 90' lang='lat' dir='ltr'><strong>sidera</strong></span> <span class='ocrx_word' id='word_1_784' title='bbox 484 5599 629 5669; x_wconf 91' lang='lat' dir='ltr'><strong>viderunt,</strong></span> <span class='ocrx_word' id='word_1_785' title='bbox 650 5616 745 5674; x_wconf 89' lang='lat' dir='ltr'><strong>neque</strong></span> <span class='ocrx_word' id='word_1_786' title='bbox 766 5601 875 5669; x_wconf 93' lang='lat' dir='ltr'><strong>cibum,</strong></span> <span class='ocrx_word' id='word_1_787' title='bbox 895 5600 963 5675; x_wconf 90' lang='lat' dir='ltr'><strong>quia</strong></span> <span class='ocrx_word' id='word_1_788' title='bbox 1012 5601 1103 5656; x_wconf 89' lang='lat' dir='ltr'><strong>crucis</strong></span> <span class='ocrx_word' id='word_1_789' title='bbox 1117 5599 1231 5673; x_wconf 86' lang='lat' dir='ltr'><strong>signnm</strong></span> <span class='ocrx_word' id='word_1_790' title='bbox 1245 5600 1321 5672; x_wconf 91' lang='lat' dir='ltr'><strong>quod</strong></span> <span class='ocrx_word' id='word_1_791' title='bbox 1336 5598 1414 5655; x_wconf 90' lang='lat' dir='ltr'><strong>idem</strong></span> <span class='ocrx_word' id='word_1_792' title='bbox 1426 5599 1570 5671; x_wconf 91' lang='lat' dir='ltr'><strong>apostolas</strong></span> <span class='ocrx_word' id='word_1_793' title='bbox 1581 5597 1684 5670; x_wconf 89' lang='lat' dir='ltr'><strong>pollice</strong></span> <span class='ocrx_word' id='word_1_794' title='bbox 1695 5596 1833 5653; x_wconf 76' lang='lat' dir='ltr'><strong>charano·</strong></span> <span class='ocrx_word' id='word_1_795' title='bbox 1860 5642 1873 5697; x_wconf 44' lang='grc' dir='ltr'><strong>ι</strong></span> 
     </span>
     <span class='ocr_line' id='line_1_59' title="bbox 145 5690 1865 5781; baseline 0 -34"><span class='ocrx_word' id='word_1_796' title='bbox 145 5692 241 5747; x_wconf 87' lang='lat' dir='ltr'><strong>omnis</strong></span> <span class='ocrx_word' id='word_1_797' title='bbox 256 5708 322 5764; x_wconf 91' lang='lat' dir='ltr'><strong>spes</strong></span> <span class='ocrx_word' id='word_1_798' title='bbox 339 5692 438 5750; x_wconf 90' lang='lat' dir='ltr'><strong>salutis</strong></span> <span class='ocrx_word' id='word_1_799' title='bbox 454 5694 549 5750; x_wconf 88' lang='lat' dir='ltr'><strong>ablata</strong></span> <span class='ocrx_word' id='word_1_800' title='bbox 567 5700 637 5762; x_wconf 89' lang='lat' dir='ltr'><strong>erat,</strong></span> <span class='ocrx_word' id='word_1_801' title='bbox 653 5702 845 5768; x_wconf 85' lang='lat' dir='ltr'><strong>sumpserunt.</strong></span> <span class='ocrx_word' id='word_1_802' title='bbox 861 5696 963 5752; x_wconf 88' lang='lat' dir='ltr'><strong>Paulos</strong></span> <span class='ocrx_word' id='word_1_803' title='bbox 1013 5694 1062 5750; x_wconf 82' lang='lat' dir='ltr'><strong>rit.</strong></span> <span class='ocrx_word' id='word_1_804' title='bbox 1087 5694 1193 5750; x_wconf 85' lang='lat' dir='ltr'><strong>lleinde</strong></span> <span class='ocrx_word' id='word_1_805' title='bbox 1215 5694 1334 5749; x_wconf 88' lang='lat' dir='ltr'><strong>Paulum</strong></span> <span class='ocrx_word' id='word_1_806' title='bbox 1360 5692 1530 5765; x_wconf 84' lang='lat' dir='ltr'><strong>discipulum</strong></span> <span class='ocrx_word' id='word_1_807' title='bbox 1555 5706 1639 5749; x_wconf 89' lang='lat' dir='ltr'><strong>suum</strong></span> <span class='ocrx_word' id='word_1_808' title='bbox 1663 5690 1831 5763; x_wconf 87' lang='lat' dir='ltr'><strong>pontillcem</strong></span> <span class='ocrx_word' id='word_1_809' title='bbox 1859 5742 1865 5781; x_wconf 62' lang='grc' dir='ltr'>Ι</span> 
     </span>
    </p>
   </div>
   <div class='ocr_carea' id='block_1_3' title="bbox 144 5782 1872 5899">
    <p class='ocr_par' dir='ltr' id='par_1_3' title="bbox 144 5782 1872 5899">
     <span class='ocr_line' id='line_1_60' title="bbox 144 5782 1872 5899; baseline -0.001 -54"><span class='ocrx_word' id='word_1_810' title='bbox 144 5786 224 5845; x_wconf 87' lang='lat' dir='ltr'><strong>onim</strong></span> <span class='ocrx_word' id='word_1_811' title='bbox 242 5786 374 5849; x_wconf 87' lang='lat' dir='ltr'><strong>hicmare</strong></span> <span class='ocrx_word' id='word_1_812' title='bbox 391 5787 421 5850; x_wconf 89' lang='lat' dir='ltr'><strong>ia</strong></span> <span class='ocrx_word' id='word_1_813' title='bbox 439 5788 527 5849; x_wconf 77' lang='lat' dir='ltr'><strong>Creta</strong></span> <span class='ocrx_word' id='word_1_814' title='bbox 539 5796 730 5871; x_wconf 87' lang='lat' dir='ltr'><strong>persuaserat,</strong></span> <span class='ocrx_word' id='word_1_815' title='bbox 745 5790 796 5871; x_wconf 81' lang='lat' dir='ltr'><strong>sed</strong></span> <span class='ocrx_word' id='word_1_816' title='bbox 809 5789 963 5851; x_wconf 79' lang='lat' dir='ltr'><strong>consihum</strong></span> <span class='ocrx_word' id='word_1_817' title='bbox 1013 5788 1156 5849; x_wconf 84' lang='lat' dir='ltr'><strong>ordinavit</strong></span> <span class='ocrx_word' id='word_1_818' title='bbox 1169 5790 1200 5849; x_wconf 90' lang='lat' dir='ltr'><strong>et</strong></span> <span class='ocrx_word' id='word_1_819' title='bbox 1212 5786 1307 5849; x_wconf 84' lang='lat' dir='ltr'><strong>eidem</strong></span> <span class='ocrx_word' id='word_1_820' title='bbox 1324 5784 1390 5847; x_wconf 89' lang='lat' dir='ltr'><strong>urbi</strong></span> <span class='ocrx_word' id='word_1_821' title='bbox 1402 5784 1572 5861; x_wconf 82' lang='lat' dir='ltr'><strong>destinavit3</strong></span> <span class='ocrx_word' id='word_1_822' title='bbox 1588 5785 1639 5861; x_wconf 86' lang='lat' dir='ltr'><strong>qui</strong></span> <span class='ocrx_word' id='word_1_823' title='bbox 1656 5782 1784 5845; x_wconf 87' lang='lat' dir='ltr'><strong>moltam</strong></span> <span class='ocrx_word' id='word_1_824' title='bbox 1800 5784 1834 5843; x_wconf 85' lang='lat' dir='ltr'><strong>iu</strong></span> <span class='ocrx_word' id='word_1_825' title='bbox 1857 5834 1872 5899; x_wconf 34' lang='grc' dir='ltr'>ἣ</span> 
     </span>
    </p>
   </div>
   <div class='ocr_carea' id='block_1_4' title="bbox 0 0 1880 6036">
    <p class='ocr_par' dir='ltr' id='par_1_4' title="bbox 0 0 1880 6036">
     <span class='ocr_line' id='line_1_61' title="bbox 0 0 1880 6036; baseline 0 0"><span class='ocrx_word' id='word_1_826' title='bbox 0 0 1880 6036; x_wconf 95' lang='lat' dir='ltr'><strong> </strong></span> 
     </span>
    </p>
   </div>
  </div>
 </body>
</html>
