3750 6046
70 213 124 272 ιιι
313 184 317 189 ’
488 213 645 277 ursaonae
663 219 1075 278 accusauerat-rans
1094 221 1138 276 ιιι.
1155 219 1266 277 -ιιι,
1286 216 1354 276 ιιιι.
1705 216 1757 276 ιιι
1853 246 1856 251 -

71 340 253 410 paupertate,
270 338 355 411 juxta
377 356 461 396 usum
480 341 601 398 aliorum
621 342 825 410 caenobiorum,
841 359 888 399 co·
900 355 929 429 Α
940 346 1028 400 etiam
1042 360 1159 400 snorum
1183 343 1295 413 timore,
1313 343 1349 399 de
1368 341 1494 414 paternis
1506 339 1622 411 laribus,
1635 341 1756 397 naaeci·

72 431 161 488 miter
182 432 327 488 instruxit.
346 435 412 490 Post
436 435 544 508 aliquot
565 452 666 503 annas,
690 436 783 493 Sancti
800 438 888 494 Bane·
940 440 1086 506 darentur,
1101 439 1211 510 fugere.
1227 437 1362 493 Providus
1382 436 1527 493 archiater
1547 440 1687 507 agrotum
1710 436 1752 490 fa-

72 525 891 604 dictiRegulamdiligenterparscrutatnaeet,aliorumque
940 538 987 589 ret
1010 537 1170 605 temperato
1197 531 1396 599 medicamine,
1424 546 1459 586 ne
1486 530 1510 585 si
1535 529 1622 584 nimis
1644 530 1753 601 impor-

72 626 237 676 sanctorum
258 621 436 677 documentis
459 625 574 680 Petrum
596 625 761 698 perspectis,
785 641 889 681 convo·
940 633 1017 684 tunae
1042 625 1239 682 medicationis
1268 629 1352 680 vexat
1381 624 1528 680 infirmum
1555 623 1752 693 cruciamina,

71 730 140 770 cans
153 714 269 785 fratres,
283 715 324 771 sic
341 714 444 772 affatus
463 722 506 772 est
521 734 528 772 ι
545 738 559 767 a
582 718 648 785 llos,
664 719 766 775 fratres
782 719 889 774 charis·
940 737 1025 793 quem
1049 719 1207 776 curandum
1221 725 1393 790 susceperat,
1407 718 1537 774 videatur
1560 716 1742 789 exstinguere

70 807 146 877 simi,
167 808 328 865 secundum
351 811 485 866 Narniam
510 812 600 868 sancti
625 812 716 869 Patris
743 812 889 870 Benedicti
939 815 1037 870 lt'ullns
1049 814 1176 886 prudens
1186 813 1310 869 invalido
1325 813 1412 868 infert
1424 828 1497 869 onus
1509 810 1700 883 importabile,
1717 826 1753 866 na

69 902 280 974 professionem
301 902 432 960 fecimus.
455 905 522 974 Sed,
543 911 575 962 ut
593 905 664 962 mihi
685 906 808 975 videtur,
830 923 890 964 non
939 910 1027 964 laesus
1041 908 1173 980 portitor,
1186 908 1230 963 vel
1246 923 1398 980 oppressus
1411 906 1531 972 sarcina,
1546 908 1647 977 pereat
1659 904 1691 960 in
1703 903 1754 960 iti·

70 1011 135 1051 eam
148 1011 182 1052 ax
198 996 312 1069 integro
330 1001 474 1054 tenemus.
488 998 583 1068 blulta,
599 1016 664 1072 quae
677 1000 718 1055 ibi
739 1016 797 1056 non
815 1001 889 1057 reci·
940 1019 1019 1059 nare.
1035 1025 1049 1053 a

70 1090 202 1162 piantur,
217 1090 408 1160 observamus,
423 1095 453 1148 et
467 1092 503 1148 de
514 1093 656 1150 mandatis
671 1093 733 1165 ejus
747 1094 890 1166 plurana·
975 1097 1019 1153 Sic
1041 1097 1135 1168 palam
1153 1095 1300 1151 monachis
1317 1093 1553 1166 repugnantibus,
1571 1092 1643 1149 dixit
1663 1091 1753 1147 abbas

71 1183 216 1256 gligantee
229 1184 458 1241 intermittimus.
476 1185 603 1242 llaaibus
618 1188 723 1243 nostris
738 1203 794 1244 nou
810 1188 887 1244 labo·
940 1190 1102 1246 Radbertus
1124 1208 1132 1245 z
1157 1209 1171 1238 a
1194 1188 1396 1246 inimitabilem
1416 1187 1615 1260 AEgyptiorum
1638 1187 1753 1242 Patrnm

71 1293 183 1346 ramus,
198 1283 229 1334 ut
250 1280 361 1335 muetos
380 1281 477 1335 Patres
498 1280 598 1336 facisse
619 1281 751 1353 legimus.
767 1282 795 1339 si
818 1281 890 1338 mihi
939 1284 1026 1340 vitam
1033 1283 1071 1339 ad
1081 1282 1312 1339 informationem
1324 1282 1391 1337 boni
1403 1297 1611 1337 commemoro.
1622 1280 1677 1337 Sed
1688 1278 1754 1334 inde

93 1389 133 1428 no
144 1372 275 1443 creditis,
289 1389 305 1428 o
317 1373 413 1441 amici,
428 1373 513 1445 legite
532 1380 614 1445 gesta
625 1379 788 1432 sanctornm
801 1379 888 1433 Anto·
939 1377 1104 1434 nullambis
1117 1376 1241 1432 uiolenta
1253 1376 1411 1448 imponitur
1424 1373 1545 1444 exactio,
1556 1375 1617 1431 imo
1632 1372 1753 1428 salubris

71 1465 123 1535 nii,
137 1465 265 1533 Macarii,
285 1466 411 1522 Pacomii
427 1470 455 1523 ct
471 1472 536 1523 ante
551 1484 653 1524 omnes
666 1468 748 1539 alios,
765 1469 891 1526 doctoris
939 1471 1111 1544 proponitur
1123 1471 1282 1543 persuasio.
1296 1471 1402 1526 Verum
1415 1469 1451 1525 ad
1464 1468 1618 1524 tenendam
1630 1484 1682 1541 per
1694 1483 1755 1523 om·

71 1559 215 1631 gentium,
233 1560 313 1615 Pauli
324 1559 455 1632 apostoli.
469 1561 669 1618 abundantem
679 1563 786 1618 victum
794 1569 823 1619 et
833 1579 891 1620 vas·
940 1567 988 1621 nia
1000 1564 1096 1621 Sancti
1108 1563 1255 1620 Benedicti
1274 1562 1415 1635 Regulam
1437 1578 1486 1617 vos
1503 1561 1602 1631 inrito,
1618 1577 1703 1634 quem
1722 1560 1753 1615 in

66 1654 154 1709 titum
173 1670 209 1708 ex
229 1653 348 1710 decimis
367 1659 397 1710 et
424 1654 614 1711 oblationibus
635 1657 816 1713 ecclesiarum
836 1658 887 1713 ha·
939 1658 1068 1731 pluribus
1094 1657 1285 1730 praevaricari,
1307 1655 1465 1712 secundum
1487 1655 1517 1710 id
1537 1654 1613 1728 quod
1634 1653 1753 1726 professi

66 1747 183 1817 bemus,
202 1750 232 1803 et
250 1764 284 1803 ea
302 1765 367 1820 ιιι
388 1751 556 1820 competunt
576 1749 759 1822 presbyteris,
774 1726 926 1823 ingauioB
938 1753 1014 1820 estis,
1032 1768 1082 1809 ros
1102 1752 1240 1807 veraciter
1259 1766 1392 1823 agnosco.
1412 1749 1491 1805 Unde
1512 1747 1628 1820 superni
1646 1746 1754 1803 iudicis

66 1857 119 1896 sen
144 1841 280 1897 violentie
299 1841 503 1899 subtrahimus.
524 1842 568 1900 Sic
589 1843 728 1899 nimirum
748 1845 889 1917 sanguine
939 1845 1183 1902 animadversione
1207 1844 1399 1917 pertimesco,
1421 1859 1459 1899 ne
1483 1843 1513 1898 in
1540 1857 1590 1898 nos
1617 1841 1751 1897 deseviat

64 1934 222 1992 hominum
236 1936 423 2005 vescimur,ct
435 1937 888 2010 peccatisparticipamus.Laudo
938 1957 990 2012 pro
1005 1945 1086 1996 reatu
1099 1939 1344 2010 transgressionis,
1360 1940 1389 1993 iu
1403 1935 1554 1993 tremendo
1564 1935 1684 2007 judicio.
1700 1956 1715 1985 o

64 2030 160 2101 igitur
172 2032 204 2085 ut
221 2030 340 2086 omnino
362 2031 503 2103 Regulam
522 2032 617 2088 Sancti
632 2031 776 2089 Benedicti
790 2039 886 2089 tenea·
973 2034 1015 2089 Ad
1037 2033 1098 2089 hoec
1119 2032 1254 2088 monachi
1273 2031 1485 2103 responderunt
1499 2047 1506 2086 :
1522 2051 1538 2080 a
1555 2031 1654 2086 Beatus
1674 2029 1755 2084 Pater

63 2139 144 2191 mus,
160 2127 294 2179 carentes
308 2140 345 2179 ne
358 2124 392 2179 ad
408 2123 554 2180 dexteram
571 2125 616 2180 vel
635 2125 672 2181 ad
694 2125 837 2183 sinistram
853 2126 888 2182 ab
938 2126 1117 2196 Benedictus,
1140 2130 1171 2181 ut
1194 2125 1278 2182 nobis
1300 2124 1434 2180 omnibus
1456 2124 1603 2180 evidenter
1627 2121 1753 2195 patescit,

64 2232 100 2272 ea
121 2216 280 2273 deuiemm.
294 2217 408 2274 Victum
431 2221 459 2273 et
481 2218 616 2274 restitum
636 2219 733 2276 labore
748 2236 888 2277 ιιιιιιιιιι
937 2221 1053 2277 beatum
1073 2221 1212 2288 llanmm,
1227 2218 1395 2275 monasterii
1417 2218 1460 2273 sni
1481 2217 1618 2290 priorem,
1631 2231 1756 2288 quemn

64 2315 236 2367 nostrarum
248 2311 435 2370 vindicemus.
452 2312 673 2368 afemoralibas
686 2320 714 2369 et
734 2313 886 2383 staminiis,
938 2314 1063 2387 pueritie
1077 2313 1229 2383 nutrierat,
1245 2313 1276 2368 in
1292 2313 1411 2368 Galliam
1427 2312 1516 2381 misit,
1532 2314 1560 2366 et
1578 2309 1682 2365 librum
1699 2310 1754 2364 lia·

64 2404 249 2477 pelliciisque
265 2406 423 2461 secundum
437 2407 576 2477 Regulam
590 2406 796 2462 abstineamus.
811 2407 887 2462 Baci-
938 2410 1021 2481 gula,
1039 2424 1125 2480 quem
1147 2407 1207 2480 ipse
1217 2407 1262 2462 vir
1284 2406 1331 2462 Bai
1344 2405 1462 2478 propria
1475 2420 1563 2460 mann
1576 2402 1752 2474 conscripsit,

64 2515 131 2554 mas
144 2502 171 2554 et
188 2498 346 2554 oblationes
365 2499 485 2567 clericis,
499 2500 549 2572 qui
568 2499 680 2556 diaecesi
699 2501 885 2570 famulantur,
937 2507 966 2559 et
979 2502 1082 2557 lihram
1095 2500 1176 2573 panis
1190 2500 1393 2572 heminamque
1407 2498 1465 2553 riui
1483 2514 1536 2570 per
1552 2513 1619 2553 eum
1639 2495 1755 2551 Francis

63 2592 277 2664 relinquamus.
303 2594 338 2649 Et
363 2594 412 2660 sic,
437 2608 490 2664 per
517 2593 636 2667 vestigia
666 2595 794 2662 Petrum,
823 2599 888 2667 post
937 2595 1099 2652 destinarit.
1117 2594 1166 2650 Bia
1180 2593 1752 2664 aTheodehertoregasusceptns,usqua

61 2685 214 2742 Christum
235 2702 349 2742 currere
362 2687 505 2742 feruenter
518 2687 696 2744 insudemus.
711 2710 725 2737 a
937 2689 973 2745 ad
992 2688 1101 2744 obitum
1115 2704 1200 2743 suum
1220 2687 1250 2742 in
1264 2686 1350 2743 Gallia
1372 2685 1537 2758 permansit,
1554 2686 1639 2756 atque
1660 2683 1753 2751 Floro,

102 2779 153 2834 Bis
168 2778 262 2850 dictis,
276 2779 484 2835 monachorum
498 2785 654 2836 conventus
666 2798 725 2837 non
745 2781 888 2855 acquievit
937 2783 1013 2854 regis
1031 2781 1203 2851 consiliario,
1217 2780 1379 2853 adjuvante,
1400 2778 1562 2835 caenobium
1584 2776 1753 2844 construxit,

63 2874 127 2929 imo
142 2872 393 2944 predecessorum,
409 2889 530 2944 quarum
553 2874 611 2930 vita
631 2874 812 2932 evidentibus
833 2876 887 2931 mi·
938 2876 1034 2948 ibique
1057 2892 1108 2931 cxr.
1128 2875 1290 2944 monachos,
1308 2875 1337 2929 in
1357 2876 1419 2930 loco
1437 2873 1487 2945 qui
1508 2871 1693 2928 Glanifolium
1709 2869 1754 2924 di·

64 2966 175 3022 reculis
188 2965 325 3039 insignita
345 2967 495 3023 manifeste
515 2967 636 3035 refulsit,
654 2970 784 3041 exempla
801 2975 829 3024 et
847 2969 888 3024 in·
938 2970 1012 3025 citur
1033 2968 1205 3041 regulariter
1225 2968 1369 3024 instruxit.
1395 2967 1535 3023 Biscratns
1553 2971 1650 3021 autem
1671 2965 1756 3018 Pater

65 3061 183 3130 stituta,
197 3060 406 3116 venerabilium
418 3061 544 3133 vestigiis
556 3061 622 3116 trita
637 3061 773 3131 virorum,
787 3062 887 3119 mode·
938 3064 1051 3119 Maurus
1073 3079 1131 3119 non
1155 3079 1249 3118 moras
1270 3062 1478 3135 AEgyptiorum,
1498 3059 1549 3132 qui
1572 3059 1663 3114 nimio
1688 3056 1754 3113 solis

65 3154 139 3209 retis
167 3153 340 3209 novitatibus
362 3154 475 3225 abJecit.
501 3174 515 3206 a
537 3154 627 3225 Viam,
648 3154 791 3227 inquiunt,
813 3157 888 3227 vita,
939 3158 1040 3213 ardore
1064 3157 1174 3229 jugiter
1198 3158 1339 3224 aestuant,
1369 3155 1496 3211 imitatus
1521 3157 1581 3222 est;
1604 3150 1655 3208 scd
1682 3151 1755 3206 ritus

65 3264 125 3321 qua
140 3247 236 3304 Sancti
248 3249 348 3303 Patres
364 3248 432 3303 olim
447 3248 476 3302 in
490 3248 580 3304 Gallia
592 3248 725 3321 religiose
743 3250 888 3320 vixerunt,
940 3251 1098 3319 Gallorum,
1124 3250 1174 3323 qui
1200 3266 1274 3322 saepe
1302 3248 1426 3304 brumali
1456 3248 1521 3321 gelu
1548 3246 1579 3301 in
1603 3245 1754 3303 Occidente

65 3357 196 3416 quorum
219 3341 401 3397 sanctitatem
424 3343 480 3397 Beo
502 3341 635 3414 placitam
657 3342 759 3399 inrita
780 3348 892 3416 etpost
939 3344 1172 3412 contremiscunt,
1198 3343 1243 3415 pie
1267 3343 1387 3399 intuitus
1409 3346 1462 3410 est,
1482 3341 1555 3425 sicut
1577 3356 1593 3395 a
1615 3336 1754 3410 spirituali

66 3436 269 3491 humationem
289 3434 422 3508 prodigia
439 3440 596 3491 contestata
611 3440 687 3504 sunt,
701 3437 781 3507 juxta
799 3438 890 3493 ritum
940 3438 1076 3509 magistro
1095 3437 1246 3493 salubriter
1264 3437 1380 3492 edoctus
1393 3441 1446 3490 ιιι.
1460 3435 1533 3490 Dicit
1546 3434 1624 3489 enirn
1642 3434 1755 3487 sanctus

66 3533 96 3584 ct
110 3527 282 3585 traditiones
296 3545 399 3585 eorum
406 3529 516 3601 jamdiu
528 3529 751 3599 observavimus,
762 3534 790 3586 et
801 3547 889 3603 usqua
941 3530 1108 3586 Benedictus
1132 3547 1139 3584 ε
1165 3531 1332 3587 Vestimenta
1353 3530 1499 3596 fratribus,
1520 3527 1666 3584 secandum
1688 3526 1755 3580 loeo·

66 3622 103 3677 ad
117 3627 239 3678 mortem
256 3626 317 3679 tata
330 3625 432 3678 conatu
446 3638 613 3678 conservare
631 3630 826 3697 peroptemus.
848 3626 888 3680 Ba
937 3626 1174 3694 inaequalitatem
1196 3624 1242 3678 abi
1263 3622 1400 3686 habitant,
1415 3623 1457 3677 ιιι
1477 3637 1569 3677 aarum
1590 3621 1753 3691 temperiem,

66 3716 136 3783 hoc,
149 3715 227 3788 quod
242 3714 472 3788 redarguimusa
487 3719 524 3788 tc,
540 3717 624 3772 Peter
637 3717 810 3786 venerande,
822 3718 890 3789 quia
939 3718 1048 3773 dentur.
1057 3719 1109 3785 Qui
1120 3718 1149 3772 in
1160 3717 1273 3786 {agidis
1286 3716 1450 3786 regionibus,
1465 3715 1598 3786 amptius3
1612 3717 1641 3768 ia
1655 3712 1754 3768 calidis

67 3809 264 3865 exorbitemus
285 3825 303 3864 a
323 3809 419 3881 rigore
442 3809 608 3865 monachilis
631 3811 757 3882 Begulae,
770 3828 824 3867 nco
847 3828 889 3867 aa
937 3826 1015 3877 vera,
1043 3813 1131 3867 minas
1152 3811 1286 3880 indigent.
1310 3812 1372 3866 flea
1393 3826 1456 3880 ergo
1475 3808 1658 3864 consideratio
1674 3821 1755 3878 penes

69 3919 141 3975 pero
149 3901 301 3974 gradimur
316 3902 514 3975 AEgyptiornm
527 3905 642 3959 Petrum
655 3905 780 3975 tramite,
794 3905 844 3979 qui
858 3905 888 3961 in
938 3905 1061 3961 obtutam
1082 3909 1129 3961 est.
1152 3904 1199 3961 Sic
1223 3904 1311 3960 etiarn
1331 3904 1366 3959 da
1388 3903 1451 3959 aihu
1476 3907 1504 3959 et
1529 3905 1598 3974 potu
1624 3905 1654 3957 at
1675 3899 1755 3956 omni

67 3994 224 4064 Thebaida,
238 4000 267 4051 et
282 4000 379 4051 sancta
391 3996 421 4051 in
443 4001 523 4052 terra
541 3997 794 4053 commorabantur
811 3998 888 4054 inter
938 3998 1152 4054 couversatione
1166 3998 1294 4053 humana
1313 3996 1431 4069 provide
1448 4001 1591 4068 temperat
1610 4000 1639 4051 et
1658 3994 1754 4066 dispo-

67 4089 208 4146 barbaros
233 4089 351 4161 antiqua
371 4094 512 4163 tempore,
536 4091 725 4147 necessariam
745 4093 889 4149 rationem
937 4091 991 4162 nit,
1014 4097 1046 4147 ιι
1066 4092 1164 4148 omnia
1186 4097 1347 4148 mensurate
1367 4091 1438 4147 fleat
1460 4095 1579 4163 propter
1603 4089 1755 4162 pusillani-

68 4183 166 4241 subtili
186 4182 334 4239 considera
346 4184 565 4240 examinatione.
583 4185 680 4241 Nullus
702 4185 803 4242 doctor
820 4187 887 4258 jure
938 4202 1010 4256 mes,
1036 4191 1066 4242 et
1087 4185 1195 4258 absque
1221 4185 1498 4242 murmurationibus
1519 4185 1587 4240 sint.
1613 4184 1752 4241 abbatem

68 4277 149 4349 cogit
161 4275 259 4334 fideles
276 4277 373 4332 omnia
391 4278 449 4349 pati
470 4278 548 4349 pacis
568 4281 706 4351 tempore,
720 4297 785 4352 quae
799 4279 888 4337 suncti
938 4295 1053 4352 quoquc
1067 4295 1249 4352 summopere
1263 4279 1399 4336 admonet
1413 4286 1443 4336 ut
1456 4280 1586 4336 omnium
1606 4278 1754 4335 imbecilli·

67 4374 212 4443 martyres
226 4370 366 4445 compulsi
380 4372 488 4427 suntin
502 4372 746 4444 persecutionibus
759 4390 885 4445 pagano·
937 4377 1028 4429 tatem
1049 4372 1220 4429 considerat.
1245 4373 1390 4429 Fratribus
1412 4374 1534 4429 infirmis
1556 4375 1606 4428 aut
1623 4372 1756 4431 delicatis

68 4482 135 4521 rum
151 4464 292 4534 tolerere3
306 4466 442 4537 quoniam
454 4482 506 4520 nac
519 4466 575 4538 ipsi
583 4466 685 4522 eadem
700 4472 767 4523 ante
777 4464 928 4540 pressu-D
939 4468 1023 4523 telem
1038 4483 1155 4538 operam
1170 4467 1212 4522 vel
1227 4473 1320 4523 artem
1331 4467 1413 4538 jubet
1426 4467 1539 4539 injungi
1553 4468 1584 4521 ut
1601 4482 1654 4522 nec
1673 4465 1755 4521 otiosi

67 4576 132 4615 ram
148 4557 303 4630 impiorum
317 4559 391 4615 ultro
404 4559 530 4632 perpessi
543 4563 619 4628 suut,
634 4577 708 4633 quae,
720 4561 888 4617 necessitate
937 4561 1004 4630 sint,
1025 4576 1077 4616 nec
1101 4559 1235 4616 violantia
1257 4559 1361 4616 laboris
1384 4561 1585 4633 opprimantur
1605 4564 1634 4615 et
1656 4559 1753 4615 elluin-

67 4652 255 4727 postmodum
275 4657 407 4724 cogente,
426 4670 477 4726 pro
495 4653 552 4710 fide
573 4656 726 4723 certantes,
745 4655 885 4711 sustinue·
938 4657 1054 4727 gantur.
1070 4653 1172 4709 Paulus
1185 4658 1214 4710 et
1227 4653 1374 4722 hrrtonius,
1389 4654 1495 4725 aliique
1511 4654 1617 4725 plures,
1632 4653 1681 4726 qui
1693 4653 1753 4724 pri·

66 4749 147 4802 runt.
164 4747 220 4801 Boc
235 4746 373 4802 nimirum
387 4747 524 4802 Dominus
538 4748 620 4803 Petra
634 4747 785 4804 manifeste
799 4749 888 4804 decla·
938 4747 1024 4804 mitus
1046 4763 1175 4803 eremum
1197 4747 1389 4820 expetierunt,
1412 4748 1493 4803 etin
1515 4746 1621 4802 abditis
1648 4747 1754 4802 deserti

66 4841 151 4908 ravit,
167 4839 283 4895 dicens:
300 4840 367 4896 Cam
387 4856 452 4896 esses
468 4842 576 4910 iunior,
589 4842 716 4910 cingebas
734 4847 769 4906 te,
783 4849 808 4898 et
827 4859 885 4897 am·
938 4841 1006 4897 locis
1027 4842 1202 4898 monasteria
1225 4841 1279 4898 sibi
1299 4845 1529 4910 construxerunt,
1545 4842 1647 4897 timore
1666 4858 1753 4914 pega·

68 4934 185 4989 balatus
205 4934 253 4988 nbi
270 4934 389 4990 valebas.
411 4934 478 4991 Cum
502 4941 591 4992 ιιιιιιιι
612 4936 742 4998 senueris,
763 4936 888 4992 entendes
939 4952 1051 5005 norum,
1073 4939 1104 4990 ut
1125 4952 1212 5006 supra
1232 4935 1339 4992 dictum
1361 4940 1413 5004 est,
1434 4936 1500 4992 illnc
1522 4935 1672 5010 compulsi,
1692 4951 1754 4991 erc-

66 5031 257 5091 monasterus,
277 5029 392 5083 startias
410 5030 548 5098 teeinpet,
570 5034 594 5084 st
608 5028 687 5084 ducet
709 5044 761 5100 quo
780 5035 810 5085 tu
832 5045 888 5085 non
939 5034 996 5084 tem
1022 5029 1107 5085 nimis
1130 5029 1215 5086 vitam
1240 5032 1397 5102 elegerunt,
1419 5035 1448 5087 et
1471 5036 1642 5103 cooperante
1663 5029 1755 5102 gratie

64 5125 107 5178 ais
122 5123 225 5195 (foen,
239 5138 295 5189 xxi,
311 5123 364 5191 ιὸι.
381 5122 546 5178 Secundum
562 5128 705 5195 praecepta
725 5122 828 5179 divinae
844 5124 885 5180 le·
938 5123 998 5193 Bai,
1016 5123 1215 5179 necessitatem
1234 5124 1264 5178 in
1287 5124 1461 5180 volunlatem
1482 5127 1753 5180 transmutaverunt.

67 5217 122 5287 gis,
138 5215 296 5288 prudenter
309 5215 421 5271 intuere
434 5233 521 5289 quam
536 5215 656 5272 discreta
669 5215 698 5271 in
714 5216 758 5271 via
774 5217 821 5273 Bai
838 5217 886 5273 de·
937 5217 1046 5274 Deinde
1065 5217 1202 5273 laudabili
1218 5234 1320 5274 eorum
1338 5218 1468 5291 exemplo
1489 5218 1646 5274 admodum
1667 5219 1757 5274 crevit

67 5317 131 5366 ceat
157 5315 184 5365 te
208 5309 273 5367 illos
300 5309 443 5382 dirigere,
474 5310 524 5384 qui
548 5316 650 5382 sponte
676 5327 727 5365 sua
758 5313 888 5369 conversi
938 5312 1165 5368 renuntiantium
1185 5312 1449 5384 saeculonumarus,
1465 5319 1494 5370 et
1513 5331 1564 5385 pro
1583 5313 1754 5369 diversitati·

67 5403 250 5460 emundana
261 5404 408 5476 pravitate,
423 5405 475 5460 sub
490 5407 541 5459 tua
561 5403 731 5477 magistratu
748 5405 886 5462 emenda·
938 5406 990 5461 bus
1006 5406 1135 5462 locorum
1153 5422 1187 5461 ac
1207 5406 1334 5462 moribus
1354 5407 1505 5464 homiuum
1527 5407 1613 5464 variis
1637 5407 1754 5463 incessit

67 5499 173 5553 liorem
194 5497 281 5553 vitem
302 5497 402 5553 ιοιιιιι
423 5498 560 5572 arripere.
580 5501 640 5565 Qua
663 5499 773 5556 ratione
795 5503 889 5573 potest
938 5499 1174 5555 institutionibus.
1188 5501 1244 5557 Sed
1263 5501 1292 5556 in
1313 5518 1370 5558 uua
1384 5501 1451 5572 tide,
1466 5507 1498 5558 ut
1519 5502 1587 5558 dicit
1601 5501 1756 5574 Gregorius

68 5590 270 5664 approbarint
289 5590 363 5660 illos,
378 5591 427 5664 qui
449 5592 523 5647 ultro
544 5594 643 5648 volunt
660 5609 744 5649 suum
765 5609 888 5667 nequam
938 5610 1023 5667 papa,
1039 5594 1111 5649 nihil
1132 5594 1219 5652 efficit
1241 5600 1345 5652 ιιιιιιι
1367 5597 1495 5652 Ecclesiae
1515 5595 1691 5652 consuetudo
1712 5594 1755 5649 di·

67 5701 131 5740 esse
143 5685 175 5740 in
194 5684 301 5740 bonum
320 5688 441 5751 mutare,
456 5686 490 5741 ad
511 5687 633 5743 latebras
649 5688 729 5745 Pauli
743 5688 787 5742 rel
800 5690 887 5743 Anto·
938 5704 1030 5743 versa.
1045 5688 1148 5760 hlagna
1170 5707 1234 5761 pars
1255 5690 1409 5747 hominum
1424 5690 1452 5746 iu
1475 5689 1574 5746 calidis
1590 5688 1756 5759 regionibus

68 5779 111 5837 nii
125 5778 264 5840 violenter
275 5780 379 5839 debeas
392 5781 539 5855 aurigae?
548 5783 592 5843 llli
602 5783 720 5860 quippe,
730 5787 888 5860 parentum
938 5789 1015 5843 caret
1027 5782 1224 5858 femoralibus,
1245 5784 1413 5862 tunicisque
1430 5784 1603 5854 instituunt
1618 5781 1778 5841 muheres,
