3750 6046
418 250 571 314 tttsroma
591 254 855 315 ECCliESthTtCh.
871 283 906 294 -
918 250 1004 309 PARS
1022 252 1068 306 tlt.
1082 281 1117 292 -
1136 250 1199 308 tin.
1221 249 1276 308 xtt.

1631 253 1683 311 878

86 379 175 452 igitur
187 379 334 447 virtutem,
349 395 436 451 quam
450 386 564 452 appeto,
581 399 668 453 quam
684 399 718 436 er
733 398 813 435 sanc·
826 379 958 466 peleare
971 377 1072 448 caepit:
1089 398 1102 425 i<
1119 377 1221 430 Notum
1236 380 1288 441 est,
1304 375 1406 447 inquit,
1422 376 1565 432 sanctitati
1580 381 1681 432 vestrie

74 491 93 529 n
105 475 273 529 auctoritate
290 475 510 544 Scripturariim,
526 481 555 530 et
569 476 694 546 generali
710 491 813 547 appro-

76 584 113 623 ne
130 568 252 639 publice
274 566 495 635 commodititis,
521 586 704 640 summopere
721 569 814 634 lauito,

74 661 137 716 nisu
161 661 316 732 inquirere,
341 665 416 718 etin
438 666 494 718 tota
520 663 566 717 [lei
591 662 725 726 Ecclesia,
753 662 815 734 ipso

74 758 130 822 ilc,
156 755 313 810 dill'undere
336 757 467 812 vivaciter
489 757 654 811 elaborabo.
684 756 815 810 'trerium

79 849 152 904 sicut
174 865 239 903 cam
261 857 365 903 sanctie
381 850 528 905 asemona
542 851 671 905 Urbanus
687 866 760 921 pape
786 849 816 904 in

73 943 117 997 iio
131 943 310 997 Clariinontis
323 945 475 999 tenendam
490 944 647 1011 constituit,
671 943 814 1015 praecipio,

73 1038 148 1108 liqna
161 1037 283 1103 decreti,
306 1055 370 1109 quie
386 1039 424 1092 ihi
449 1055 465 1091 a
486 1038 591 1092 sanctis
606 1038 735 1092 Patribus
751 1054 815 1092 san-

73 1134 148 1198 suut,
172 1148 205 1184 cr
228 1130 395 1186 auctoritate
418 1131 474 1197 tlei,
491 1138 519 1185 et
542 1132 632 1185 sancti
649 1131 722 1185 Petri
745 1147 815 1202 apo·

93 1224 282 1294 omniumque
298 1227 461 1278 sauctorum
479 1225 541 1290 tlei,
562 1225 708 1279 contirmo.
726 1226 815 1294 tmpe-

94 1318 315 1371 htemaunorum
342 1317 485 1371 mandavit
511 1318 585 1371 initii
613 1321 644 1371 ul
670 1318 816 1372 ttozonem

73 1426 124 1466 um
142 1411 256 1477 adeam,
283 1411 379 1482 ibique
395 1428 497 1482 pacem
512 1428 579 1466 cum
597 1429 640 1478 co,
656 1412 691 1467 ad
709 1410 815 1466 utilila-

73 1511 179 1560 sanctoe
198 1506 295 1558 matris
319 1506 457 1567 Ecclesiae,
482 1506 599 1560 tactam.
626 1505 694 1559 tttiic
720 1505 817 1576 utique

73 1615 134 1654 iace
146 1599 320 1654 laboraturus
333 1616 408 1652 nuuc
422 1600 478 1666 tho,
493 1602 521 1654 et
534 1600 720 1669 coepiscopos
736 1615 816 1653 iireos

73 1708 167 1747 ensem
183 1698 210 1746 et
220 1694 489 1763 ltottiomagensein,
506 1696 535 1746 et
545 1693 614 1747 alios
625 1692 765 1764 quosdam
780 1692 816 1745 de

865 471 943 543 quod
987 472 1131 525 ,ltozoirem
1183 470 1371 540 perreximus.
1415 470 1470 525 Sed
1518 470 1680 527 infortuniis

865 569 964 620 contra
977 582 1028 620 uos
1042 564 1268 634 insurgentibus,
1298 564 1337 619 nil
1351 564 1563 619 commoditatis
1577 583 1679 638 perpe-

866 659 1009 713 travimus.
1038 659 1103 712 ltluc
1125 657 1295 712 festinanter
1310 658 1422 724 ivimus,
1449 658 1497 711 scd
1521 658 1681 713 iiidetcsti·

866 751 981 807 nautius
1008 751 1172 807 redivimus.
1203 754 1362 822 Imperator
1386 752 1542 806 enimcum
1572 752 1681 825 ingenti

867 846 991 901 exercitu
1004 845 1040 899 ad
1056 846 1222 917 praedictum
1235 846 1327 900 lucum
1342 845 1467 912 ailvenit,
1478 853 1506 901 ct
1520 847 1601 917 quasi
1611 864 1683 919 pug-

868 945 983 994 naturus
1007 943 1180 994 armatorum
1202 940 1293 995 terme
1319 956 1371 994 xxx
1392 940 1480 995 millia
1505 957 1602 996 secum
1628 942 1681 997 ha-

867 1033 938 1087 biiit.
972 1034 1028 1088 ltoc
1059 1034 1154 1104 itaque
1177 1039 1208 1088 iit
1236 1033 1504 1101 animadvertimus,
1530 1035 1681 1090 dominum

868 1126 1014 1197 papam-iii
1033 1127 1149 1197 praelato
1160 1132 1263 1191 castro,
1276 1127 1352 1198 quod
1374 1128 1402 1181 in
1417 1128 1564 1183 ttemensis
1587 1130 1680 1183 archi-

867 1220 991 1293 episcopi
1012 1220 1137 1275 dominio
1160 1227 1210 1281 est,
1236 1220 1413 1288 inclusimus,
1440 1226 1468 1276 et
1484 1238 1535 1276 nos
1559 1222 1625 1277 inite
1641 1222 1679 1277 ad

867 1314 1053 1368 coustitutum
1080 1313 1252 1384 colloquium
1275 1314 1464 1385 egredientes,
1488 1315 1579 1386 ipsum
1604 1315 1681 1370 exire

867 1407 985 1462 omnine
1015 1407 1222 1478 prohibuimus.
1248 1407 1386 1461 Secretius
1405 1408 1456 1461 tari
1472 1424 1538 1462 enin
1562 1410 1683 1480 impera·

867 1501 1089 1556 torcmuttoties
1118 1500 1316 1571 quaesivimus;
1336 1501 1383 1555 sed
1416 1518 1480 1555 mox
1507 1506 1538 1556 ut
1559 1519 1575 1556 a
1596 1503 1679 1558 turba
1755 1563 1757 1567 ,

868 1593 1021 1665 segregati,
1036 1611 1099 1648 curn
1115 1594 1162 1647 itto
1178 1610 1305 1647 scorsum
1322 1594 1519 1665 migraremus.
1535 1596 1679 1651 innumeri

868 1687 1011 1756 satellites,
1035 1687 1187 1742 voluntatis
1215 1688 1277 1757 ejus
1302 1693 1330 1741 et
1354 1687 1460 1742 fraudis
1489 1690 1602 1757 conscit,
1627 1707 1678 1745 nos

73 1785 134 1840 ibus
156 1790 183 1839 ct
208 1785 380 1857 coepiscopis
410 1786 513 1840 nostris
538 1802 651 1840 meeum
680 1785 814 1853 minabo,
827 1791 855 1862 B
867 1781 1087 1846 circumdabant,
1102 1783 1131 1834 et
1145 1781 1257 1834 lanceas
1271 1781 1436 1852 gladiosque
1448 1798 1511 1836 suos
1524 1783 1679 1852 vibrantes,

84 1895 144 1950 prie
157 1879 264 1933 caeteris
279 1880 315 1934 ad
333 1880 384 1933 hoc
398 1879 533 1950 placitum
549 1879 724 1933 necessarios
739 1879 816 1932 iesti-

73 1973 142 2027 Aliis
164 1974 296 2027 omnihus
311 1973 449 2043 episcopis
465 1977 493 2027 ct
517 1974 667 2027 abbatibus
682 1972 770 2044 jirheii
785 1975 817 2026 ut

73 2067 259 2121 iraestoleiitur
285 2084 335 2120 nos
358 2068 526 2137 quantocius
556 2067 706 2133 redituros,
733 2066 815 2119 auri-

73 2160 247 2215 eCouditore
264 2165 368 2214 nostro.
387 2160 493 2214 ttiniies
506 2161 550 2213 liic
565 2164 729 2231 exspectare
742 2150 824 2213 coms

73 2250 122 2315 do,
152 2251 304 2304 irceetiain
333 2248 529 2313 Goistreitum,
559 2248 691 2302 ahbatum
721 2248 816 2303 Sancti

72 2343 174 2411 dorici,
187 2343 266 2398 abire
283 2343 427 2413 permitto,
442 2343 571 2413 quamvis
585 2344 646 2412 cjiis
659 2342 815 2412 hospitium

72 2455 79 2491 i
104 2437 240 2508 proximo.
262 2436 345 2490 Orate
372 2453 422 2507 pro
439 2436 528 2504 uobis,
545 2442 574 2490 iil
590 2437 661 2489 lleiis
675 2439 704 2488 et
719 2436 815 2490 tlomi·

72 2539 163 2586 :voster
176 2547 345 2601 prosperum
359 2531 413 2584 iter
425 2530 507 2584 uobis
516 2530 663 2597 instimulat,
679 2535 706 2583 et
718 2546 817 2584 orriiies

72 2629 116 2679 tiis
130 2629 237 2678 nostros
252 2624 287 2677 ad
300 2640 396 2694 pacem
414 2628 442 2677 et
457 2623 606 2677 utilitatem
620 2624 705 2678 totius
722 2623 814 2677 liceto·

72 2718 227 2789 ienigiiiter
241 2718 354 2788 dirigat.
372 2722 440 2771 llum
465 2724 563 2771 autem
576 2733 704 2771 reversus
719 2717 814 2784 fuero,

72 2828 139 2867 rores
165 2819 269 2866 vestros
285 2818 313 2866 et
337 2811 576 2878 ratiocinationes,
594 2815 625 2864 ut
648 2812 751 2865 rectius
764 2827 815 2881 po-

72 2925 94 2975 s,
111 2905 264 2976 diligenter
277 2905 436 2970 discutiam,
452 2904 609 2975 opitulante
634 2904 764 2969 tlomiiio,
787 2907 817 2958 ut

80 3015 149 3071 pace
163 3007 191 3054 et
202 2999 389 3053 exsultatione
406 2998 440 3052 ad
456 2998 572 3069 propria
585 2999 746 3053 remittatur
756 2998 816 3052 trice

73 3112 82 3147 ι
105 3093 212 3147 concio.
231 3092 337 3147 tteinde
363 3092 537 3162 spirituatem
557 3092 647 3145 titium
665 3108 772 3155 uicum,
788 3094 816 3145 ct

866 1874 1013 1944 ingentem
1038 1874 1119 1929 nohis
1134 1880 1241 1928 viretum
1269 1874 1451 1930 incutiebant.
1471 1876 1531 1930 Non
1546 1876 1621 1931 enirn
1644 1877 1680 1932 ad

867 1967 975 2021 trellum
1002 1968 1130 2022 instructi
1152 1985 1328 2034 rencmmus,
1353 1968 1402 2022 seit
1431 1969 1554 2025 inermes
1580 1988 1680 2041 pacem

868 2061 1018 2115 universali
1044 2062 1173 2115 Ecclesia
1197 2063 1431 2133 procurabamus.
1457 2064 1680 2134 imperatordo-

867 2154 943 2210 lusus
968 2172 1020 2226 per
1041 2156 1164 2209 itiversas
1186 2156 1318 2226 ambages
1343 2156 1534 2225 cavillabatur,
1561 2158 1678 2213 iraudu-

867 2250 957 2303 lentcr
973 2249 1119 2303 nobiscum
1129 2248 1317 2320 toquctiatur3
1332 2250 1381 2303 scd
1392 2251 1570 2322 praesentiam
1585 2268 1680 2324 papie,

867 2348 899 2396 iit
916 2342 1051 2397 cumdem
1068 2347 1195 2413 caperet.
1222 2359 1404 2414 summopere
1420 2344 1610 2415 operiebatur.
1635 2346 1680 2401 Sic

866 2436 1050 2491 totumdiem
1077 2436 1215 2491 inutiliter
1230 2437 1395 2507 exegimus3
1421 2437 1468 2492 scd
1485 2439 1598 2493 Patrem
1627 2456 1678 2511 pe-

867 2535 943 2584 truin
957 2530 993 2584 ab
1008 2529 1095 2585 oculis
1109 2530 1170 2600 ejus
1185 2530 1306 2584 solerter
1316 2531 1527 2602 occultavimus,
1537 2548 1680 2588 memores

866 2640 952 2695 quain
964 2624 1165 2678 fraudulenter
1185 2624 1257 2678 idem
1273 2624 1332 2695 ipsc
1349 2626 1465 2680 ttomam
1481 2626 1638 2695 intraverit,
1652 2633 1680 2683 et

865 2723 932 2772 ente
956 2734 1035 2772 aram
1060 2717 1088 2771 iu
1115 2717 1226 2771 basilica
1248 2717 1343 2773 Sancti
1373 2718 1446 2773 Petri
1467 2720 1596 2790 apostoli,
1612 2722 1679 2775 Pas·

866 2812 975 2866 chalem
1000 2828 1102 2882 papam
1132 2811 1246 2882 ceperit.
1280 2810 1405 2882 ttcnique
1438 2829 1488 2866 nos
1522 2817 1595 2867 tetra
1624 2831 1680 2870 nox

866 2905 990 2972 diremit,
1004 2908 1033 2959 et
1046 2905 1240 2976 unusquisque
1254 2922 1305 2959 sua
1321 2906 1464 2976 mappalia
1479 2906 1603 2977 repetiit.
1624 2910 1681 2963 Nos

866 2999 976 3070 ntique,
992 2999 1177 3054 formidantes
1192 3016 1226 3053 ne
1251 2998 1350 3071 pejora
1376 2999 1601 3070 incurreremus,
1627 3001 1680 3057 iter

866 3092 1034 3164 repedandi,
1049 3093 1106 3146 iinii
1134 3092 1273 3163 fugiendi,
1289 3092 1421 3149 velociter
1445 3093 1588 3149 inivimus.
1605 3095 1680 3160 Quin

78 3188 120 3241 nis
133 3188 343 3258 propinquitate
363 3185 578 3250 consobrinum,
598 3203 695 3249 regiam
711 3155 853 3255 arigio-C
869 3187 966 3255 etiam,
983 3204 1017 3240 ue
1039 3187 1226 3241 formidabilis
1250 3191 1387 3257 tyrannus
1401 3204 1465 3242 cuni
1481 3188 1577 3243 multis
1592 3188 1681 3261 legio·

80 3280 179 3348 adibo,
196 3280 328 3352 precibus
343 3284 370 3333 et
387 3280 518 3350 alloquiis
542 3280 634 3350 ipsum
656 3286 684 3333 ct
696 3279 815 3333 Tedhat-

94 3375 242 3442 comitem‚
270 3374 330 3444 ejus
355 3373 485 3427 videlicet
509 3377 661 3444 nepotem,
691 3373 817 3444 aliosque

72 3467 170 3523 dentes
186 3468 345 3521 admonebo
369 3471 401 3521 ul
425 3467 451 3520 iii
468 3468 599 3522 omnihus
620 3467 817 3522 rectitudinem

73 3568 105 3618 nt
117 3566 145 3616 ct
160 3562 194 3616 ah
210 3561 342 3616 omnihus
365 3561 496 3615 camdeni
518 3562 545 3614 in
560 3578 657 3615 amore
679 3561 726 3613 llei
745 3560 816 3614 reci·

72 3659 90 3721 t,
105 3656 222 3725 etjusla
246 3655 295 3709 tlei
312 3656 408 3723 legem
424 3655 572 3725 poculenti,
587 3655 620 3708 ab
638 3654 716 3707 omni
730 3653 815 3707 belto-

84 3749 204 3820 strepitu
220 3751 330 3815 sileant,
348 3752 434 3819 utque
458 3765 522 3802 cum
543 3748 675 3817 subjectis
688 3746 817 3818 plebibus

71 3843 89 3897 ri
107 3843 282 3914 quiescentes
293 3842 448 3913 gaudeant.
467 3844 550 3895 l'orro
565 3842 628 3895 illos
640 3841 688 3911 qui
705 3856 818 3912 [reinua-

74 3937 127 3991 tius
150 3937 251 3990 nostris
266 3936 463 4007 obtemperare
485 3936 638 4002 noluerint,
655 3935 702 3989 seit
725 3934 752 3987 in
767 3950 817 3988 sua

71 4031 171 4085 acitate
193 4035 292 4085 contra
303 4031 350 4099 jus
373 4034 402 4083 et
416 4030 557 4100 publicam
573 4030 698 4100 quietem
717 4032 814 4082 eontu-

76 4129 118 4179 ler
141 4125 391 4194 perseveraverint,
414 4123 531 4177 terribili
546 4122 738 4177 anathematis
752 4138 814 4176 seu-

73 4236 91 4272 a
102 4218 211 4284 teriam,
225 4218 276 4272 nisi
292 4234 308 4271 a
322 4221 459 4288 pravitate
474 4234 523 4271 sua
540 4216 710 4287 resipuerint
725 4220 753 4270 et
765 4231 816 4286 pro

71 4312 149 4367 iactis
181 4312 306 4366 realibus
335 4311 470 4366 canonice
498 4310 695 4365 satisfecerint.
720 4331 734 4357 ii
771 4308 817 4363 llis

73 4423 97 4473 s,
113 4410 200 4460 eoetus
214 4406 341 4460 tidelium
355 4405 464 4459 solutus
478 4408 528 4458 cst.

143 4551 173 4603 ll.
190 4551 315 4604 ticinense
328 4550 469 4603 concilium
488 4551 673 4604 continuetur.

83 4690 251 4755 crastinum,
265 4689 337 4743 teria
349 4693 460 4759 quarta,
478 4705 541 4742 cum
556 4688 660 4759 insigni
681 4688 816 4743 comitatu

71 4799 145 4837 anem
164 4783 306 4853 protectus
326 4789 377 4847 est,
393 4788 421 4836 et
438 4782 583 4837 lloniiuico
603 4782 742 4853 sequenti,
758 4800 816 4854 prie

71 4894 96 4931 re
110 4883 139 4931 et
157 4883 232 4930 inctu
247 4878 336 4930 lassus
351 4880 377 4930 et
392 4893 478 4947 aeger,
495 4877 589 4930 ttemis
603 4893 747 4947 regressus
763 4882 815 4932 est.

71 4987 111 5025 ea
120 4971 271 5024 multitudo
280 4970 501 5041 magistratuum
509 4987 590 5041 papie
604 4970 727 5024 reditum
740 4987 816 5041 aigro

71 5065 162 5119 toleta
177 5069 228 5119 est.
246 5066 317 5118 Nam
344 5064 392 5136 qui
412 5064 446 5119 ilc
474 5065 638 5136 longinquis
653 5064 817 5136 regionibus

81 5158 224 5229 apostotici
235 5159 317 5229 jussu
333 5163 537 5225 convenerant,
548 5159 586 5212 ibi
599 5159 668 5212 iiiliil
685 5162 815 5229 agentes,

71 5255 176 5307 ictuose
204 5270 256 5306 sua
286 5252 492 5316 distrahebant,
519 5269 693 5323 suarumque
720 5267 817 5306 curum

72 5363 154 5401 orum
177 5363 241 5400 cum
269 5361 393 5400 moerore
417 5346 658 5401 intermittebant.
689 5345 817 5417 tteriique

70 5456 130 5496 rsus
143 5456 217 5510 papa
234 5456 284 5510 per
296 5444 421 5510 quatuor
433 5439 493 5493 dies
516 5440 653 5510 synodum
668 5438 771 5503 tenuit,
788 5443 818 5493 et

70 5535 168 5588 iversis
181 5534 366 5588 eeclesiarum
389 5534 513 5604 negotiis
529 5534 670 5587 tractavit.

72 5628 138 5696 itur,
164 5626 234 5680 teria
260 5626 393 5694 secunda,
416 5633 567 5699 postquam
594 5626 815 5698 papaconsedit,

73 5736 123 5776 nes
135 5720 294 5776 Creniensr's
308 5720 434 5774 eruditus
457 5725 485 5775 ct
510 5721 648 5794 eloquens
670 5721 817 5797 prebyter,

70 5812 121 5874 uit,
151 5814 180 5863 ot
191 5813 302 5880 peracti
320 5816 440 5869 eventus
460 5815 573 5874 itineris
597 5819 730 5879 seriatim
744 5838 819 5881 enu-

868 3280 960 3349 nihus,
990 3297 1061 3351 quas
1085 3295 1181 3334 seeum
1208 3280 1339 3343 ducebat,
1369 3288 1587 3352 persequeretur
1619 3299 1680 3353 nos,

868 3374 946 3428 valde
960 3373 1116 3428 timuimus..
1132 3394 1145 3422 a
1163 3375 1200 3429 tte
1214 3374 1257 3427 his
1271 3373 1373 3428 dixisse
1387 3390 1462 3428 nune
1477 3376 1589 3430 siiltieit.

902 3466 1075 3524 coloniensis
1098 3467 1329 3538 archiepiscopus
1358 3467 1466 3537 legales
1491 3471 1520 3522 ct
1546 3468 1680 3539 epistolas

867 3561 985 3616 domino
995 3576 1075 3632 papie
1084 3561 1195 3625 direxit,
1207 3565 1236 3614 et
1245 3562 1372 3632 professa
1381 3560 1567 3631 subjectione,
1580 3577 1681 3633 pacem

868 3659 896 3709 et
909 3655 1065 3709 amicitiam
1087 3671 1150 3708 cum
1164 3655 1212 3708 illo
1223 3654 1340 3724 pepigit.
1356 3653 1459 3707 Filium
1474 3670 1587 3725 quoquc
1605 3655 1681 3710 Petri

869 3749 979 3816 tcouis,
994 3764 1079 3819 qiicm
1091 3748 1219 3803 obsidem
1232 3747 1355 3801 hahebat
1368 3747 1403 3801 oti
1419 3748 1522 3802 amoris
1536 3747 1680 3819 specimen

868 3841 955 3913 gratis
972 3840 1102 3896 reddidit.
1121 3842 1183 3895 ttae
1197 3840 1303 3901 diceus,
1321 3841 1399 3912 quasi
1417 3840 1452 3894 oh
1468 3841 1578 3911 insigne
1588 3840 1679 3913 tripu-

868 3935 948 3990 dium
975 3936 1158 4006 letitiamque
1185 3934 1357 4001 mirabilem,
1391 3934 1481 4005 digito
1512 3935 1682 3990 monstravit

868 4029 982 4100 nigrum
997 4035 1024 4084 et
1038 4029 1172 4100 pallidum
1189 4029 1410 4096 adolescentem,
1421 4028 1682 4100 magistudieovel

867 4126 997 4193 Agereno
1011 4139 1095 4194 quam
1108 4122 1267 4178 Christiano
1277 4122 1407 4189 similem,
1423 4122 1548 4177 vestibus
1562 4123 1679 4194 quidem

867 4216 980 4288 optimis
1009 4216 1151 4276 indutum.
1179 4216 1228 4269 sed
1248 4233 1368 4286 corpore
1395 4215 1562 4271 deformem.
1591 4218 1681 4281 Quem

869 4309 976 4377 Franci,
993 4311 1097 4380 aliique
1122 4310 1216 4379 plnres
1238 4326 1320 4380 papea
1334 4309 1511 4364 assistentem
1526 4310 1679 4378 intuentes,

868 4404 1039 4471 deriserunt,
1061 4404 1141 4475 eique
1155 4402 1278 4458 dedecus
1299 4403 1513 4474 perniciemque
1523 4404 1609 4458 citam
1624 4404 1678 4457 im-

827 4497 976 4600 Dprccati
992 4503 1067 4564 suut,
1094 4502 1211 4568 propter
1230 4496 1329 4550 odium
1357 4496 1445 4567 patris
1469 4496 1566 4567 ipsius,
1594 4511 1680 4567 quem

869 4590 1074 4662 nequissimum
1095 4591 1293 4645 toeueiatorem
1314 4593 1461 4644 noverunt.

903 4684 1007 4740 Deinde
1034 4684 1229 4756 lugdunensis
1247 4683 1552 4755 arehiepiscopuscum
1578 4682 1678 4738 suffra·

868 4778 964 4851 ganeis
977 4778 1034 4833 suis
1053 4777 1187 4846 surrexit,
1203 4782 1232 4831 ct
1250 4776 1289 4830 ita
1304 4776 1382 4848 toqui
1402 4776 1499 4847 eoepit:
1518 4800 1531 4823 ii
1551 4776 1679 4831 ttatiseo·

869 4873 962 4927 nensis
989 4873 1135 4943 episcopus
1158 4871 1192 4925 ait
1221 4871 1293 4925 lianc
1318 4874 1446 4925 sanctam
1460 4869 1601 4940 synodum
1621 4871 1679 4926 cla-

869 4983 978 5022 morem
1004 4967 1080 5032 tacit,
1110 4965 1186 5036 quod
1213 4964 1333 5018 t‘oncius
1360 4963 1551 5018 tlliiniecensis
1585 4965 1681 5035 ipsum

868 5060 1072 5130 ecclesiamque
1099 5075 1179 5112 suam
1201 5058 1313 5111 damnis
1338 5058 1490 5128 multisque
1509 5057 1623 5128 injuriis
1638 5057 1679 5112 st·

869 5155 948 5221 teeil;
969 5152 1108 5219 ecclesias,
1135 5152 1315 5222 decimasque
1342 5167 1414 5218 suas,
1433 5150 1598 5222 debitasque
1612 5151 1680 5206 suh·

864 5248 1001 5320 jectiones
1015 5247 1067 5300 sibi
1080 5246 1222 5300 violenter
1239 5245 1364 5311 abstulit,
1381 5250 1408 5299 et
1430 5261 1571 5309 congruas
1584 5243 1680 5316 digui-

869 5345 949 5405 tites,
975 5356 1150 5410 suorumque
1182 5339 1375 5394 ordinationes
1400 5339 1567 5394 elericorum
1597 5338 1684 5395 deue-

868 5436 952 5507 gavit.
967 5456 981 5484 »
991 5438 1111 5499 Questus
1119 5432 1355 5504 hujirseemodiut
1365 5433 1562 5504 Lugdunensis
1570 5433 1681 5488 Primus

868 5530 999 5602 explevit,
1026 5528 1108 5583 multi
1131 5527 1269 5599 praesules
1292 5532 1320 5581 et
1333 5527 1467 5582 monaehi
1488 5532 1573 5598 atque
1587 5525 1682 5582 cleriei

868 5623 1009 5697 prosecuti
1033 5628 1111 5692 sunt,
1135 5621 1218 5677 etde
1243 5621 1334 5677 rebus
1352 5620 1566 5675 sibi-itonam
1587 5617 1699 5669 ababa

871 5738 939 5780 cuin
951 5719 1162 5779 vociteratione
1175 5718 1322 5776 clamores
1331 5715 1490 5780 teserem,
1499 5724 1538 5761 se
1551 5708 1592 5759 ae
1600 5698 1730 5765 'regesve

874 5819 1085 5881 invasionibus
1104 5834 1183 5896 quas
1203 5833 1226 5873 a
1239 5789 1649 5873 creuissensmasmsss
1669 5780 1758 5830 sexes.
