3750 6046
146 216 214 272 vove
811 213 983 278 musresu
1002 214 1036 269 vv
1055 215 1162 271 rara.
1636 184 1642 191 ’
1765 198 1826 274 loeo

146 336 957 409 felicismernoriaelnnocentii,Coelestini,lucii,Eugenii,
969 351 1000 424 Α
1046 339 1080 393 Ut
1090 345 1186 393 autern
1199 338 1234 393 ad
1250 338 1464 410 plenitudinem
1479 339 1587 405 salutis,
1608 345 1639 395 et
1652 354 1754 395 curam
1766 342 1822 396 ani·

145 431 959 505 Romanorumpontificumhospitnle,etdonrumsanctae
1010 447 1125 486 marum
1147 436 1309 487 vestrarum
1330 432 1401 487 nihil
1418 432 1497 488 vobis
1512 433 1596 500 desit,
1627 439 1717 506 atque
1740 435 1824 490 eccle·

145 526 266 582 civitatis
286 527 470 594 Hierusalem,
492 525 544 581 sub
562 526 639 581 beati
653 525 728 581 Petri
742 527 827 581 tutela
838 526 957 598 suscipi·
1008 525 1119 581 siastica
1132 531 1310 582 sacramenta
1324 532 1353 582 et
1367 526 1463 582 divina
1478 527 1571 582 cilicia
1585 527 1666 583 vebis
1680 533 1711 584 et
1724 528 1824 585 Christi

145 637 220 691 mus,
243 625 328 693 atque
347 637 483 694 personas
500 620 558 677 sive
573 637 617 675 res
638 620 674 676 ad
697 636 764 675 eum
783 620 958 691 pertinentes
1009 619 1184 692 pauperibus
1197 620 1375 676 commodius
1388 621 1600 677 exhibeantur:
1625 621 1781 691 sancimus,
1800 631 1825 678 ut

144 715 388 786 apostolicaesedis
398 714 955 786 privilegiocommunimus:statuentes,
1008 713 1094 768 liceat
1121 713 1201 768 vobis
1222 714 1340 769 clericos
1366 720 1394 770 et
1421 714 1592 782 sacerdotes,
1619 714 1720 771 habito
1752 717 1823 787 prius

144 810 179 864 ut
200 824 385 881 quascunque
408 808 609 879 possessiones,
631 823 810 879 quaecunque
831 806 907 862 bona
922 807 959 862 ad
1008 809 1104 862 tamen
1113 807 1148 861 dc
1162 823 1262 862 eorum
1272 808 1422 863 honestate
1438 811 1467 864 et
1479 808 1671 878 ordinatione,
1687 813 1822 880 quantun

144 902 363 958 sustentandum
375 901 593 973 peregrinorum
604 906 632 957 et
641 918 800 974 pauperum
812 901 959 957 necessita·
1008 900 1045 955 ad
1070 905 1193 955 vestram
1222 901 1371 957 scientiam
1395 902 1531 972 pertinet,
1558 918 1612 974 per
1634 902 1749 959 litteras
1773 904 1823 959 sire

144 1002 214 1058 tam,
224 1002 253 1052 et
263 995 524 1068 Hierosolymitanae
535 996 670 1063 ecclesie,
682 995 725 1050 vel
739 995 861 1050 aliarum
875 996 960 1051 eccle·
1009 998 1096 1049 testes
1109 994 1312 1050 couvenientes
1327 995 1501 1064 testimonio,
1517 996 1713 1067 undecunque
1727 996 1763 1053 ad
1783 1013 1824 1052 vos

145 1090 253 1146 siarum
274 1089 416 1161 parochiis
435 1094 463 1143 et
481 1088 628 1144 civitatum
648 1089 807 1156 territoriis,
830 1105 883 1161 per
903 1095 959 1144 tura
1009 1087 1157 1143 venientes
1186 1088 1340 1160 suscipere,
1365 1091 1394 1143 et
1418 1094 1477 1143 tam
1504 1088 1534 1143 iu
1559 1088 1717 1161 principali
1744 1090 1823 1145 domo
1867 1120 1869 1141 ÷

145 1183 329 1256 providentiae
343 1182 520 1254 vigilantiam
534 1182 629 1237 eidem
648 1182 822 1237 xenodochio
834 1182 958 1238 rationa-
1009 1186 1112 1249 vestra,
1126 1197 1214 1253 quam
1230 1181 1318 1236 etiam
1331 1181 1361 1236 in
1377 1181 1549 1238 obedientiis
1562 1182 1617 1239 sibi
1629 1182 1764 1252 subditis,
1778 1199 1822 1239 vo·

144 1277 241 1333 biliter
260 1277 409 1348 acquisita,
424 1293 504 1331 seua
527 1275 700 1348 quibuslibet
712 1276 778 1330 viris
792 1276 895 1342 oblata,
910 1280 960 1331 aut
1009 1273 1118 1329 hiscum
1141 1274 1256 1343 habere,
1279 1275 1442 1344 dummodo,
1457 1277 1511 1332 sie
1536 1276 1629 1332 vicino
1647 1283 1726 1344 sunt,
1745 1293 1792 1334 eos
1811 1298 1825 1333 a

145 1372 175 1427 in
195 1372 323 1426 futurum
338 1371 518 1426 concessione
539 1386 642 1441 regum
657 1370 700 1425 vel
716 1369 887 1441 principum,
901 1371 958 1425 lar·
1010 1368 1133 1440 propriis
1158 1369 1298 1440 episcopis
1302 1409 1356 1424 .....
1382 1369 1528 1442 iidemque
1551 1370 1622 1425 nulli
1646 1371 1697 1426 alii
1726 1373 1823 1444 proies

147 1465 243 1537 giente
255 1463 383 1533 Domino,
399 1463 506 1530 ollerrl,
522 1463 564 1517 vel
577 1463 638 1517 aliis
646 1463 730 1534 justis
745 1463 838 1518 modis
849 1463 959 1535 acquiri
1010 1462 1083 1517 sioni
1095 1462 1139 1517 vel
1154 1463 1249 1518 ordini
1263 1469 1417 1520 teneantur
1433 1463 1556 1519 obnoxii.
1571 1464 1691 1529 Quodsi
1706 1465 1825 1539 episcopi

143 1556 305 1629 contigerit,
322 1573 444 1630 quaeque
459 1573 476 1611 a
492 1555 701 1611 venerabilibus
714 1556 849 1612 iratribus
864 1557 960 1611 lliero·
1010 1555 1124 1611 eosdem
1149 1556 1229 1611 vobis
1248 1557 1405 1613 concedere
1420 1557 1493 1612 forte
1507 1556 1665 1629 noluerint,
1683 1559 1821 1616 nihilomi-

144 1651 403 1724 solymitanaesedis
411 1650 578 1722 patriarchis
586 1650 716 1721 legitime
729 1666 866 1706 concessa
881 1656 957 1720 sunt,
1009 1666 1064 1704 nus
1089 1653 1184 1706 lamen
1210 1653 1382 1706 auctoritate
1407 1654 1513 1707 sanctae
1533 1653 1674 1709 llomanae
1696 1653 1825 1710 Ecclesia

144 1749 203 1801 tam
216 1745 268 1801 tibi
282 1761 368 1817 quam
388 1743 597 1799 successorihus
610 1744 675 1812 tuis,
690 1749 717 1799 et
729 1743 865 1799 iratribus
875 1760 956 1816 pare·
968 1723 996 1797 Β
1009 1760 1059 1799 eos
1081 1744 1254 1815 suscipiendi
1280 1750 1308 1800 et
1334 1744 1480 1800 retinendi
1506 1745 1653 1803 licentiam
1683 1747 1823 1804 habeatis.

144 1840 293 1912 grinorum
308 1855 407 1894 curam
421 1838 594 1910 gerentibus,
609 1839 704 1909 quieta
717 1854 831 1910 semper
845 1844 874 1893 et
887 1838 958 1894 inte-
1009 1837 1098 1893 Iidem
1125 1854 1192 1893 vcro
1217 1838 1311 1893 clerici
1337 1838 1408 1895 nulli
1433 1854 1563 1911 persona
1587 1844 1675 1896 extra
1703 1848 1826 1898 vestrum

146 1951 196 2006 gra
215 1933 377 1988 conservari
399 1932 592 2003 precipimus.
1008 1931 1173 2003 capitulum,
1201 1933 1255 1987 nisi
1289 1934 1419 1990 Romano
1444 1934 1583 2004 pontifici,
1611 1935 1670 1991 sint
1698 1936 1825 2007 subjecti.

179 2027 208 2083 Sl
222 2043 285 2099 quae
301 2041 367 2081 vero
382 2026 442 2081 loca
456 2025 563 2080 luerint
578 2025 673 2080 eidem
689 2024 842 2080 venerabili
857 2023 957 2079 domui
1007 2025 1104 2081 laicos
1116 2042 1182 2082 vero
1198 2026 1303 2083 liberos
1313 2026 1349 2081 ad
1362 2028 1608 2083 conversationem
1620 2032 1651 2083 et
1664 2045 1825 2103 pauperum

143 2120 284 2192 abaliquo
297 2119 446 2175 devotione
461 2118 866 2189 collata,liceatvohisihidern
879 2118 957 2173 villas
1007 2120 1111 2178 Christi
1138 2121 1286 2176 servitium
1311 2121 1417 2193 absque
1449 2122 1569 2194 alicujus
1601 2123 1826 2180 contradictione

143 2214 293 2284 adificare,
310 2215 439 2269 ecclesias
454 2216 483 2269 et
494 2213 656 2269 coemeteria
669 2212 707 2268 ad
720 2228 791 2284 opus
804 2211 957 2289 hominum
1008 2214 1190 2285 suscipiendi,
1205 2214 1391 2270 nihilominus
1406 2215 1487 2271 vobis
1501 2217 1689 2273 concedimus
1703 2218 1825 2274 faculta-

142 2309 182 2364 ibi
213 2308 388 2364 morantium
417 2306 574 2363 fabricare:
606 2307 645 2362 ita
675 2311 772 2363 tamen
803 2313 833 2363 ut
864 2307 956 2362 vicina
1009 2313 1076 2364 tem.
1103 2307 1244 2363 Fratribus
1269 2325 1335 2364 vero
1364 2309 1465 2364 vestris
1480 2308 1569 2364 semel
1585 2311 1681 2366 in.....
1698 2318 1786 2384 atque
1799 2313 1826 2367 in

144 2402 266 2470 abbatia,
292 2403 335 2458 vel
356 2402 556 2474 religiosorum
579 2401 706 2456 viromm
728 2401 883 2473 collegium
898 2417 956 2456 non
1007 2418 1087 2458 sacro
1100 2407 1192 2458 vestro
1218 2403 1336 2475 collegio
1358 2403 1491 2474 receptis,
1508 2409 1573 2474 post
1586 2404 1698 2461 factam
1718 2407 1825 2478 proies·

144 2497 256 2565 existat,
270 2513 334 2568 quaa
348 2496 383 2552 ab
399 2496 452 2552 hoc
466 2497 580 2552 valeant
592 2495 759 2568 perturbari.
776 2496 849 2551 Cum
861 2500 956 2550 autern
1006 2495 1116 2552 sionem
1127 2502 1155 2551 ct
1163 2496 1291 2552 habitum
1299 2496 1445 2568 religionis
1457 2504 1651 2569 assumptum,
1660 2501 1826 2557 revertendi

143 2590 547 2663 terraedataevohisquolibet
562 2590 639 2661 justo
661 2589 743 2645 titulo
763 2589 955 2657 conferentur,
1006 2590 1042 2645 ad
1070 2590 1206 2645 saeculum
1232 2590 1427 2646 interdicimus
1452 2592 1628 2648 facultatem.
1652 2594 1712 2649 Nee
1746 2595 1826 2651 alicui

142 2684 306 2740 facultatem
329 2688 358 2739 at
379 2683 524 2739 licentiam
551 2682 678 2739 habeatis
701 2682 809 2737 ibidem
831 2682 956 2738 oratoria
1007 2701 1107 2740 eorum
1126 2685 1168 2739 ias
1180 2685 1226 2751 sit,
1243 2688 1308 2755 post
1323 2685 1429 2740 iactam
1440 2686 1659 2758 professionem,
1676 2689 1769 2744 semel
1784 2706 1825 2745 as·

142 2778 334 2835 constituendi
347 2780 376 2833 et
390 2778 551 2833 coemeteria
563 2777 687 2832 faciendi
700 2776 737 2832 ad
749 2776 957 2849 opusperegri·
1006 2781 1150 2849 sumptam
1171 2794 1284 2833 crucem
1307 2778 1480 2834 Dominicam
1506 2784 1534 2834 et
1566 2779 1700 2836 habitum
1726 2787 1824 2839 vestra

143 2889 256 2940 noruru,
272 2878 299 2928 et
314 2872 516 2927 tantrunmodo
529 2872 650 2926 fratrum
665 2871 714 2943 qul
729 2871 764 2926 de
778 2876 874 2926 nostra
892 2871 954 2926 fue·
1006 2872 1188 2944 professionis
1195 2872 1329 2944 ahJ'icere,
1346 2873 1389 2928 rel
1400 2872 1435 2927 ad
1450 2873 1539 2928 alium
1553 2873 1658 2942 locum,
1669 2893 1724 2931 seu
1737 2877 1823 2933 etiam

143 2967 201 3022 rint
213 2982 320 3022 mensa.
337 2966 522 3021 Decernimus
536 2981 605 3033 ergo
623 2969 656 3020 ut
670 2967 834 3035 receptores
846 2968 954 3018 vestra·
1006 2966 1214 3023 monasterium
1247 2967 1361 3038 majoris
1384 2983 1434 3021 scu
1455 2967 1574 3022 minoris
1599 2968 1754 3042 religionis
1779 2972 1824 3028 oh

141 3078 207 3116 rum
234 3062 456 3130 fraternitatum,
485 3060 543 3115 sive
571 3060 765 3126 collectarum,
793 3058 870 3113 salvo
889 3059 1097 3177 jurectentu,
1111 3060 1269 3118 invitissiva
1284 3061 1449 3116 inconsultis
1465 3062 1610 3129 iratribus,
1624 3067 1678 3119 aut
1693 3065 1768 3137 ejus,
1780 3068 1826 3139 qui

142 3155 326 3212 dominorum
341 3171 468 3224 suorum,
484 3154 513 3208 in
533 3156 562 3210 B.
586 3154 660 3209 Petri
686 3157 714 3208 at
729 3159 824 3208 nostra
843 3158 954 3224 protec-
1008 3156 1147 3226 magister
1158 3154 1305 3225 exstiterit,
1319 3154 1444 3224 licentia,
1459 3156 1677 3230 transmigrare.
1693 3159 1825 3233 Nulliqne

142 3250 220 3306 tione
241 3251 406 3317 consistant,
427 3251 456 3303 et
480 3264 532 3320 per
557 3253 647 3303 terras
669 3247 699 3301 in
721 3247 955 3319 qulbnsfuerint,
1008 3249 1202 3306 ecclesiasticas
1216 3249 1394 3305 saecularisve
1410 3266 1541 3321 personae
1555 3250 1630 3322 ipsos
1651 3253 1825 3325 suscipiendi

141 3360 242 3417 pacem
256 3344 394 3399 habeant:
411 3342 497 3398 simili
511 3342 594 3397 modo
616 3341 771 3412 sancimus,
784 3345 817 3396 ut
835 3342 955 3414 quicun-
1007 3349 1056 3399 aut
1081 3343 1224 3399 retinendi
1244 3343 1361 3398 licentia
1387 3347 1491 3416 pateat.
1507 3345 1746 3402 consecrationes
1759 3364 1824 3404 vero

142 3456 198 3512 qua
213 3440 243 3493 in
265 3440 359 3493 vestra
378 3437 558 3492 fraternitate
574 3435 661 3492 luerit
681 3440 823 3508 receptus,
844 3435 867 3490 si
882 3437 956 3492 torte
1007 3438 1138 3493 altarium
1154 3454 1205 3493 seu
1223 3437 1416 3508 basilicarum,
1432 3437 1629 3494 ordinationes
1642 3440 1823 3509 clericorum,

142 3533 259 3590 ecclesia
283 3533 320 3589 ad
343 3548 430 3604 quam
448 3532 583 3603 partinet,
605 3548 623 3586 a
636 3531 739 3586 divinis
753 3530 854 3586 ciliciis
869 3530 957 3586 tuerit
1007 3532 1056 3604 qui
1069 3534 1104 3587 ad
1117 3549 1212 3588 sacros
1224 3531 1341 3587 ordines
1353 3532 1461 3588 tuerint
1471 3534 1673 3604 promovendi,
1683 3540 1713 3591 et
1721 3543 1826 3592 caetera

141 3627 293 3699 prohibita,
316 3642 440 3698 eumque
468 3625 542 3680 meri
563 3624 728 3696 contigerit,
752 3623 846 3679 eidem
864 3624 957 3696 sepul·
1007 3625 1192 3682 ecelesiastica
1212 3631 1400 3694 sacramenta,
1421 3643 1438 3681 a
1458 3626 1618 3683 dioecasano
1632 3629 1827 3702 suscipiantur

142 3720 395 3776 turaecclesiastica
407 3722 604 3790 nonnegclur,
615 3717 669 3773 nisi
683 3718 955 3785 excommunicatus,
1008 3720 1150 3791 episcopo,
1177 3720 1200 3774 si
1225 3720 1340 3792 quidem
1364 3720 1519 3775 catholicus
1541 3720 1637 3789 luerit,
1661 3725 1824 3796 etgratiam

140 3816 185 3869 vel
207 3814 377 3870 nominatim
391 3813 478 3869 luerit
498 3811 677 3868 interdictus.
694 3812 837 3866 Praeterea
859 3811 882 3865 si
906 3811 956 3883 qui
1007 3815 1066 3869 sive
1079 3814 1311 3870 communionem
1322 3814 1484 3886 apostolica
1499 3814 1574 3870 sedis
1589 3815 1735 3885 habuerit,
1751 3824 1782 3874 et
1794 3835 1825 3874 ea

142 3909 264 3964 fratrum
285 3913 446 3963 vestrorum
457 3907 493 3960 ad
506 3904 704 3976 recipiendum
720 3904 839 3960 easdem
852 3905 955 3960 irater·
1007 3909 1095 3982 gratis
1118 3909 1223 3981 absque
1246 3908 1339 3981 aliqua
1356 3908 1495 3979 pravitate
1509 3908 1589 3964 vobis
1604 3909 1731 3966 voluerit
1746 3913 1824 3969 exhi·

144 4003 248 4058 nitates
270 4005 299 4056 et
320 4002 451 4056 collectae
473 4017 490 4055 a
511 3999 589 4054 vobis
614 3999 693 4054 missi
715 3999 832 4068 luerint,
847 3999 884 4054 ad
907 4000 957 4055 ali·
1006 4003 1084 4059 here.
1098 4001 1601 4075 Alioquinliceatvobiscatholicum,
1615 4020 1822 4079 quemcunque

143 4111 228 4166 quam
251 4094 406 4160 civitatem,
429 4093 576 4149 castellum
600 4093 644 4149 vel
659 4094 753 4149 vicum
778 4093 955 4161 advenerint,
1007 4097 1176 4165 malueritis,
1199 4096 1279 4153 adire
1304 4096 1470 4166 antistitem,
1495 4098 1544 4168 qui
1570 4098 1713 4155 nimirum
1728 4107 1824 4157 nostra

142 4189 165 4243 si
178 4188 252 4243 forte
273 4189 350 4243 locus
374 4187 421 4243 ille
443 4205 460 4242 a
480 4187 581 4243 divinis
602 4187 701 4242 olllclis
721 4189 757 4242 sit
779 4186 955 4255 interdictus,
1008 4190 1138 4246 suffultus
1160 4193 1420 4262 auctoritateque
1447 4190 1637 4261 postulantur,
1667 4191 1823 4267 indulgeat

141 4299 195 4355 pro
210 4282 412 4354 omnipotentis
425 4282 474 4337 Ilei
487 4283 659 4350 reverentia,
674 4282 705 4337 in
720 4298 821 4337 eorum
829 4280 956 4352 jucundo
1007 4283 1135 4340 Obeunte
1148 4301 1215 4339 vero
1229 4290 1256 4340 te
1270 4300 1347 4339 nunc
1360 4284 1491 4355 ejusdcm
1504 4283 1559 4339 loci
1575 4283 1728 4355 prorisore
1740 4291 1824 4360 ιιιιιιιι

142 4378 268 4433 adventu
292 4377 380 4432 semel
404 4377 435 4431 in
470 4392 545 4431 anno
570 4376 739 4448 aperiantur
768 4376 903 4443 ecclesie,
929 4377 958 4430 et
1007 4377 1167 4450 praeposito,
1183 4377 1331 4432 nullusihi
1356 4377 1482 4450 qualibet
1499 4376 1695 4448 subreptione,
1723 4381 1825 4436 astutia

144 4471 262 4528 exclusis
289 4469 553 4538 excommunicatis,
582 4469 679 4525 divina
704 4470 743 4526 ibi
767 4470 862 4525 officia
886 4468 997 4553 celo-1)
1009 4488 1058 4526 scu
1071 4471 1205 4526 violentia
1216 4477 1407 4543 preponatur,
1424 4471 1479 4525 nisi
1493 4486 1579 4543 quem
1592 4471 1697 4528 fratres
1717 4473 1824 4530 ibidem

144 4567 273 4624 brentur.
1008 4565 1166 4621 secundum
1179 4567 1268 4621 ileum
1278 4565 1430 4637 elegerint.

177 4661 248 4726 Quia
261 4677 327 4716 vero
344 4659 442 4715 omnia
456 4664 551 4714 vestra
564 4658 816 4714 sustentationibus
831 4657 957 4729 peregri·
1042 4662 1180 4715 Praeterea
1192 4659 1314 4715 honores
1327 4675 1437 4726 omues,
1460 4657 1517 4713 sive
1535 4660 1734 4728 possessiones
1749 4661 1823 4733 {quas

142 4770 245 4810 norum
260 4759 289 4810 ct
301 4770 460 4826 pauperum
471 4753 576 4809 dehent
590 4752 703 4819 cedere,
717 4768 750 4807 ac
762 4768 815 4823 per
828 4752 882 4806 hoc
895 4750 958 4805 nul·
1008 4752 1083 4807 idem
1094 4752 1300 4808 xenodochium
1312 4753 1385 4807 ultra
1394 4768 1443 4806 sau
1456 4751 1527 4805 citra
1541 4768 1633 4822 mare,
1646 4753 1677 4807 ιιι
1688 4754 1766 4822 Asia,
1780 4754 1822 4808 vel

141 4849 253 4904 latenas
271 4848 333 4903 aliis
355 4847 450 4902 usibus
476 4863 509 4902 ea
528 4847 660 4901 convenit
677 4844 833 4917 applicari:
854 4844 960 4900 consti·
1007 4847 1036 4901 in
1053 4848 1166 4918 Europa
1182 4854 1231 4901 aut
1247 4847 1276 4901 in
1290 4845 1427 4917 praesenti
1443 4845 1518 4917 juste
1531 4845 1629 4915 habet,
1644 4847 1690 4902 vel
1703 4848 1736 4902 in
1748 4848 1821 4904 lutu-

141 4944 261 5010 tnimus,
283 4945 314 4997 ut
338 4941 373 4996 de
396 4940 551 5010 laboribus,
576 4955 649 5012 quoe
673 4939 773 4995 vestris
797 4938 957 5012 sumptibus
1007 4956 1073 4995 rum
1098 4939 1312 4995 rationabilibus
1337 4939 1439 5007 modis,
1466 4941 1524 4994 Deo
1552 4939 1693 5011 propitio,
1720 4941 1835 5036 poterit.

141 5037 240 5107 colitis,
265 5036 360 5090 nullus
372 5035 490 5089 omnino
506 5034 635 5102 clericus,
655 5034 700 5088 vel
713 5033 813 5101 laicus,
829 5032 957 5089 decimas
1007 5034 1134 5106 adipisci,
1151 5034 1231 5089 vobis
1255 5050 1305 5104 pro
1319 5032 1518 5105 hospitalitatis
1531 5032 1626 5088 studio
1638 5034 1819 5103 enitentibus,

143 5146 160 5185 a
172 5129 250 5185 vobis
264 5130 378 5202 erigere
391 5133 555 5200 praesumat.
579 5128 747 5196 Statuimus,
760 5131 793 5182 ul
807 5128 880 5182 nulli
894 5127 956 5198 cpi·
1008 5133 1036 5185 et
1047 5146 1098 5201 per
1118 5145 1169 5185 vos
1177 5129 1240 5200 jam
1254 5127 1329 5183 dicto
1348 5126 1497 5195 xenochio,
1512 5126 1732 5185 confirmamus.
1749 5128 1819 5185 Nulli

142 5238 229 5293 scopo
243 5224 271 5276 in
285 5220 410 5278 eeclesiis
424 5220 504 5278 vobis
522 5220 651 5291 subditis,
666 5220 821 5291 interdicti,
838 5235 956 5291 suspen·
1008 5239 1088 5295 ergo,
1101 5229 1153 5278 etc.
1617 5220 1622 5233 '

142 5315 240 5385 sionis,
266 5315 312 5370 vel
342 5315 647 5371 excommunicationis
669 5314 842 5371 sententiam
874 5314 958 5370 liceat
1044 5317 1146 5373 Datum
1164 5315 1309 5385 Laterani,
1332 5331 1384 5386 per
1405 5329 1523 5371 manum
1550 5312 1817 5373 reclinaturus.

141 5408 336 5482 promulgare.
352 5410 558 5466 Verumtamen
581 5409 605 5465 si
618 5410 751 5482 generale
771 5408 957 5465 interdictum
1006 5410 1164 5484 presbyteri
1176 5408 1326 5465 cardinalis
1340 5406 1605 5476 etcancallarii,1u
1619 5408 1763 5467 Kalendas
1769 5410 1817 5467 Ne

140 5503 229 5560 ιιιιιιι
240 5503 269 5559 ιιι
291 5504 359 5560 locis
371 5503 427 5559 ibis
447 5504 603 5575 prolatum,
626 5503 746 5559 exclusis
760 5501 956 5559 excommuni-
1007 5505 1142 5573 cambris,
1154 5503 1252 5559 indict.
1267 5519 1304 5571 vv,
1321 5504 1429 5558 incarn
1446 5501 1601 5559 uominicae
1617 5502 1700 5575 rtet,
1711 5502 1817 5581 mauu

136 5598 208 5654 calis
220 5598 426 5655 clncminatim
434 5597 606 5667 interdictis,
617 5598 720 5656 clausis
729 5597 837 5672 januis,
850 5597 957 5669 absque
1006 5605 1085 5658 catus
1099 5596 1236 5660 eruesti
1247 5596 1280 5653 lV
1293 5612 1385 5670 pape,
1400 5611 1476 5657 ιιιιιο
1482 5611 1515 5658 ιι.

115 5707 335 5764 campanarum
354 5693 531 5773 pulsatione,
554 5696 643 5776 [ilaue
664 5694 760 5756 divim
780 5692 876 5757 cilicia
889 5692 961 5753 cele-

93 5783 235 5850 brenam
