3750 6046
152 216 217 271 tou

810 213 984 271 uuitsl'astl
1004 214 1035 268 lv
1057 215 1152 271 tulta}
1216 272 1219 277 ,

1764 220 1828 275 tots

150 342 231 414 ligat.
254 343 309 397 Nos
325 340 413 411 igitur
431 339 481 411 qui
500 341 594 396 divina
614 340 793 412 dispensante
815 341 966 396 clementia
976 341 1075 427 Arire
1090 340 1226 397 advorsus
1239 342 1392 413 praelatum
1413 342 1616 399 monasterium
1636 360 1694 399 non
1713 344 1827 411 desistit,

150 439 309 491 memorato
329 434 529 507 pareedecessori
550 437 646 489 nostro
661 434 772 489 insede
792 436 965 507 apostolatus

151 530 344 597 successimus,
368 529 503 601 quoniam
527 528 674 600 praedatum
694 526 881 603 viceliacensis
906 545 965 584 mo·

150 623 308 679 nestorium
324 626 462 694 tanquam
479 624 509 676 B.
525 622 600 677 Petri
620 621 757 678 allodium
772 622 904 693 cogimur
917 622 965 676 de-

149 719 274 785 fensare,
291 721 319 773 et
332 717 459 790 praedicti
474 716 586 770 comitis
600 732 631 770 ac
649 716 776 770 omnium
796 715 966 772 Cluistiano·

150 830 215 869 rum
237 812 357 867 salutem
381 815 499 882 paterna
519 809 658 864 charitate
681 808 800 876 sitimus,
826 814 909 880 atquc
931 810 965 864 de

152 910 209 962 tuce
229 905 411 961 fraternitatis
437 903 588 974 prudentia
613 910 641 957 ct
664 904 809 959 honestate
831 903 965 958 tiduciam

152 1019 209 1056 non
236 1000 377 1056 modicam
398 998 561 1052 obtinemus
584 1020 589 1050 :
615 1013 667 1068 per
690 997 838 1067 prasentia
863 998 966 1067 scripta

151 1095 297 1151 charitatis
318 1100 373 1147 tuae
397 1092 577 1160 mandamus,
601 1098 741 1162 quatenus
763 1095 871 1146 remota
894 1091 963 1145 dila-

150 1189 229 1244 tione
244 1187 367 1242 districte
383 1201 577 1248 commoneas,
593 1192 624 1239 ut
637 1185 741 1238 <lamna
756 1201 820 1255 qum
836 1184 887 1255 ipsi
904 1201 962 1239 mo-

151 1282 273 1337 nasterio
286 1281 390 1347 intulit,
407 1296 472 1333 cum
489 1278 656 1349 integritate
672 1277 814 1345 resarciat,
830 1282 858 1331 et
870 1279 965 1332 locum

148 1377 243 1448 ipsum
267 1375 296 1429 in
320 1391 389 1446 pace
417 1390 449 1429 ac
478 1373 605 1426 libertate
631 1389 681 1426 sua
708 1371 840 1426 dimittat.
866 1372 963 1427 Eidem

149 1470 235 1525 ctiam
246 1467 342 1523 comiti
355 1484 387 1521 ex
403 1470 481 1537 parte
499 1471 594 1520 nostra
611 1464 757 1532 denuntia,
778 1480 823 1533 ne,
844 1482 895 1535 pro
915 1481 962 1519 ex·

148 1562 273 1618 hibenda
283 1559 395 1633 justitia
414 1560 497 1615 alicui
517 1575 634 1613 suorum
655 1558 817 1625 hominum,
834 1558 965 1612 abbatem

149 1656 367 1712 vizeliacensem
381 1654 414 1708 ad
432 1669 513 1707 suam
530 1652 711 1723 praesentiam
727 1651 821 1706 verrirc
835 1652 963 1722 compel-

1017 434 1141 489 districte
1172 450 1373 507 commoneas,
1405 443 1437 491 at
1467 444 1627 493 memorato
1659 440 1826 496 monasterio

1017 529 1123 583 damna
1137 544 1202 600 quae
1220 529 1347 585 intulisse
1364 529 1549 602 dignoscitur,
1568 532 1599 586 in
1612 532 1761 604 integrum
1777 538 1830 589 stu·

1017 622 1081 677 dest
1096 624 1261 691 emendare,
1277 627 1305 677 et
1318 623 1410 678 locum
1431 641 1514 679 suum
1529 625 1559 680 iu
1572 642 1641 697 pace
1658 642 1691 681 ac
1703 625 1827 683 libertate

1017 733 1067 770 sua
1089 716 1224 771 dimittat.
1245 718 1357 772 Slvere
1378 718 1504 789 aliquam
1520 719 1663 790 justitiam
1683 720 1713 775 in
1734 721 1829 777 eodem

1016 809 1187 864 monasterio
1209 827 1238 864 se
1261 810 1365 865 habere
1390 812 1518 879 contidit,
1541 830 1623 868 suam
1649 814 1827 885 postmodam

1016 903 1150 957 mandato
1174 909 1271 959 nostro
1294 904 1397 975 poterit
1423 905 1553 961 obtinere
1575 906 1730 977 justitiam.
1753 910 1827 973 Quod

1016 996 1039 1050 si
1058 996 1087 1050 in
1103 1013 1151 1050 sua
1171 997 1325 1067 pertinacia
1346 998 1505 1067 induratus,
1527 1001 1587 1054 haec
1609 999 1726 1056 effectui
1750 1018 1827 1055 man·

1016 1090 1109 1160 cipare
1122 1091 1331 1161 contempserit,
1350 1091 1376 1146 in
1400 1108 1547 1163 personam
1562 1093 1633 1164 ejus,
1656 1100 1684 1149 et
1705 1094 1827 1167 burgen-

1015 1184 1088 1238 sium
1117 1184 1199 1239 l'rzel.
1229 1184 1535 1241 excommunicationis
1562 1187 1742 1243 sententiam
1774 1190 1828 1245 siue

1016 1278 1212 1350 appellationis
1236 1278 1362 1333 remedio
1387 1280 1568 1351 praeeipimus
1590 1282 1780 1353 promulgari,
1803 1288 1830 1337 et

1016 1370 1044 1424 in
1062 1376 1122 1426 tota
1141 1376 1217 1426 terra
1236 1370 1333 1443 ipsius,
1358 1378 1461 1444 paraeter
1483 1374 1625 1446 baptisma
1647 1376 1829 1447 parvulorum

1016 1468 1045 1518 et
1060 1463 1241 1520 morientium
1253 1465 1443 1537 poenitentias,
1456 1468 1555 1521 omnia
1568 1468 1665 1523 divina
1678 1469 1776 1524 officia
1788 1486 1830 1542 pe-

1015 1558 1092 1612 nitus
1107 1557 1260 1628 prohiberi.
1283 1559 1421 1623 Quocirca
1442 1577 1493 1631 per
1511 1562 1698 1632 praesentium
1713 1564 1829 1619 latorem

1015 1652 1064 1705 tibi
1091 1653 1268 1720 rraarrdamus,
1290 1657 1431 1723 qrratenus
1450 1660 1553 1710 extunc
1573 1655 1608 1709 ab
1633 1672 1668 1710 eo
1694 1660 1829 1728 tartonam

148 1751 191 1805 lat
206 1767 213 1803 ε
228 1749 281 1803 nisi
299 1749 378 1820 prius
391 1748 417 1800 in
436 1746 562 1818 ejusdem
585 1744 694 1799 abbatis
715 1746 793 1798 curia
815 1739 1004 1816 cognosco-B
1017 1746 1260 1800 excommunicato
1284 1746 1441 1812 abstineas,
1466 1752 1494 1801 et
1519 1749 1678 1820 burgenses
1699 1750 1779 1821 ipsos
1799 1753 1829 1805 ab

150 1847 197 1898 tur
222 1843 303 1898 alicui
331 1857 445 1896 suorum
469 1839 618 1894 hominum
636 1838 776 1908 justiliam
799 1839 962 1910 denegasse.
1015 1839 1149 1893 enmibus
1161 1839 1240 1893 feriis
1255 1840 1336 1911 regui
1351 1841 1392 1894 toi
1408 1841 1459 1895 sub
1472 1842 1564 1896 banuo
1579 1849 1628 1897 tuo
1642 1844 1761 1914 penitus
1772 1861 1830 1916 pro-

148 1936 228 2001 Quod
247 1936 268 1991 si
284 1935 355 1989 infra
376 1934 489 2004 triginta
510 1932 568 1988 dies
590 1938 654 2002 post
669 1936 745 1986 tuam
762 1932 962 1987 commonitio·
1015 1933 1124 1999 bibens,
1139 1950 1155 1987 a
1170 1933 1386 2004 quibuscunque
1402 1934 1520 1990 inveniri
1540 1940 1687 2006 poterunt,
1709 1938 1784 2009 capi,
1804 1944 1830 1993 et

150 2047 226 2097 nem,
248 2045 311 2101 qum
324 2027 542 2099 supradiximus,
560 2026 718 2097 neglexerit
738 2025 963 2096 adiruple1·e.ad
1015 2027 1101 2081 robus
1121 2027 1177 2080 suis
1197 2026 1323 2097 spoliari,
1343 2028 1414 2082 sicut
1436 2028 1565 2100 perjuros
1582 2033 1609 2083 et
1630 2032 1761 2086 ecclcsiae.
1779 2037 1828 2086 tur·

148 2123 241 2178 locum
261 2123 335 2177 unde
349 2122 376 2175 in
390 2119 505 2174 omibus
524 2120 611 2189 ipsius
630 2119 664 2172 de
680 2119 754 2172 lacili
775 2118 865 2173 valeat
885 2136 962 2175 reso·
1014 2121 1135 2188 bateres,
1152 2120 1270 2190 justitiae.
1286 2120 1345 2174 zelo
1357 2121 1515 2192 praecipias.
1528 2124 1675 2178 Praeterea
1691 2124 1828 2179 nibilomi-

149 2233 228 2285 nare,
244 2232 308 2270 curn
327 2214 466 2285 religiosis
486 2219 513 2267 el
533 2212 720 2284 prudentibus
740 2212 805 2265 viris
824 2212 961 2268 accedat:
1015 2230 1068 2267 mm
1086 2213 1233 2267 imlustriee
1249 2217 1304 2268 tuce
1324 2215 1506 2284 mandamus,
1523 2221 1664 2287 quatenus
1680 2219 1827 2289 praelatum

147 2313 175 2366 et
203 2309 296 2381 populi
323 2312 395 2363 coetu
422 2308 451 2361 in
479 2307 595 2361 ecclesia
624 2312 810 2377 congregato,
840 2307 964 2360 accensis
1015 2307 1218 2361 morrastmium
1231 2308 1355 2362 Vizeliae.
1368 2325 1419 2379 pro
1430 2310 1547 2381 alicujus
1561 2310 1629 2364 salsa
1645 2314 1826 2383 suggestione

148 2403 284 2471 candelis,
299 2404 328 2457 in
350 2417 499 2474 personam
519 2400 581 2470 ejus
601 2403 628 2454 et
646 2400 820 2470 perfidorum
841 2402 964 2471 Burgen-
1015 2402 1176 2455 nullatenus
1189 2418 1325 2472 aggraves
1343 2419 1349 2455 :
1365 2402 1422 2455 imo
1435 2420 1486 2474 pro
1504 2404 1532 2457 B.
1547 2404 1623 2457 Petri
1639 2410 1667 2459 et
1681 2406 1771 2461 nostri
1786 2424 1824 2461 re·

147 2498 221 2552 sium
235 2497 269 2550 de
283 2496 420 2551 vizeliaco
437 2493 603 2549 solemniter
622 2493 791 2547 auctoritate
809 2494 963 2564 apostolica
1013 2496 1150 2563 verrentia,
1162 2496 1255 2566 ipsum
1272 2502 1407 2567 tanquam
1421 2496 1549 2566 ejusdem
1563 2499 1703 2570 principis
1717 2508 1824 2570 aposto·

147 2587 445 2647 excommunicationis
459 2587 627 2641 sententiam
646 2587 752 2658 absque
773 2588 850 2641 οιιιιιι
870 2588 963 2658 appel·
1014 2590 1104 2643 loram
1122 2589 1338 2659 piatrimouium,
1352 2589 1388 2643 ab
1406 2591 1486 2645 ornui
1504 2591 1585 2646 hoste
1600 2592 1720 2647 studeas
1739 2594 1825 2649 delen-

148 2684 260 2739 lationis
274 2683 402 2737 remedio
421 2682 556 2753 proferas,
572 2685 604 2734 ιιι
620 2684 724 2750 prater
743 2681 882 2751 baptisma
897 2698 961 2751 par·
1014 2699 1085 2737 sare.
1107 2683 1147 2739 dd
1171 2682 1242 2752 haec,
1259 2682 1436 2738 devotionem
1460 2686 1538 2738 tuam
1560 2684 1728 2741 nullatenus
1748 2689 1823 2742 latere

147 2779 279 2834 vulorum
299 2781 326 2831 et
344 2776 525 2831 morientium
548 2774 758 2845 praenitentiam,
779 2774 807 2828 iu
828 2774 962 2828 omnibus
1013 2777 1142 2830 volumus
1163 2776 1240 2847 quod
1264 2793 1315 2831 uos
1336 2777 1438 2832 dilecto
1457 2778 1513 2831 lilio
1532 2784 1630 2833 nostro
1652 2780 1824 2835 vizeliacensi

149 2872 230 2927 terris
251 2872 378 2943 ejusdem
397 2868 507 2924 comitis
527 2868 622 2922 omnia
641 2868 735 2921 divina
753 2868 846 2922 olticia
864 2868 960 2939 probi-
1014 2870 1108 2924 abbati
1123 2870 1252 2925 dedimus
1265 2871 1293 2924 iu
1310 2871 1449 2925 mandatis
1465 2877 1494 2925 ιιι
1507 2878 1670 2927 memorato
1691 2876 1787 2929 comiti
1799 2876 1822 2929 in

146 2966 212 3021 beas
226 2962 373 3020 celebrari.
388 2963 548 3033 adjicentes
561 2961 644 3015 etiam
659 2961 708 3015 tibi
730 2961 909 3029 mandamus,
933 2965 963 3015 ut
1013 2965 1185 3018 monasterio
1200 2970 1293 3020 nostro
1309 2966 1416 3019 ιιιιιιιιιιι
1431 2982 1547 3037 prorsus
1562 2968 1778 3024 concessionem
1791 2969 1824 3023 la·

147 3059 316 3115 sententiam
330 3059 421 3129 ipsam
430 3054 638 3111 venerabilibus
649 3055 782 3109 tratrilms
794 3055 897 3109 nostris
908 3056 960 3110 llu.
1013 3074 1075 3112 cere
1088 3057 1200 3111 audeat.
1216 3058 1321 3113 Valete.

147 3153 304 3211 Senononsi
326 3151 553 3221 archiepiscopo,
575 3149 606 3202 G.
628 3148 791 3202 Niveruensi
816 3149 959 3220 episcopo,

148 3248 180 3302 G.
196 3245 378 3318 lingonensi,
400 3246 449 3299 lle.
469 3240 603 3310 lidue'usi,
626 3244 711 3296 llenr.
728 3243 868 3308 Treceusi,
885 3246 914 3296 et
928 3248 959 3297 a.

1377 3154 1465 3208 ‚l'l'lll

1050 3248 1171 3301 Ecclesia
1184 3248 1350 3302 arelatense
1360 3249 1507 3317 privilegio
1520 3255 1546 3302 et
1557 3248 1627 3303 bonu
1640 3253 1793 3321 coufirmat.

147 3338 394 3406 Autissiodorensi,
410 3336 560 3410 episcopis,
578 3352 627 3407 per
637 3340 700 3389 tuas
713 3336 820 3390 litteras
834 3352 868 3389 ex
882 3340 961 3407 parte

148 3440 244 3490 nostra
256 3432 376 3489 tirmiter
396 3432 548 3486 denunties
567 3428 783 3484 olascrmndam.
802 3431 855 3483 b'ns
873 3429 960 3501 siqui-

148 3531 212 3585 dem
227 3546 278 3601 per
290 3526 446 3599 apostolica
457 3526 497 3581 eis
511 3524 614 3596 scripta
630 3523 834 3591 mandavimus,
847 3529 875 3577 ut
886 3541 962 3579 carra-

148 3623 213 3678 dem
228 3622 396 3676 senteutiam
409 3626 470 3692 post
485 3626 564 3673 tuam
580 3617 824 3671 denuntiationem
836 3634 888 3687 per
898 3634 962 3671 suas

148 3718 296 3790 parochias
320 3714 518 3769 inviolabiliter
540 3711 645 3766 faciant
669 3711 820 3765 observari.
843 3712 962 3766 litteras

148 3827 306 3885 verogquas
325 3808 465 3881 praedietis
487 3805 620 3860 iratribus
641 3805 754 3870 nostris,
779 3805 960 3875 lingonensi,

149 3903 285 3969 Eduensi,
305 3903 417 3956 liivern.
438 3899 588 3956 Autissiod.
604 3899 740 3969 episcopis
755 3899 894 3969 misimus,
911 3915 963 3970 per

151 4003 214 4053 tuos
228 3999 266 4052 eis
280 3996 396 4051 nuutios
411 3995 493 4049 iacias
509 3992 684 4065 praesentari.

518 4100 594 4154 lllill.

150 4198 194 4253 „aa
212 4197 373 4252 ludovicum
394 4197 456 4257 l'll,
476 4196 639 4248 liemarum
658 4209 753 4260 regern.
775 4223 808 4232 —
827 4192 964 4247 :ldccrsas

186 4279 304 4331 comitem
317 4278 515 4337 bitterrensem,
527 4279 552 4329 ct
561 4274 712 4344 oppidanos
726 4275 925 4329 l'izclinccuses.

425 4371 576 4444 (laterani,
594 4370 691 4437 Deci)

352 4469 462 4540 [blaesa
477 4467 590 4529 Couctl„
607 4466 671 4532 xla,
689 4466 761 4535 tata]

184 4569 353 4621 rtussmslrs
366 4563 523 4634 episcopus,
540 4562 674 4616 Leuouco
687 4560 760 4630 regi.

185 4659 323 4723 Quoniam
339 4658 400 4729 jam
414 4674 430 4711 a
444 4655 590 4711 retroactis
609 4653 783 4724 temporibus
798 4654 832 4707 de
852 4659 900 4707 tua
919 4671 964 4708 re·

150 4754 195 4825 gia
220 4751 433 4824 magnificentia
456 4749 536 4803 uobis
561 4753 589 4802 et
614 4752 798 4801 sacrosancta.
826 4749 963 4802 lienteum

149 4847 279 4904 Ecclesiae
302 4846 375 4900 bona
398 4848 464 4899 suut
486 4842 606 4915 plurium
627 4841 771 4901 nuntiata:
787 4840 964 4895 nobilitatem

150 4949 239 5011 tuam,
262 4946 318 4996 tant
339 4939 369 4994 bi
387 4939 434 5011 qui
455 4939 484 4992 iu
505 4936 677 5009 apostolatus
699 4935 792 4989 alticio
812 4952 962 5007 praecesse-

150 5043 228 5104 runt,
241 5052 326 5107 qrram
342 5051 403 5102 nos,
419 5050 469 5105 per
480 5032 575 5087 orrrnia
589 5030 739 5085 dileximus
749 5047 755 5095 ;
767 5032 795 5083 et
808 5030 855 5101 qui
871 5029 964 5083 adbuc

151 5148 187 5186 ex
207 5130 302 5185 divina
323 5129 468 5183 voluntate
490 5143 589 5180 suiuus
610 5125 783 5195 superstites,
807 5124 962 5193 diligimus,

149 5228 178 5280 et
192 5224 327 5279 horrorem
344 5226 424 5276 ιιιιιιιι
438 5222 465 5275 ιιι
482 5220 584 5292 quibus
597 5218 751 5275 secuudum
768 5218 856 5272 Deum
870 5235 964 5288 possu-

151 5335 223 5386 mus,
235 5317 366 5389 cupimus
379 5315 569 5385 augmentari.
582 5316 746 5385 Enproptcr,
759 5312 924 5367 charissime
936 5312 963 5366 iu

151 5410 260 5470 Christo
292 5410 341 5478 mi,
371 5407 614 5482 quemadmodum
647 5407 838 5479 parmdecessor
867 5410 966 5460 noster

152 5510 256 5562 sancta
272 5502 416 5559 memoriae
431 5502 577 5577 Eugenius
592 5518 674 5574 papa,
691 5501 729 5554 ita
744 5504 773 5555 ot
785 5517 836 5555 nos
850 5516 900 5571 pro
920 5500 964 5553 Vi·

134 5584 298 5655 'mliacensi
308 5598 487 5655 monasterio
505 5596 659 5672 apostolica
675 5593 725 5651 tibi
744 5594 848 5667 scripta
863 5593 963 5667 dirigi-

1271 3342 1421 3411 (laterani,
1436 3342 1498 3396 Dee.
1516 3341 1573 3413 26.)

1149 3434 1231 3502 [Gaii.
1248 3435 1345 3489 carot.
1362 3451 1435 3503 noe,
1451 3437 1472 3502 l,
1488 3435 1622 3491 instrum.
1639 3438 1697 3508 ιλ]

1048 3532 1213 3583 asssrssles
1235 3529 1391 3600 episcopus,
1416 3546 1512 3584 servus
1533 3546 1682 3586 serrorum
1705 3532 1766 3601 Dei,
1787 3549 1826 3587 re·

1013 3621 1132 3675 nembili
1155 3621 1234 3675 tratri
1257 3622 1400 3677 Rarumno
1419 3622 1578 3678 Arelatensi
1601 3625 1824 3698 archispiscopo,

1014 3716 1130 3786 ejusque
1158 3716 1365 3770 successoribus
1398 3716 1533 3772 canonice
1565 3718 1770 3775 substituendis
1799 3721 1824 3774 in

1014 3812 1195 3879 perpetuum.

1049 3902 1239 3957 arelatensem
1264 3904 1444 3975 niatropolim
1469 3904 1612 3960 taurosum
1635 3910 1664 3961 et
1688 3907 1825 3981 insignem

1015 3996 1156 4066 quondam
1190 3996 1291 4065 luisse,
1317 4001 1403 4069 alque
1435 3998 1463 4052 iu
1491 3999 1648 4055 Galliarum
1683 4003 1825 4074 partibus,

1016 4090 1111 4144 rurdtis
1125 4094 1153 4143 et
1167 4090 1311 4161 diguitatis
1333 4094 1361 4146 et
1378 4091 1478 4162 gloriae
1499 4092 1589 4146 titulis
1607 4096 1755 4163 claruisse,
1771 4101 1825 4152 tam

1015 4187 1124 4239 retersta
1149 4184 1237 4255 ipsius
1263 4184 1382 4239 civitatis
1409 4185 1522 4255 iudicia,
1550 4204 1637 4258 quarn
1665 4190 1827 4245 authentica

1013 4283 1140 4332 veterum
1155 4278 1358 4347 scripturarum
1372 4279 1535 4334 testimonia
1556 4281 1768 4339 manifestant:
1784 4284 1827 4337 sed

1015 4371 1082 4442 quia
1097 4371 1275 4426 consistentis
1289 4372 1316 4425 in
1333 4389 1367 4426 ea
1384 4373 1479 4444 populi
1500 4380 1614 4444 peccata
1634 4376 1777 4448 corrigere
1788 4378 1826 4433 di·

974 4464 1087 4549 Drino.
1111 4464 1286 4535 dispositioni
1309 4467 1488 4537 corraplncuit,
1514 4469 1625 4538 guerris
1650 4471 1776 4543 undiquc
1797 4472 1829 4526 ir-

1016 4558 1172 4625 ruentibus,
1188 4563 1245 4612 tam
1263 4559 1458 4631 indignitate,
1474 4578 1559 4632 qtram
1574 4564 1604 4616 in
1622 4563 1706 4619 rebus
1725 4568 1829 4638 tempo·

1015 4652 1118 4705 ralibus
1132 4653 1189 4722 ipsa
1203 4653 1368 4725 metropolis
1382 4658 1424 4708 est
1441 4655 1598 4726 patritiorum
1616 4657 1771 4729 diminuta,
1787 4676 1829 4714 cu·

1011 4747 1058 4818 jus
1078 4746 1243 4801 contritioni
1269 4763 1329 4814 nos,
1345 4749 1393 4818 qui
1414 4748 1479 4803 lieet
1501 4749 1613 4821 indigni
1632 4750 1754 4821 justitiae
1777 4754 1829 4808 cul·

1015 4846 1089 4895 tores
1112 4846 1195 4911 atque
1219 4841 1347 4895 custodes
1370 4841 1398 4895 in
1424 4843 1539 4897 eeclesia
1561 4844 1594 4915 [s.
1618 4845 1828 4913 ecclesiastica',

1014 4934 1151 5006 principis
1165 4935 1356 5005 apostolorum
1372 4936 1447 4989 Petri
1462 4938 1490 4990 et
1502 4937 1582 4991 Pauli
1597 4940 1725 5009 specula,
1740 4941 1829 5012 dispo·

1015 5033 1100 5083 nerito
1116 5028 1247 5093 llomino,
1261 5028 1428 5097 residemus,
1439 5029 1564 5102 benigno
1578 5030 1680 5087 allecto
1695 5036 1828 5106 compati·

1016 5140 1090 5192 mur,
1103 5127 1129 5177 et
1141 5124 1201 5194 ejus
1214 5123 1275 5195 paci
1289 5126 1317 5177 ct
1331 5123 1461 5193 dignitati
1474 5123 1638 5194 salubriter,
1650 5126 1680 5182 iu
1691 5134 1829 5200 quantum

1016 5234 1078 5272 cum
1107 5218 1161 5272 [teo
1184 5234 1343 5288 possumus,
1370 5218 1519 5289 providere
1542 5223 1692 5291 optamus3
1718 5240 1829 5295 aequum

1016 5313 1093 5366 ιιιιιιιι
1104 5329 1136 5366 ac
1145 5310 1312 5367 rationabile
1327 5315 1379 5381 est,
1392 5315 1421 5366 ut
1435 5312 1483 5385 qui
1494 5312 1577 5368 beato
1590 5316 1675 5371 Petro
1685 5318 1784 5389 atejus
1794 5318 1830 5372 ri·

1015 5406 1096 5459 eariis
1111 5406 1267 5461 devotiores
1281 5422 1340 5460 esse
1355 5410 1521 5473 noscuntur,
1532 5410 1560 5462 et
1575 5416 1765 5467 sacrosanctae
1777 5413 1829 5467 llo

1015 5516 1107 5555 marren
1121 5500 1249 5555 Ecclesiae
1270 5500 1428 5571 patrocinio
1444 5500 1564 5573 cupiunt
1585 5502 1741 5575 coratoveri,
1759 5506 1831 5577 ejus·

1015 5595 1080 5649 dem
1092 5594 1147 5666 pisa
1159 5594 1257 5650 matris
1271 5594 1404 5649 uberibus
1415 5596 1591 5665 nutriantur,
1601 5602 1630 5653 et
1640 5598 1670 5652 in
1679 5599 1828 5655 rationabi-

120 5709 192 5747 mns
212 5712 223 5749 :
243 5692 424 5751 mandantes
447 5700 475 5752 et
495 5695 527 5751 in
546 5694 674 5751 Domino
694 5692 974 5759 commonentes,ut
1019 5690 1098 5745 libus
1105 5689 1718 5765 suispatitiorlmusexaudiantur.Quocirca,
1728 5692 1828 5749 dilecte

98 5782 320 5848 masmana„
343 5790 500 5863 comitem,
526 5792 579 5871 qui
606 5791 723 5850 lenitate
749 5790 905 5851 barbarica
929 5806 981 5845 sec·
1032 5786 1065 5843 in
1082 5784 1198 5843 Christo
1215 5784 1304 5839 irater
1319 5784 1351 5837 et
1366 5779 1839 5853 msp'iseepebdxmuahe,tctdu
