3750 6046
61 208 111 264 sai
488 196 645 260 titsioitts
664 194 931 258 aecttstasitca.
946 227 981 241 -
995 197 1081 257 PARS
1100 198 1131 256 ii.
1146 230 1179 241 -
1195 196 1259 257 [ΑΒ.
1281 196 1325 258 tv.
1698 197 1749 261 '322

61 349 131 388 cum
153 332 233 389 senis
252 335 364 388 mutum
384 330 527 403 equitibus
545 329 697 398 aberravit,
719 330 749 383 et
771 331 885 383 noctem
896 327 980 414 Alli.
1004 328 1156 384 Concilium
1180 328 1412 386 Wicdreaororse.
1435 330 1528 386 Pictos
1553 336 1579 385 et
1600 331 1749 389 ioudoba'ic's

61 427 224 501 integram,
246 425 366 482 ubinam
385 428 483 482 esseut
503 441 576 497 quos
598 422 732 480 ductabat
753 421 883 494 ignarus,
971 408 1071 503 illidii}
1088 409 1185 504 militi?
1203 409 1348 504 ’Gutticimi
1365 411 1446 480 tetii·
1467 411 1506 466 ΒΘ
1525 412 1673 482 originitus
1694 429 1748 470 '7¹⁰-

61 520 169 593 exegit.
192 519 350 576 Eboracum
371 533 500 575 reversus
523 517 673 589 complura
691 516 748 572 illic
766 515 884 571 castella
968 494 1069 545 ’ΨΜ
1081 490 1186 546 θ”ώηῑῧ
1197 506 1226 543 ²⁷²
1239 490 1354 561 Antim-

60 610 369 681 mumurantem
387 628 419 668 ec
432 610 544 683 regioni
560 610 714 667 commoda
729 608 882 665 ordinavit.
968 605 1092 661 Maxime
1116 621 1182 661 vero
1205 621 1237 660 ac
1264 605 1387 662 utillima
1408 607 1532 679 synodus
1557 609 1746 667 windresoris

60 707 173 764 Deinde
195 711 292 763 moret
313 703 530 778 expeditionem
550 710 651 761 contra
670 704 832 758 cestrenses
855 704 884 756 et
934 698 988 770 (57)
1007 699 1151 754 celebrata
1169 701 1212 755 est
1231 715 1307 755 anno
1330 700 1397 756 ¹070
1415 700 1451 756 ab
1470 701 1667 760 incarnatione
1687 704 1744 761 oo·

59 801 191 868 Guaiios,
208 800 260 873 qui
274 805 380 871 preter
391 798 462 854 alias
479 798 602 854 oilensas
616 796 784 869 nuperrime
799 796 881 852 Scro-
933 791 1015 847 mini.
1026 794 1084 849 iter
1098 797 1126 848 et
1136 792 1292 849 cardinales
1302 793 1397 849 eidem
1407 795 1526 851 concilio
1535 796 1745 868 praesederunt,
1863 836 1866 843 .

59 893 232 950 besburiam
250 892 434 950 obsederunt.
455 891 599 948 Exercitus
622 893 718 947 autem
741 887 789 961 qui
811 887 883 943 dura
933 887 962 940 ct
976 885 1032 940 illic
1045 885 1218 957 stigandum
1233 885 1348 960 pridem
1365 887 1549 959 reprobatum
1562 890 1745 948 anathemate

60 988 249 1058 toleraverat,
263 986 294 1043 in
306 987 360 1042 hoc
372 985 476 1041 itinere
490 985 580 1041 mutto
593 983 708 1041 duriora
720 986 831 1039 restare
844 981 881 1038 ti·
932 978 1136 1051 deposuerunt.
1159 979 1294 1052 Perjuriis
1315 980 1393 1037 enim
1419 986 1448 1038 ct
1472 981 1635 1040 homicidiis
1653 982 1747 1058 inqui·

57 1082 169 1138 mebat.
185 1081 369 1137 Verebantur
381 1080 459 1137 enim
471 1080 597 1136 iocorum
611 1078 807 1150 asperitatem,
821 1076 883 1132 hie·
931 1076 1016 1129 natus
1030 1077 1102 1140 erat,
1119 1089 1170 1131 nec
1185 1090 1236 1147 per
1251 1074 1357 1131 ostium
1371 1074 1401 1130 in
1416 1074 1683 1150 archipresulatum
1698 1078 1744 1134 in·

56 1175 111 1231 mis
126 1171 703 1247 intemperiem,alimentoruminopiam,
716 1169 881 1227 ethostium
931 1165 1060 1223 troierat.
1084 1167 1153 1223 Nom
1176 1183 1192 1223 a
1217 1168 1327 1225 duobus
1353 1168 1501 1243 episcopis,
1524 1170 1693 1228 Noriuloano
1716 1176 1746 1230 et

57 1267 221 1325 terribilem
238 1266 428 1324 ferocitatem.
441 1265 598 1339 andegavi,
612 1252 739 1321 britones
752 1268 781 1320 et
794 1263 883 1320 Ceno·
931 1259 1087 1329 Guentano,
1108 1259 1233 1317 notanda
1253 1261 1421 1333 gradatione
1439 1262 1603 1320 ambitionis
1624 1270 1652 1322 et
1673 1281 1743 1340 sup·

56 1363 160 1418 manni
175 1360 311 1431 servitiis,
324 1364 358 1418 ut
370 1360 515 1431 dicebant,
528 1359 755 1416 intolerabilibus
775 1357 880 1430 oppido
930 1353 1115 1426 plantationis
1128 1354 1303 1411 ascenderat.
1317 1354 1494 1429 Suffraganei
1508 1374 1622 1431 quoque
1635 1359 1745 1432 aliquot

56 1455 274 1528 gravabantor;
294 1454 371 1511 unde
390 1453 574 1527 pertinaciter
591 1469 608 1508 a
623 1468 693 1525 rege
712 1451 880 1507 missionem
929 1447 1031 1519 dejecti
1044 1451 1120 1517 sunt,
1129 1447 1241 1521 indigni
1253 1448 1421 1521 pontificatu
1430 1455 1547 1523 propter
1560 1451 1742 1510 criminosam

56 1555 192 1622 petentes
202 1548 464 1623 conquerebantur.
475 1548 523 1604 Sui
536 1545 673 1603 nimirum
686 1545 721 1601 ad
734 1559 881 1619 expugna·
929 1540 1017 1597 vitam
1035 1545 1064 1598 ct
1079 1558 1154 1598 cure
1173 1541 1323 1615 pastoralis
1341 1543 1492 1599 inscitiam.
1511 1546 1662 1603 Constituti
1676 1551 1743 1605 sont

57 1644 167 1704 tionem
193 1642 405 1716 depromebant
430 1658 488 1699 uon
512 1656 596 1714 posse
624 1639 740 1696 domiuo
766 1654 880 1712 semper
929 1638 1024 1691 autom
1039 1636 1208 1692 nominandi
1223 1636 1361 1710 presules
1373 1638 1531 1694 Narmauni
1544 1639 1600 1696 duo
1613 1640 1686 1714 regii
1699 1658 1743 1698 ca·

56 1753 127 1794 nora
144 1742 176 1794 et
196 1736 388 1794 immoderata
401 1733 526 1804 audenti,
540 1733 687 1806 nimiaque
700 1705 917 1806 precipieniiss
929 1728 1051 1802 pellani,
1080 1729 1278 1786 Guaicheiinus
1306 1728 1540 1801 Guentanorum,
1567 1739 1596 1789 et
1618 1734 1743 1792 'ihomas

56 1829 187 1904 obsequi.
209 1832 268 1888 iter
290 1832 390 1887 autem
410 1829 601 1886 constantiam
621 1827 688 1883 iulii
707 1825 824 1882 cesaris
847 1826 876 1881 in
927 1823 1135 1893 Eboracornm3
1152 1841 1224 1882 unus
1244 1824 1275 1881 iu
1288 1825 1351 1882 loco
1364 1825 1497 1899 depositi,
1513 1828 1587 1891 aiter
1598 1827 1724 1885 deiuncti
1731 1845 1742 1903 3

56 1923 103 1981 tati
120 1924 297 1982 necessitate
315 1926 429 1981 secutos
448 1926 501 1992 est,
517 1938 571 1979 nec
585 1937 634 1978 eos
651 1920 742 1977 multo
759 1924 877 1992 precatu
928 1915 1046 1990 uterque
1059 1917 1194 1991 prudens,
1209 1920 1311 1991 plenus
1324 1919 1546 1978 mansuetudine
1561 1925 1591 1978 et
1605 1920 1743 1980 humani-

56 2032 104 2076 seu
115 2016 506 2091 norispromissisretinare
522 2014 723 2088 dignatusest.
738 2013 878 2070 Audacter
927 2011 996 2078 tate,
1014 2010 1183 2068 venerabilis
1207 2017 1235 2069 et
1254 2013 1384 2070 amabilis
1404 2014 1580 2084 bominibus,
1593 2032 1694 2075 verens
1714 2019 1746 2074 et

56 2112 209 2185 inceptum
224 2111 283 2168 iter
302 2110 367 2179 init,
383 2110 513 2183 iidasque
529 2109 584 2165 sibi
603 2108 735 2165 cohortes
749 2123 779 2164 se
796 2106 878 2178 sequi
928 2120 1028 2161 amans
1043 2105 1134 2161 iteum
1153 2105 1329 2164 medullitus.
1345 2109 1417 2165 item
1439 2108 1488 2165 aiii
1503 2109 1650 2184 subrogati
1664 2112 1742 2184 sunt,

55 2205 207 2278 precepit,
220 2203 382 2260 desertores
399 2215 468 2260 roro
486 2202 564 2260 velot
577 2202 684 2259 inertes
702 2201 877 2274 pavidosque
926 2197 1050 2254 traducti
1073 2216 1109 2256 ex
1130 2199 1236 2269 Gallia,
1257 2200 1385 2270 litterati,
1408 2201 1535 2260 decorati
1556 2205 1685 2262 moribus
1709 2221 1743 2264 ac

55 2302 82 2354 et
92 2297 252 2369 invalidos,
267 2297 291 2353 si
302 2296 458 2368 discedant,
474 2296 665 2371 parvipendit.
683 2298 749 2352 Post
762 2294 876 2352 diiiicii·
927 2292 1045 2349 studiosi
1060 2292 1222 2350 divinorum
1235 2299 1389 2352 amatores.

55 2392 136 2448 limas
164 2391 354 2464 fatigationes
378 2390 535 2447 uictoribus
556 2390 688 2463 requiem
716 2388 876 2463 promittit,
962 2386 1133 2443 tiultimode
1148 2386 1303 2445 honestatis
1323 2388 1416 2446 studio
1432 2390 1463 2446 in
1483 2389 1582 2448 multis
1599 2409 1652 2449 rex
1664 2387 1741 2450 Guil-

55 2501 105 2542 nec
123 2486 163 2542 ad
184 2485 309 2542 honores
326 2500 410 2557 posse
429 2485 596 2557 pertingere
617 2482 673 2539 nisi
690 2499 743 2556 per
766 2482 878 2540 labores
927 2478 1029 2536 ielmus
1052 2481 1200 2537 laudabilis
1219 2482 1332 2552 claruit,
1350 2482 1532 2557 maximeque
1552 2484 1583 2542 in
1602 2482 1742 2544 ministris

55 2579 167 2637 aserit.
192 2578 363 2636 lodeiessim
385 2579 480 2652 itaque
505 2577 599 2652 pergit
621 2574 667 2633 via
690 2577 779 2650 equiti
801 2593 875 2633 nun·
927 2573 977 2630 liei
990 2590 1086 2631 veram
1099 2575 1268 2648 religionem
1288 2576 1332 2633 cui
1347 2594 1399 2650 pax
1413 2577 1562 2636 interdum
1577 2585 1606 2636 at
1619 2596 1741 2655 prospe·

55 2687 143 2746 quam
165 2678 238 2730 aute
257 2675 384 2745 experta,
404 2672 434 2728 in
452 2688 509 2746 qua
528 2672 596 2728 sunt
615 2677 727 2728 montes
748 2671 829 2738 ardui
849 2675 878 2728 et
927 2668 995 2725 ritas
1017 2666 1118 2726 mundi
1141 2670 1297 2727 famulatur
1320 2687 1432 2744 semper
1450 2674 1564 2730 amavit.
1586 2675 1643 2733 iioc
1665 2676 1743 2733 lama

56 2766 294 2838 profundissime
312 2765 411 2835 relies,
431 2764 485 2821 rivi
501 2770 531 2822 et
546 2781 644 2822 amnes
664 2763 828 2838 periculosi,
849 2767 878 2821 et
927 2762 1075 2835 multiplex
1090 2767 1251 2834 attestatur,
1267 2765 1323 2822 hoc
1344 2782 1467 2839 operum
1487 2767 1664 2826 exhibitione
1679 2785 1741 2826 cer·

56 2861 232 2934 voraginosa
246 2860 364 2918 vallium
377 2859 487 2917 ima.1n
501 2859 611 2916 hacvia
626 2858 786 2932 gradientes
800 2874 876 2932 sepe
926 2856 1035 2913 tissime
1060 2858 1273 2931 comprobatur.
1297 2860 1385 2933 Nam,
1405 2860 1474 2918 dum
1500 2868 1597 2936 pastor
1622 2863 1744 2937 quilibet

57 2955 144 3011 mmio
159 2954 341 3011 vexabantur
355 2954 459 3023 imbre,
471 2954 556 3010 mista
568 2952 713 3010 interdum
724 2953 875 3026 grandine.
926 2950 1069 3024 completo
1083 2953 1146 3009 vite
1159 2970 1218 3009 sue
1231 2953 1356 3010 termino
1371 2954 1405 3011 de
1419 2956 1527 3012 mundo
1546 2956 1699 3030 migraret,
1713 2962 1743 3015 et

57 3046 223 3120 Aliquando
239 3048 415 3120 prestabant
432 3045 542 3104 cunctis
557 3063 642 3103 usum
660 3046 725 3119 equi
744 3046 775 3102 in
794 3047 874 3119 palu·
885 3071 913 3146 C
926 3044 1050 3102 Ecclesia
1064 3046 1114 3103 Dei
1131 3047 1247 3121 proprio
1263 3053 1373 3105 rectore
1391 3049 1505 3108 viduata
1524 3051 1648 3125 ingerat,
1662 3052 1742 3109 solli-

58 3139 138 3198 dibus
150 3143 260 3199 enecti.
276 3143 338 3214 ipse
352 3158 403 3220 rex
418 3140 562 3198 multoties
575 3139 662 3212 pedes
681 3143 797 3196 cunctos
811 3139 875 3212 agi·
925 3138 999 3194 citus
1007 3139 1142 3213 princeps
1150 3141 1306 3214 prudentes
1317 3143 1426 3216 legatos
1436 3144 1474 3201 ad
1483 3144 1615 3202 orbatam
1623 3145 1742 3205 domum

58 3233 118 3292 liter
128 3233 327 3307 precedebat,
337 3237 368 3291 et
378 3234 538 3291 laborantes
551 3230 684 3291 manibus
694 3231 818 3307 impigre
827 3232 876 3289 ad·
926 3232 1067 3305 mittebat,
1082 3250 1240 3309 omnesque
1252 3251 1298 3291 res
1311 3235 1452 3307 Ecclesia,
1466 3253 1503 3294 ue
1516 3255 1533 3295 a
1548 3220 1678 3311 profanis
1692 3245 1740 3297 tu·

55 3326 181 3401 jurabat
195 3326 325 3386 Tandem
342 3329 498 3385 exercitum
513 3327 687 3384 incolumem
703 3343 793 3401 usque
807 3328 875 3384 Ces·
925 3326 1036 3382 toribus
1068 3327 1292 3401 dissiparentur,
1318 3330 1438 3387 describi
1469 3331 1598 3389 faciebat.
1631 3333 1741 3391 Deinde

59 3429 127 3480 tram
143 3416 296 3496 perduxit,
312 3425 343 3478 et
360 3420 392 3478 in
407 3426 466 3479 tota
484 3419 652 3479 iteratorum
673 3421 789 3494 regione
810 3438 875 3478 mo·
926 3421 1062 3492 presules
1080 3427 1110 3478 et
1124 3421 1250 3491 abbates,
1264 3421 1393 3495 aliosque
1408 3423 1552 3496 sopientes
1566 3426 1741 3485 consiliarios

58 3521 99 3573 tus
112 3511 237 3573 hostiles
251 3511 330 3588 regie
345 3515 372 3571 ri
390 3515 574 3589 compescuit.
590 3517 668 3571 Tunc
687 3515 792 3571 Cestre
809 3531 873 3572 mu·
926 3513 1107 3584 convocabat,
1121 3520 1264 3572 eteorum
1277 3517 1396 3573 consilio
1410 3517 1474 3590 quis
1487 3519 1590 3575 melior
1601 3523 1629 3575 et
1643 3521 1741 3577 utilior

58 3607 200 3667 uitionem
213 3605 351 3679 condidit,
365 3612 395 3664 et
414 3608 443 3665 in
460 3607 623 3666 reversione
640 3624 691 3664 sua
704 3609 780 3682 apud
795 3609 875 3664 Este·
926 3612 986 3664 tam
999 3608 1029 3662 in
1042 3607 1143 3663 divinis
1157 3607 1241 3665 rebus
1255 3625 1340 3681 quam
1354 3610 1384 3664 in
1397 3610 1577 3667 secularibus
1590 3611 1628 3667 ad
1640 3629 1743 3686 regen·

59 3703 111 3759 iort
127 3703 256 3760 aiteram
277 3702 393 3772 locavit,
417 3699 522 3759 milites
542 3704 571 3760 et
591 3701 742 3760 alimonias
762 3702 876 3759 abunde
926 3699 994 3757 dam
1007 3700 1057 3756 itei
1070 3699 1188 3757 domum
1206 3701 1360 3771 rideretur,
1374 3720 1555 3776 summopere
1574 3705 1739 3778 indagabat.

59 3796 211 3870 utrobique
232 3792 381 3869 imposuit.
397 3796 569 3853 Perreuiens
587 3795 653 3852 inde
671 3794 873 3864 Salesbnriam,
927 3795 1053 3866 lienique
1067 3794 1160 3864 ilium,
1175 3811 1261 3867 quem
1275 3812 1328 3868 pro
1347 3797 1412 3853 rite
1427 3798 1532 3855 merito
1546 3804 1575 3855 et
1589 3799 1740 3872 sapientie

59 3887 176 3962 premia
197 3886 338 3946 militibus
361 3888 401 3947 ibi
422 3906 474 3962 pro
494 3892 573 3945 tauta
594 3889 746 3946 tolerantia
771 3889 875 3962 largis·
926 3887 1055 3944 doctrina
1068 3887 1192 3961 provisio
1202 3890 1367 3969 sapientam
1376 3891 1511 3965 eligebat,
1522 3892 1679 3950 benevolus
1689 3911 1739 3952 rar

60 3980 126 4040 sime
146 3980 306 4052 distribuit,
326 3982 400 4040 bene
422 3981 542 4040 meritos
563 3982 741 4054 collaudavit,
761 3986 790 4040 et
810 3999 875 4039 cum
926 3978 1149 4054 dispensatorem
1162 3985 1191 4039 et
1208 3986 1349 4041 rectorem
1364 3984 1546 4058 episcopatus
1558 3987 1603 4043 vel
1615 3986 1740 4046 abbatim

60 4077 150 4148 gretia
168 4075 263 4132 molta
279 4076 396 4134 dimisit.
415 4078 580 4134 Desertorea
596 4081 692 4133 autem
706 4076 744 4132 ad
765 4075 825 4132 dies
840 4093 876 4133 xr.
925 4075 1125 4133 constituebat.
1146 4079 1222 4133 Hanc
1244 4078 1382 4136 nimirum
1402 4078 1629 4138 observationem
1652 4083 1739 4155 quin-

60 4170 131 4227 uitra
148 4170 308 4227 discesmm
325 4171 557 4228 commilitonum
575 4187 627 4244 per
644 4170 875 4242 indignationem
925 4170 1061 4244 quaginta
1080 4187 1130 4226 sex
1149 4171 1232 4228 annis
1250 4172 1412 4243 custodivit,
1431 4174 1533 4247 quibus
1553 4176 1683 4248 regimen
1707 4178 1739 4235 in

60 4264 184 4333 minuit,
198 4275 290 4337 eaque
303 4280 388 4337 poena
403 4264 550 4335 delictum,
568 4264 644 4338 quod
657 4265 742 4338 pejus
757 4265 873 4336 meruit,
925 4263 1029 4320 ducatu
1038 4264 1222 4321 iiormaunie
1235 4282 1285 4323 seu
1297 4282 1389 4339 regno
1398 4267 1509 4341 anglie
1518 4271 1620 4339 tenuit,
1632 4274 1661 4325 et
1670 4269 1739 4327 inde

60 4358 216 4432 tetigerit.
925 4356 1091 4428 religiosum
1100 4374 1212 4414 morem
1227 4363 1257 4415 et
1268 4360 1432 4432 exemplum
1445 4361 1566 4432 posteris
1576 4362 1737 4436 dereliquit.

91 4453 157 4508 Post
169 4451 233 4508 hec
246 4449 475 4510 Guiiieimusrex
488 4453 665 4509 dominicam
681 4441 913 4516 Resurrectio-I)
924 4450 1116 4507 simoniacam
1143 4450 1276 4508 heresim
1304 4453 1480 4511 omnimodis
1501 4454 1682 4525 abhorrebat,
1707 4461 1739 4513 et

62 4558 124 4601 nem
138 4543 171 4602 in
185 4544 256 4602 urhe
271 4546 380 4603 Guenta
394 4546 557 4616 celebrarit,
574 4545 622 4602 ubi
641 4545 799 4603 cardinales
816 4545 873 4602 ito·
923 4543 990 4600 ideo
1009 4544 1039 4599 ia
1057 4544 1196 4617 eligendis
1216 4544 1366 4602 abbatibus
1385 4546 1431 4603 rel
1449 4547 1588 4620 episcopis
1603 4565 1660 4604 non
1674 4553 1737 4606 tem

62 4650 149 4696 mane
158 4639 292 4697 Ecclesiae
300 4653 438 4697 coronam
450 4640 476 4698 ei
486 4639 652 4699 solemniter
662 4640 872 4715 imposuerunt.
923 4654 992 4710 opes
1005 4653 1056 4694 seu
1069 4638 1226 4711 potentiam
1237 4654 1326 4712 quam
1335 4640 1520 4696 sanctitatem
1531 4646 1559 4696 et
1569 4641 1738 4715 sapientiam

62 4730 127 4790 Nam
139 4750 175 4790 ex
188 4733 326 4806 petitione
337 4735 427 4808 ipsius
436 4734 592 4793 Alexander
601 4751 673 4808 papa
685 4739 744 4791 tres
753 4734 874 4791 idoneos
918 4749 1109 4805 ‚personarum
1120 4732 1323 4789 considerabat.
1337 4733 1469 4790 Probatus
1480 4733 1583 4792 virtute
1598 4752 1737 4809 personas

64 4827 129 4882 aiat
144 4827 315 4885 charissimo
327 4828 387 4885 tilio
405 4828 552 4902 legaverat
566 4829 696 4898 vicarios,
710 4826 872 4885 Ermenire-
924 4824 1059 4883 cenobiis
1073 4826 1185 4900 Anglie
1199 4827 1342 4901 prefecit3
1356 4844 1480 4901 quorum
1495 4829 1587 4885 studio
1599 4835 1628 4887 et
1639 4830 1736 4903 rigore

64 4917 128 4977 dnm
156 4920 326 4995 pontificem
350 4922 546 4992 Sedunorum,
572 4927 601 4979 et
627 4923 697 4979 duos
723 4916 874 4979 canonicos
923 4919 1107 4978 monachatus
1119 4921 1168 4993 qui
1178 4923 1239 4994 jam
1253 4921 1462 4996 aliquantulum
1474 4926 1608 4996 tepuerat
1618 4924 1735 4996 revixit,

64 5013 229 5072 modes.
244 5017 320 5082 Quos
339 5015 417 5089 apud
438 5034 468 5073 se
489 5033 585 5074 annuo
603 5016 696 5074 ferme
716 5017 807 5090 spatio
826 5032 872 5072 ra·
923 5015 952 5071 et
965 5014 1015 5088 qui
1034 5014 1168 5073 deiecisse
1181 5012 1339 5086 videbatur,
1351 5017 1387 5073 ad
1404 5017 1558 5091 pristinum
1570 5017 1659 5075 robur
1673 5035 1735 5077 snr-

64 5106 152 5181 tinuit,
171 5109 292 5167 audieus
310 5115 340 5167 et
359 5111 508 5167 honorans
527 5127 574 5168 eos
594 5115 733 5184 tanquam
755 5111 874 5183 angelos
922 5108 1003 5165 rexit.

65 5196 115 5258 bei.
130 5203 162 5259 ln
178 5202 297 5261 disemis
308 5200 387 5275 iocis,
397 5203 426 5261 in
439 5204 573 5277 piurimis
586 5197 710 5278 negotiis
723 5205 763 5261 sic
773 5220 872 5277 egere,
958 5202 1133 5275 Augustinus
1159 5203 1238 5260 enim
1265 5210 1294 5260 et
1320 5205 1498 5275 Laurentius,
1522 5204 1626 5280 aliique
1651 5207 1738 5281 primi

64 5295 128 5352 aaut
137 5296 255 5370 indigas
267 5294 414 5355 canonice
431 5298 651 5356 examinationis
670 5302 698 5356 et
714 5298 872 5356 ordinatio·
922 5294 1125 5369 predicatores
1134 5299 1292 5371 anglorum
1302 5299 1433 5354 monachi
1446 5299 1574 5371 fuerunt,
1588 5305 1617 5357 et
1629 5302 1659 5357 in
1674 5304 1736 5375 epi·

65 5387 102 5443 his
113 5389 247 5463 regiones
258 5389 320 5448 illas
332 5390 497 5464 dignovere.
923 5384 1027 5463 scopiis
1042 5389 1101 5448 suis
1113 5390 1173 5448 vice
1187 5392 1400 5463 canonicorum,
1412 5394 1488 5465 quod
1502 5395 1548 5450 vix
1562 5394 1668 5452 inaliis
1683 5399 1738 5454 ter

90 5691 264 5833 windam,
291 5690 430 5755 Wiadror‘.
454 5690 486 5755 io
514 5689 569 5756 hoo
593 5698 666 5767 loco,
693 5713 744 5755 seu
769 5701 861 5769 potius
889 5702 918 5757 tn
942 5700 1054 5758 Guenta
1081 5692 1160 5769 urbe,
1187 5704 1271 5770 vulgo
1300 5702 1470 5764 Wiacteater.
1495 5705 1670 5757 celebratum
1687 5706 1748 5758 mit

63 5790 126 5832 coac
182 5793 220 5833 m.
