3750 6046
106 211 202 268 isis.
487 188 491 195 ’
601 211 770 270 erismae
789 210 831 269 rr
849 211 1052 281 rinvinreii.
1073 241 1107 252 -
1126 213 1182 269 iiv.
1204 212 1284 268 iiis.
1714 211 1782 271 iere

138 334 266 407 Signavit
280 335 356 391 inter
371 336 450 392 alios.
926 338 1004 425 Aibi
1021 338 1146 411 qualibet
1155 337 1348 412 subreptionis
1367 336 1470 395 astutia
1482 353 1531 393 seu
1556 336 1690 394 violentia
1705 356 1782 422 praef
1870 392 1872 397 .

139 431 323 502 llyaeinthus,
361 431 496 487 diaeonus
527 430 678 487 cardinalis
709 433 736 488 S.
770 431 861 488 llarie
886 431 916 487 iii
965 439 1098 504 ponatur,
1110 433 1162 489 nisi
1181 450 1266 504 quein
1283 433 1386 488 iratres
1400 432 1546 488 communi
1567 448 1720 500 consensu,
1738 433 1783 489 vel

103 524 264 579 Cosniedin.
964 529 1087 584 fratrum
1103 544 1166 600 pars
1187 527 1295 583 consilii
1325 527 1445 582 sanioris
1464 526 1623 583 secundum
1644 521 1736 582 Deum
1754 526 1783 583 et

435 630 588 685 Celtilli.
966 623 995 676 Β.
1011 621 1150 679 Benedicti
1167 622 1306 693 Regulam
1329 621 1506 692 providerint
1519 621 1699 693 eligendum,
1722 618 1778 677 etc.¹

102 739 149 795 Ad
162 743 196 797 ll.
216 740 271 811 (33)
296 741 410 796 eleetnm
434 747 459 796 et
472 743 623 811 capitutum
647 743 841 799 suessionensis
867 745 916 797 lle-
1001 717 1217 820 Εβθᾏὼήᾶῃυὸι
1232 714 1377 771 ⁰³U¹⁰¹i⁰ffi
1391 715 1524 770 500105192
1540 714 1689 786 el³i⁵⁰⁰ltus
1712 715 1781 769 Sub·

190 823 333 877 ateste-
351 824 403 877 Pro
420 825 495 879 Vitta
516 823 615 878 deceno
634 825 824 880 suessionensi.
965 827 1075 881 ⁵01'11tsi·

243 934 386 1001 (reygm,
415 935 506 1004 ,impp
531 934 627 989 pope,
643 937 675 1001 ῃ,
697 937 770 1008 652]
999 906 1058 975 Ego
1073 904 1235 975 Gregorius,
1247 903 1410 959 sabinensis
1425 904 1583 974 episcopus,

1001 1000 1059 1068 Ego
1074 997 1229 1063 llubaldus,
1244 997 1381 1052 Ostiensis
1396 998 1559 1070 episcopus.

135 1068 274 1120 Annianus
294 1064 450 1135 episcopus,
478 1081 574 1120 servus
605 1081 753 1120 servorum
782 1065 840 1134 llei,
870 1065 913 1120 di·
1000 1091 1388 1163 Egoyulius,y›,oenesy,inus
1408 1091 1567 1162 episcopus·

99 1159 181 1213 lectis
200 1158 264 1212 liliis
278 1159 310 1228 ll,
332 1159 421 1213 electo
437 1163 466 1213 et
486 1158 616 1215 universo
639 1159 761 1230 capitulo
786 1160 913 1215 Suessio·
998 1187 1058 1257 Ego
1074 1186 1243 1253 Guaperjus,
1257 1185 1422 1240 Atheniensis
1436 1184 1596 1256 episcopus.

99 1251 352 1323 nensisEeelesiae,
372 1253 494 1309 salutem
519 1256 548 1308 et
572 1254 755 1325 apostolicam
778 1253 912 1309 benedic·
997 1281 1058 1351 Ego
1082 1279 1259 1347 Remmius,
1288 1279 1451 1334 Portuensjs
1479 1284 1507 1334 et
1534 1278 1644 1334 gancyae
1668 1277 1778 1335 Rufinae

99 1346 220 1401 ‘imm'
964 1374 1123 1447 episcopus.

133 1440 206 1495 Satis
221 1439 330 1495 utiliter
348 1441 531 1512 providemus
556 1441 684 1498 Ecclesiis
705 1441 821 1514 quando
840 1441 914 1496 viros
997 1469 1056 1539 Ego
1079 1466 1231 1537 nubamus,
1246 1466 1340 1538 presb,
1377 1466 1455 1521 card,
1484 1466 1528 1521 ip,
1564 1469 1591 1521 5,
1627 1466 1723 1521 Crucis
1748 1466 1779 1520 in

95 1533 241 1602 honestos,
264 1533 465 1590 ecclesiasticos
481 1534 638 1607 presertim
652 1542 680 1589 et
698 1536 847 1605 litteratos,
866 1552 912 1601 ee,-
963 1562 1126 1619 yerusalem,
1753 1552 1757 1559 ’

95 1627 258 1683 clesiasticis
269 1628 414 1684 beneficiis
428 1629 606 1701 ampliamus.
624 1629 710 1700 Hujus
725 1632 822 1685 autem
844 1646 912 1684 coii-
1000 1657 1058 1727 Ego
1084 1654 1260 1723 opaviam
1288 1654 1438 1725 presbyter
1464 1653 1617 1708 cardinalis
1645 1652 1722 1708 tituli
1749 1653 1776 1709 S·
1869 1678 1872 1683 ·

95 1721 275 1778 siderationis
289 1722 392 1777 intuitu
407 1723 512 1778 dilecto
527 1723 586 1778 silio
601 1727 697 1779 nostro
712 1725 785 1798 litto
803 1725 911 1780 decano
922 1717 950 1791 B
961 1749 1091 1804 Caecjpoe,

94 1816 227 1871 Ecclesiae
240 1822 340 1872 vestre
357 1816 542 1887 prebendam
556 1833 643 1890 qnam
658 1823 697 1886 tii,
716 1817 755 1873 fili
768 1818 912 1886 electe,in
998 1845 1207 1914 530103n003‚
1233 1840 1328 1912 presb·
1359 1840 1437 1897 Μ,
1466 1840 1507 1895 ιη,
1531 1843 1577 1897 gs,
1603 1841 1723 1896 ymnis
1747 1843 1777 1896 gg
1857 1908 1860 1913 .

95 1910 197 1965 eadem
222 1910 346 1965 Ecclesia
366 1911 488 1966 nosceris
504 1912 642 1967 hactenns
656 1911 798 1982 habuisse,
814 1918 910 1968 aucto·
962 1938 1037 1993 Petri
1048 1938 1114 2005 (36),
1130 1937 1174 1991 fit.
1191 1936 1344 1990 Pamachjj,

94 2003 178 2058 ritate
201 2002 354 2074 apostolica
382 2005 423 2059 ita
449 2006 638 2061 concessimus
661 2011 689 2061 et
715 2005 912 2062 investivimus
996 2033 1057 2103 Ego
1079 2033 1211 2093 yoannes,
1233 2029 1326 2100 presb,
1348 2029 1425 2084 eard,
1449 2029 1492 2084 ijs,
1518 2029 1578 2085 ss,·
1594 2027 1727 2099 sylvestri
1749 2033 1778 2084 et

92 2103 125 2151 ut
138 2097 240 2152 eadem
256 2098 410 2168 prebenda
423 2099 526 2154 debeat
538 2100 573 2154 de
587 2102 689 2164 cetero
709 2101 745 2156 ad
759 2101 912 2157 decanatus
962 2126 1084 2182 Martini,

95 2190 221 2245 officium
235 2191 390 2262 pertinere.
406 2192 526 2247 [terebat
540 2192 617 2248 enim
631 2199 662 2250 ut
676 2194 725 2265 qui
739 2194 866 2250 cilicium
881 2193 913 2249 in
998 2221 1058 2291 Ego
1069 2218 1286 2284 ppdebrandus,
1299 2217 1392 2288 presb.
1403 2217 1480 2272 card.
1491 2216 1614 2271 basilice
1627 2215 1778 2271 duodicim

92 2283 187 2355 aliqua
206 2285 323 2339 eeclesia
350 2289 465 2357 gereret
484 2286 648 2356 decanatus,
676 2288 803 2343 redditus
830 2288 910 2343 sulli-
962 2317 1171 2388 Apostolorum.

94 2377 201 2432 cientes
217 2377 334 2434 heberet
357 2380 434 2434 iinde
457 2381 577 2436 honeste
597 2381 687 2453 possit
708 2385 737 2436 et
757 2382 912 2439 honorilice
999 2414 1058 2481 Ego
1085 2408 1177 2465 fluido
1207 2407 1356 2478 presbyter
1386 2404 1536 2461 cardinalis
1572 2405 1650 2460 tituli
1680 2404 1778 2461 Sancti

94 2471 256 2526 sustentari.
285 2472 421 2537 Quocirca
447 2491 498 2546 per
524 2475 679 2545 apostolica
704 2475 782 2530 vobis
809 2476 914 2548 scripta
963 2504 1073 2562 Galim·

94 2565 277 2629 mandamus’
306 2571 447 2637 quatenus
471 2569 681 2625 ⁰⁰¹¹⁰⁰⁵⁵i⁰¹¹⁰¹¹¹
704 2570 794 2642 ipsam
819 2577 912 2626 salam
999 2600 1057 2670 Ego
1079 2599 1212 2664 loannes,
1236 2594 1384 2668 presbyter
1396 2593 1548 2650 cardinalis
1568 2592 1643 2649 tituli
1664 2595 1776 2649 Sanctae

93 2659 237 2727 habeatis,
251 2677 344 2733 neque
359 2663 540 2733 presumatis
552 2680 617 2719 cani
631 2664 687 2719 ullo
703 2670 829 2736 tempore
847 2681 912 2736 per·
963 2692 1127 2748 anastasie.

90 2753 218 2808 turbare·
999 2788 1059 2858 Ego
1082 2784 1230 2850 Bonadies,
1248 2783 1396 2855 presbyter
1413 2781 1565 2838 cardinalis
1589 2780 1663 2837 tituli
1685 2780 1781 2838 Seneti

131 2849 200 2902 ltata
220 2851 362 2918 laterani,
378 2867 407 2905 iii
423 2851 494 2907 Non.
509 2853 608 2908 llartii.
964 2878 1152 2950 Chrysogffli,

434 2988 565 3043 ccxlix.
1000 2977 1059 3046 Ego
1080 2973 1255 3041 Gnillelmiis,
1279 2970 1372 3042 presb.
1396 2970 1475 3025 eard.
1497 2969 1572 3025 tituli
1592 2969 1619 3025 S.
1645 2969 1721 3024 Petri
1741 2968 1779 3024 ed

93 3093 287 3148 itioniisteriinn
306 3095 491 3153 selesiensis
511 3098 674 3152 Piscnriense
700 3097 828 3152 tuendam
852 3112 909 3153 siis·
922 3088 949 3163 C
963 3069 1089 3125 vincum·
1212 3160 1216 3171 ¹
1587 3158 1602 3169 ..

183 3176 249 3244 cipit
261 3174 372 3245 ejusque
383 3176 453 3229 bono
466 3191 498 3229 cc
508 3178 656 3246 privilegia
670 3181 820 3246 confirmas,
996 3165 1055 3234 Ego
1079 3162 1168 3230 Oddo,
1190 3160 1327 3216 diaeonus
1348 3159 1422 3215 card.
1441 3159 1470 3215 S.
1491 3161 1604 3230 Georgii
1623 3158 1661 3213 ad
1676 3158 1778 3213 Velnm

960 3269 1092 3307 aureum.

330 3290 588 3416 (tereiana-nait.
617 3293 672 3362 Μ’)
997 3348 1055 3416 Ego
1072 3342 1251 3415 Hyacinthus,
1268 3342 1406 3411 diaeonus
1422 3341 1572 3397 cardinalis
1590 3344 1617 3397 S.
1641 3339 1734 3396 ldarie
1747 3340 1778 3395 in

292 3402 395 3473 lllirsi,
419 3403 531 3467 deiecit,
549 3404 613 3471 XXI,
639 3404 711 3474 enai
960 3437 1124 3494 cosmedin·

129 3534 270 3585 Annianus
289 3531 448 3601 episcopiis,
468 3548 564 3586 servus
582 3549 726 3587 servorum
749 3534 806 3602 liei,
822 3534 908 3589 dilec·
996 3533 1053 3603 Ego
1081 3530 1203 3597 itrdicio,
1231 3529 1368 3584 diaconus
1391 3528 1540 3583 cardinalis
1568 3527 1664 3584 Sancti
1690 3526 1778 3583 Theo·

95 3624 132 3677 tis
155 3623 229 3692 filiis,
250 3625 370 3680 Leoairi
399 3625 493 3680 abbati
514 3626 680 3681 monasterii
702 3627 730 3682 S.
757 3626 910 3683 Clementis
960 3626 1033 3680 dori.

93 3718 128 3771 de
145 3719 239 3773 lnsula
259 3718 397 3788 Piscarioe,
416 3736 478 3790 que
499 3720 570 3775 Casa
584 3737 669 3775 aurea
690 3724 815 3789 vocatur,
833 3723 907 3793 eJus·
994 3721 1054 3791 Ego
1070 3717 1210 3786 Cinthius,
1226 3717 1359 3772 diaconus
1372 3715 1523 3771 cardinalis
1536 3717 1632 3773 Sancti
1646 3714 1775 3771 Adriani.

94 3829 149 3883 que
164 3812 296 3866 iratribus
311 3818 370 3867 tam
389 3814 576 3883 presentibus
592 3830 679 3885 quam
697 3815 801 3870 fiitiiiis
822 3832 907 3887 regu·
994 3815 1167 3885 Egol’etriis,
1180 3811 1337 3867 diaecard.
1347 3814 1375 3866 S.
1389 3810 1532 3866 Eustachii
1542 3811 1623 3881 juxta
1638 3810 1778 3881 templum

93 3907 182 3961 larem
195 3907 280 3961 vitam
295 3906 426 3978 professis
441 3909 470 3961 iii
481 3913 660 3980 perpetuum.
958 3907 1103 3980 Agrippae.

130 4000 265 4054 Ell'eetum
283 4001 360 4070 justa
377 4002 585 4071 postulantibus
601 4002 762 4073 indulgere,
780 4009 807 4059 et
828 4003 909 4075 vigor
993 4003 1091 4056 ilatum
1106 4001 1237 4055 Laterani
1252 4016 1435 4071 permenam
1450 3998 1580 4069 llolandi,
1604 4003 1708 4053 sanetae
1720 4000 1776 4055 iio-

94 4094 246 4164 irqiiitatis,
261 4099 289 4148 ot
303 4094 372 4149 ordo
390 4095 479 4166 exigit
490 4095 616 4163 rationis,
627 4097 784 4166 presertim
794 4098 908 4168 quando
958 4111 1051 4150 mane
1072 4095 1201 4149 Ecclesiae
1220 4094 1376 4166 presbyteri
1398 4094 1549 4150 cardinalis
1565 4095 1593 4148 et
1605 4091 1777 4162 cancellarii,

92 4188 254 4258 petentium
265 4172 437 4243 voluntatem
452 4189 674 4259 pietasadJuvat,
692 4196 720 4244 et
736 4191 837 4246 veiitas
851 4208 907 4246 non
959 4205 977 4244 ii
992 4189 1058 4245 ldiis
1075 4189 1175 4256 llartii,
1189 4189 1343 4244 indictione
1360 4206 1385 4244 vi
1401 4187 1605 4244 iucarnationis
1626 4185 1777 4243 Dominicis

93 4281 237 4352 relinquit.
253 4283 398 4349 Quocirca,
419 4282 513 4338 dilecti
534 4283 563 4337 iii
586 4284 705 4338 Domino
729 4284 789 4352 lilii,
810 4285 908 4340 vestris
958 4301 1034 4339 anno
1053 4283 1322 4354 ll58.pontilieatus
1338 4298 1405 4339 vero
1431 4282 1528 4337 domni
1553 4282 1671 4337 Adriani
1693 4296 1777 4352 papie

89 4374 173 4443 justis
192 4376 428 4444 postulationibus
448 4378 600 4432 clementer
613 4377 775 4448 annuimus,
791 4383 820 4432 et
833 4395 905 4449 prie-
958 4377 989 4431 lV
1003 4393 1078 4432 anno
1099 4393 1125 4432 v.

92 4467 182 4520 satum
200 4470 402 4524 monasterium
418 4470 467 4525 ubi
481 4488 583 4543 eorpus
604 4473 633 4526 B.
649 4471 805 4527 Clementis
825 4474 948 4546 papel)
1330 4495 1402 4550 gei„

94 4564 121 4614 et
137 4560 271 4630 martyris
284 4562 443 4632 reqiiiescit,
462 4569 490 4619 et
511 4565 539 4620 iii
559 4581 615 4636 quo
636 4565 729 4619 divino
752 4566 906 4636 mancipati

138 4655 142 4664 ·
290 4654 294 4662 -
771 4659 776 4670 .
898 4659 904 4670 .
955 4612 1149 4667 Moiiiisteri'um
1171 4613 1293 4667 Maiense
1310 4626 1368 4665 eum
1388 4614 1444 4665 siiis
1465 4611 1639 4681 pertinentiis
1663 4611 1692 4663 in
1710 4622 1773 4679 pre·

93 4661 159 4708 estis
180 4656 324 4726 obsequio,
348 4656 382 4709 ad
406 4660 552 4728 exemplar
577 4659 792 4731 predecessoris
815 4665 906 4714 nostri
994 4691 1133 4745 tectionem
1170 4691 1346 4760 apostolicam
1375 4693 1481 4760 rem-pn,
1519 4692 1641 4760 bonaque
1665 4693 1691 4743 e,
1710 4688 1779 4757 jura

91 4749 179 4803 felicis
204 4749 351 4804 memorie
385 4751 483 4804 Leonis
517 4768 609 4824 pape,
637 4753 690 4808 suli
717 4755 746 4809 B.
773 4754 849 4809 Petri
878 4757 908 4809 et
993 4772 1141 4839 confirmat,

91 4850 187 4901 nostra
199 4844 374 4914 protectione
397 4843 574 4915 suscipimus,
595 4850 624 4902 et
638 4848 787 4916 presentis
809 4849 907 4920 scripti
1208 4873 1359 4944 (Laterani,
1380 4875 1457 4928 pm,
1476 4875 1532 4941 ag.)

90 4937 240 5008 privilegio
253 4938 465 4993 communimus
482 4957 488 5005 ;
501 4943 667 5007 statuentes,
685 4946 738 4997 ete.

128 5030 325 5087 luterdicimiis
350 5033 479 5103 insuper,
509 5038 538 5087 ut
563 5033 657 5089 nullus
685 5035 835 5106 episcopus
868 5036 919 5091 ibi*

90 5126 231 5198 synodum
248 5126 385 5194 celebret,
400 5126 534 5195 chrisma,
550 5128 646 5182 oleum
659 5134 799 5199 sanctum,
811 5146 909 5186 conse·
993 5137 1129 5190 Annianus
1149 5133 1310 5204 episeopus,
1332 5150 1430 5189 servus
1452 5149 1601 5189 servorum
1615 5131 1677 5199 Dei,
1693 5131 1778 5188 ddec-

90 5219 231 5275 crationes
253 5220 394 5289 altarium,
422 5237 472 5275 seu
492 5221 689 5291 basilicarum,
712 5222 906 5279 ordinationes
957 5227 993 5283 tis
1018 5227 1082 5281 liliis
1110 5229 1215 5284 Coroni
1237 5227 1334 5282 abbati
1357 5227 1523 5283 monasterii
1552 5228 1579 5283 S.
1608 5227 1720 5283 hlartini
1745 5226 1776 5283 in
1822 5266 1827 5271 -

91 5314 299 5368 monachorum
317 5331 367 5368 seii
381 5314 670 5386 clei·ieoriim,qi:iad
683 5332 778 5372 sacros
793 5317 908 5374 ordines
957 5321 1046 5388 llura,
1072 5320 1189 5392 ejusque
1219 5321 1364 5389 fratribus,
1397 5326 1455 5376 lain
1483 5321 1672 5393 presentibus
1691 5339 1777 5394 quam

90 5408 197 5462 fuerint
215 5409 413 5479 promovendi,
432 5426 632 5481 aquoeunqiie
650 5410 805 5465 malueritis
824 5410 909 5465 siisci-
958 5413 1070 5481 lutaris,
1093 5414 1255 5485 regularem
1277 5415 1364 5469 vitam
1388 5415 1520 5487 professis
1536 5417 1567 5471 iii
1589 5420 1774 5489 perpetuum.

90 5503 172 5573 piatis
186 5503 329 5573 episcopo.
345 5503 473 5558 Obeunte
491 5521 554 5558 vero
569 5506 597 5557 tc
616 5504 830 5574 iiuiicejusdein
853 5504 907 5559 loci
993 5507 1084 5562 Ollicii
1106 5508 1193 5562 nostri
1209 5526 1261 5563 iios
1284 5510 1419 5565 admonet
1443 5514 1472 5565 ct
1494 5511 1597 5567 invitat
1619 5511 1776 5566 auctoritas

90 5595 204 5664 abbate,
225 5599 268 5653 vel
295 5604 410 5652 tuoriiiii
433 5599 557 5668 quolibet
583 5614 788 5669 successorum,
815 5600 908 5655 niillus
958 5615 1009 5673 pro
1030 5601 1212 5658 ecelesiarum
1229 5606 1301 5658 statu
1317 5607 1456 5676 satagere,
1472 5609 1501 5660 et
1521 5622 1618 5661 eoiuiii
1642 5603 1732 5677 quieti
1748 5608 1776 5657 ct

1101 4994 1246 5066 issensem,
1270 4997 1341 5050 llist.
1357 4997 1420 5065 Nip.
1438 4995 1500 5061 sit,
1518 4994 1563 5060 ΙΙΙ,
1577 4993 1633 5063 ΙΙΙ]

122 5774 168 5840 ΙΙδ]
184 5774 333 5841 Hugonem
346 5775 380 5826 de
393 5774 632 5841 Campo-Florida.
991 5779 1037 5845 (86)
1052 5779 1160 5846 Corripe
1174 5779 1261 5833 l‘aiill.
