3750 6046
54 216 126 269 {005
575 214 744 271 Erlsrotu:
763 216 806 271 ET
824 215 1024 272 l'lllVlLEGlh.
1040 242 1075 255 -
1088 214 1143 271 ΛΝ.
1166 216 1174 267 l
1186 214 1244 266 133.
1669 210 1736 264 loeo

90 340 162 394 Cum
181 338 315 393 omnibus
329 340 467 411 religiosis
479 341 546 395 locis
559 347 645 413 alque
656 342 785 413 personis
795 343 870 398 debi-
882 355 910 427 Α
921 344 969 414 qui
986 342 1020 396 de
1033 358 1065 396 ea
1080 342 1154 397 exire
1170 341 1241 395 solet
1254 357 1260 393 ε
1276 338 1413 411 quidquid
1429 337 1539 392 habetis
1554 337 1583 391 iu
1593 337 1733 407 Gorrzaga,
1806 364 1810 371 ·

53 436 134 489 tores
149 450 182 486 ex
198 433 357 503 apostolieae
371 435 872 491 sedisauctoritateacbenerolentia
925 436 1080 503 Piconiaca,
1103 435 1326 502 castello-Novo,
1345 434 1374 487 in
1394 431 1531 499 Butrioni,
1549 431 1579 485 in
1601 430 1735 496 llerbera,

54 527 226 589 existamus,
242 528 296 581 illis
306 529 543 583 tamenatlentius
553 530 703 600 previdere
711 547 762 585 nos
773 546 874 585 conce·
925 531 954 585 in
972 532 1092 593 bletulo,
1109 530 1136 583 in
1152 529 1247 595 Sacra,
1262 529 1290 581 in
1306 527 1397 597 capite
1414 526 1507 591 luciae,
1520 528 1548 578 el
1560 524 1589 578 in
1603 526 1736 595 llcrupl03

55 621 112 688 nit,
121 638 192 692 quos
203 621 279 675 beati
289 622 362 675 Petri
368 622 441 691 juris
452 638 512 676 esse
525 639 580 676 rien
592 623 872 695 exstatambiguum.
925 631 1044 694 curtem,
1056 641 1119 696 quac
1130 624 1245 677 vocatur
1254 620 1417 688 llereorina,
1432 625 1461 674 et
1471 618 1737 673 dimidiamcurtem
1820 652 1823 657 -

55 715 93 770 Ut
108 719 205 769 autem
220 731 270 785 pro
286 716 457 771 rrrouastcrio
472 716 567 771 Sancti
586 716 698 773 Gerresii
718 716 875 772 Brixellcn-
926 718 1042 787 Pellani,
1056 734 1121 773 cum
1141 716 1255 772 ecclesia
1279 713 1376 771 Sancti
1397 712 1536 781 rtndreoe5
1558 710 1658 777 stedia,
1674 726 1737 781 quae

55 810 106 873 sis,
118 808 174 874 eui,
186 808 287 863 dilecte
301 809 330 863 in
342 809 460 863 llomino
471 810 510 864 lili
522 810 638 865 Pacillce
652 810 747 881 abbas,
759 815 874 865 auctore

57 904 125 967 Deo,
143 919 261 973 pracesse
282 903 466 973 dignosceris,
484 907 603 974 paterna
623 904 773 973 vigilemus
796 905 874 959 solli-

58 996 198 1062 eitudine,
213 1001 291 1051 lauto
304 998 427 1067 amplior
438 1004 479 1051 est
489 998 569 1052 nobis
580 998 874 1067 injunctauecessilus,

59 1093 170 1162 quanto
186 1090 246 1160 ipse
269 1091 346 1145 loeus
367 1092 402 1145 ad
424 1092 471 1162 jus
494 1096 522 1145 et
544 1092 748 1161 proprietatem
771 1096 875 1146 sarrclae

58 1184 198 1239 Romane
210 1186 338 1240 Ecclesiae.
348 1185 475 1239 noscitur
488 1185 641 1255 pertinere.
656 1187 698 1239 Ad
711 1186 875 1257 exemplum

57 1279 159 1349 itaque.
174 1278 413 1349 praedecessorum
433 1284 593 1334 nostrorum
615 1280 706 1334 felicis
728 1280 876 1335 rneruoriar

57 1373 201 1426 Paschnlis
211 1374 601 1429 etlnnocentiilloruanorum
610 1374 786 1444 pontilieum,
799 1373 876 1428 idem

59 1466 222 1520 eoencrbiurn
248 1467 300 1520 sub
325 1467 399 1521 beati
428 1467 500 1520 l‘etri
528 1470 615 1521 tutela
641 1468 821 1538 suscipimus,
849 1470 877 1520 et

59 1563 122 1614 taur
139 1559 191 1630 ipsi
207 1576 294 1630 quam
309 1560 369 1629 ejus
390 1561 497 1614 colonis
518 1561 680 1615 libertatem
702 1561 877 1631 praeteritam

925 812 1056 883 adjacent
1075 811 1173 866 castris
1194 810 1273 877 dodi,
1289 826 1353 863 curn
1377 805 1495 861 ccclesia
1516 805 1625 860 Serretes
1646 804 1739 859 Mariae

926 907 955 959 iu
969 906 1097 962 Calduuc
1111 924 1119 973 ;
1137 909 1165 961 el
1178 904 1294 970 llivalte,
1308 919 1372 957 cum
1387 906 1470 972 portu
1484 900 1512 953 in
1526 898 1624 953 hlincio
1639 897 1737 965 lluvio,

926 1000 1034 1055 Oliveta
1058 1015 1172 1071 quoquc
1198 999 1226 1053 in
1251 996 1385 1051 comitatu
1408 994 1557 1061 Brixiensi,
1581 993 1622 1047 vel
1649 993 1736 1047 Vero·

927 1094 1018 1149 riensi.
1032 1095 1105 1149 Saue
1121 1093 1248 1148 laborum
1262 1095 1431 1155 vestroruin,
1448 1105 1520 1159 quos
1539 1085 1661 1158 propriis
1676 1101 1737 1139 ma-

926 1187 1020 1256 nibus,
1043 1190 1092 1242 aut
1115 1186 1276 1258 sumptibus
1297 1184 1397 1251 colitis,
1420 1182 1475 1236 sive
1499 1182 1534 1235 de
1555 1179 1739 1235 nutrimentis

927 1288 1089 1336 vestrorum
1106 1280 1286 1345 animalium,
1303 1278 1398 1333 nullus
1415 1276 1530 1332 omnino
1541 1292 1558 1329 a
1570 1273 1650 1328 vebis
1662 1272 1737 1327 deei-

928 1392 986 1429 mas
1001 1375 1116 1445 exigere
1131 1379 1295 1446 prasumat.
1312 1372 1340 1427 Si
1357 1388 1413 1443 qaia
1429 1375 1525 1425 aulem
1546 1368 1632 1422 libera
1647 1369 1675 1421 el
1688 1366 1746 1421 ab*

928 1469 1020 1523 soluta
1034 1485 1154 1540 persona
1167 1470 1196 1523 iu
1205 1467 1260 1521 rita
1274 1466 1316 1521 vel
1325 1466 1354 1519 in
1365 1469 1467 1530 merle,
1480 1480 1529 1534 pro
1539 1460 1739 1532 redemptione

928 1564 1031 1617 arrirnce
1047 1579 1114 1630 suae,
1126 1566 1218 1617 vestro
1234 1559 1406 1616 inanesterio
1424 1575 1453 1612 sc
1469 1557 1598 1612 conterre
1610 1555 1739 1626 veluerit,

58 1657 275 1720 conservantes,
300 1654 553 1724 apostolicaesedis
578 1654 725 1725 privilegio
748 1671 875 1709 conunu·
929 1657 1006 1711 salva
1027 1657 1139 1728 justitia
1167 1655 1290 1711 nratricis
1318 1652 1458 1719 Ecclesiae,
1483 1668 1544 1705 earu
1570 1649 1742 1721 suscipiendi

58 1746 119 1801 nini
126 1764 167 1800 us.
183 1747 335 1802 Staluimus
348 1747 436 1813 euim,
446 1754 477 1801 ut
490 1749 772 1803 nullussaccrdolum
782 1766 878 1820 cynam-
888 1739 917 1810 B
928 1750 1091 1805 l'ueultatcru
1109 1750 1228 1804 liberam
1241 1748 1378 1803 habeatis.
1394 1745 1467 1801 Nulli
1481 1760 1548 1815 e1·go
1563 1743 1678 1798 omniuo
1694 1742 1741 1796 ho·

58 1839 130 1894 libet
153 1844 281 1894 exerceat
303 1842 331 1894 in
354 1841 458 1895 eodem
488 1842 658 1897 inerrasterio
683 1848 711 1896 et
735 1843 878 1911 adjacenti
928 1844 1093 1898 minumlas
1111 1844 1147 1898 sit
1163 1843 1312 1914 prelatum
1328 1840 1534 1896 monasterium
1554 1840 1660 1892 temere
1676 1852 1740 1907 per·

57 1933 125 1987 villa
139 1937 319 2004 potestatem,
336 1952 388 1989 nco
402 1935 451 1988 ulli
472 1951 572 1989 cerum
589 1936 707 1990 facultas
721 1936 767 2003 sit,
783 1936 876 1990 locum
930 1939 1053 2007 turbare,
1074 1941 1124 1992 ant
1143 1938 1202 2010 ejus
1226 1936 1413 2007 possessiones
1433 1934 1557 1998 auferre,
1572 1932 1616 1985 vel
1634 1929 1742 1985 ablatas

57 2027 156 2098 ipsum
189 2028 232 2080 vel
267 2029 419 2082 monachos
450 2030 519 2100 ejus,
547 2029 604 2084 sive
638 2030 753 2084 clericos
787 2030 876 2083 iuter·
929 2030 1276 2097 relinere,nrinuere,vel
1300 2028 1442 2099 aliquibus
1462 2024 1659 2080 vexationibus
1681 2022 1739 2077 lati·

57 2120 178 2175 dictioni
197 2122 240 2175 vel
265 2123 548 2177 excommunicationi
572 2124 720 2194 snlrjicere.
738 2124 877 2189 Chrisma,
929 2140 1018 2193 gare;
1034 2125 1083 2179 scd
1099 2123 1196 2179 ornnia
1214 2124 1323 2193 integra
1337 2124 1552 2185 conserventur,
1568 2134 1676 2186 eorum,
1692 2132 1742 2188 pro

57 2214 158 2269 oleum
186 2218 339 2274 sanctum,
368 2217 593 2270 consecrationes
617 2216 796 2271 basilicarum
822 2218 878 2271 sive
930 2215 1742 2289 qrrorumgilliernalioueelsustentationeconcessosuut,

57 2308 409 2375 altarium,ordinationes
422 2311 683 2365 rnonuclrorumscu
698 2310 877 2375 clericorum,
932 2312 1029 2365 usibus
1046 2310 1220 2366 omnimodis
1244 2310 1414 2381 protutura:
1435 2308 1509 2361 salva
1530 2307 1557 2360 iu
1576 2303 1744 2376 supradietis

57 2403 110 2473 qui
127 2401 155 2456 in
169 2402 276 2456 eisdem
291 2403 359 2457 locis
378 2404 412 2457 ad
428 2420 520 2457 sacros
536 2409 604 2458 sanc
625 2405 739 2459 ordines
764 2420 876 2475 promo·
931 2405 1056 2459 ecclesiis
1079 2403 1228 2458 diaecesani
1251 2402 1375 2473 episcopi
1399 2400 1536 2455 canoniea
1555 2399 1677 2470 justitia.
1700 2395 1743 2451 Ad

57 2495 159 2561 rendi,
185 2514 200 2549 a
223 2512 279 2566 tyuo
303 2497 466 2563 malueritis,
481 2498 618 2552 catholico
638 2498 768 2568 episeopo
791 2498 878 2552 susci·
930 2499 1067 2553 indicium
1082 2503 1179 2552 atrlern
1198 2502 1367 2567 perceptae
1382 2496 1508 2549 Romana
1523 2493 1639 2547 ecclesio
1655 2491 1743 2546 liber·

55 2589 159 2662 piatis.
174 2590 301 2644 Ohcunlc
316 2607 384 2644 roro
399 2596 426 2644 te
444 2608 519 2644 rrunc
539 2592 666 2661 ejusdcm
686 2592 739 2647 loci
762 2591 875 2661 abbate,
931 2592 1006 2653 tatis,
1029 2609 1146 2646 auruum
1168 2590 1322 2645 Bizantiurn
1345 2588 1499 2660 quotannis
1523 2587 1602 2641 nohis
1625 2584 1740 2640 nostris·

57 2682 880 2755 veltuorumquolibetsucecssorum,nullusibiqualihet
931 2702 985 2755 qne
1014 2685 1221 2738 suecessoribus·
1247 2683 1431 2753 persolvetis,
1459 2680 1701 2752 quemadmodum
1727 2696 1744 2733 a

58 2777 258 2847 subreptionis
271 2780 374 2833 astcrlia
389 2795 437 2832 seu
460 2779 593 2833 riolccntia
613 2784 808 2850 praeponatur,
825 2777 880 2832 nisi
933 2777 1093 2848 supradicta
1106 2777 1239 2832 hlathilde
1251 2776 1394 2830 comitissa
1410 2775 1440 2827 in
1463 2773 1612 2828 oblationis
1625 2775 1666 2827 est
1679 2771 1741 2827 chi·

61 2872 589 2943 querniratrescomnuuriconsensu,
607 2874 650 2927 rel
671 2876 791 2928 fratrum
815 2889 880 2944 yiars
931 2871 1075 2943 rogiapho
1102 2871 1275 2935 institutum,
1299 2875 1329 2924 ut
1352 2870 1436 2940 justa
1465 2868 1525 2938 ey'us
1551 2865 1743 2933 devotionem,

57 2965 368 3033 corrsiliisauioris‚rle
388 2984 439 3020 siro
465 2968 507 3021 vel
532 2968 565 3022 dc
589 2967 694 3035 alieno,
722 2968 743 3022 si
768 2970 881 3038 oportu-
931 2965 1111 3021 Brixellensis
1134 2962 1297 3019 uronastcrii
1317 2965 1418 3018 tratres
1441 2961 1476 3016 ab
1503 2961 1581 3015 omni
1603 2959 1745 3015 sceeularis

59 3060 130 3125 erit,
147 3060 278 3130 callepio,
294 3061 448 3115 secundum
468 3062 514 3115 llari
536 3061 666 3114 tirnoreru
681 3066 709 3115 et
733 3060 807 3115 lleati
829 3062 878 3114 lle·
932 3059 1038 3113 servitii
1054 3059 1110 3113 sint
1123 3058 1302 3113 intestatione
1314 3057 1415 3124 securi,
1432 3055 1567 3126 omnique
1580 3054 1746 3127 gravamine

57 3153 169 3209 nedicli
194 3154 343 3224 Hrcgulam,
367 3155 541 3224 providerint
566 3154 742 3225 eligendum.
770 3110 917 3208 ElectusC
931 3152 1083 3209 mundana.
1105 3151 1297 3223 oppressionis
1317 3151 1427 3217 remoti,
1444 3150 1515 3204 nulli
1534 3149 1591 3215 alii,
1612 3148 1667 3202 uisi
1687 3149 1743 3203 lto-

58 3248 877 3318 autemadllomamnnpontiliccmconsecrandusacce·
931 3262 1022 3301 mane
1050 3248 1077 3300 et
1103 3245 1265 3317 apostolieae
1286 3245 1355 3313 sedi,
1375 3244 1454 3315 ciijus
1475 3243 1545 3314 juris
1569 3243 1644 3297 idem
1666 3242 1744 3297 loeus
1825 3248 1828 3255 '

58 3342 120 3396 dat.
137 3341 177 3395 Ad
193 3342 251 3395 haec
266 3341 396 3411 prasenti
411 3342 525 3397 decreto
539 3341 693 3409 sancimus,
706 3348 879 3413 utquaecun-
930 3349 981 3407 est,
1010 3340 1104 3409 aliqua
1130 3342 1284 3393 teneantur
1309 3338 1456 3393 occasione
1483 3336 1611 3407 subjecti.
1634 3336 1663 3391 Si
1686 3351 1743 3407 qua

58 3451 119 3506 que
143 3435 258 3504 praedia,
278 3452 455 3506 quaecunque
480 3436 669 3506 possessiones
692 3453 741 3489 seu
764 3436 836 3489 bona
862 3452 878 3489 a
931 3435 1019 3505 igitur
1032 3433 1061 3487 iu
1074 3433 1202 3488 futurum
1218 3432 1403 3487 ecclesiastica
1416 3430 1593 3485 saecularisve
1608 3445 1740 3500 persona,

58 3528 168 3583 nobilis
182 3528 327 3583 mcmoriae
342 3530 555 3585 attoneeomite
570 3530 613 3584 vel
625 3529 878 3599 urarchioue,oy'us-
929 3533 982 3582 etc.

58 3622 129 3676 dem
149 3621 269 3676 caenobii
294 3623 455 3690 fundatore,
473 3624 530 3678 sive
549 3640 565 3676 a
586 3623 644 3678 lilio
662 3624 723 3693 ejus
743 3625 762 3677 'l
765 3623 876 3693 edaldo,

58 3716 105 3768 vel
128 3732 179 3769 suo
200 3722 303 3785 nepote
326 3716 481 3784 Bonifaeio,
504 3717 726 3777 marchionibus,
746 3720 774 3771 et
793 3716 876 3771 lloui·

57 3808 126 3864 facil
148 3809 205 3863 lilia
228 3809 364 3864 ltlathilda
384 3810 538 3871 comitissa.
559 3811 693 3882 singulari
716 3811 877 3882 apostolicae

58 3886 136 3958 sedis
152 3903 220 3970 lilia,
238 3904 280 3957 vel
294 3904 329 3957 ab
344 3904 407 3958 aliis
423 3905 562 3973 fidelibus,
575 3905 649 3976 juris
670 3904 798 3975 ejusdcm
814 3922 876 3959 mo·

59 3996 177 4052 naslerii
198 3998 316 4068 dejure
339 3998 453 4069 proprio
474 3999 575 4053 collata
596 4002 680 4066 sunt;
698 4017 877 4073 quaecuuque

59 4090 150 4146 etiam
173 4092 417 4162 inpraesentiarum
439 4093 515 4162 juste
541 4097 569 4147 et
595 4093 722 4164 legitime
743 4094 875 4165 possidet,

59 4190 112 4240 atil
130 4184 307 4254 inposterum
331 4186 510 4241 concessione
540 4188 716 4257 pontilieum,
734 4187 876 4243 oblatione

58 4277 198 4343 fidelium,
215 4279 366 4349 largitione
382 4297 482 4351 regum
497 4281 540 4334 vel
561 4280 731 4352 principum,
749 4298 798 4335 seu
813 4282 876 4337 aliis

55 4369 264 4444 justismodis,
286 4378 436 4443 praestante
462 4374 592 4441 llomiuo,
618 4374 724 4446 poteris
748 4375 874 4446 adipisci,

965 3623 1023 3693 Ego
1038 3619 1203 3675 anastasius
1213 3617 1359 3674 catholicae
1374 3616 1504 3673 Ecclesiae
1515 3615 1665 3687 episcopus
1679 3614 1742 3669 sub·

928 3716 1036 3787 scripsi.

965 3812 1023 3881 Ego
1038 3813 1148 3866 lmarus
1162 3806 1334 3862 Tusculanus
1347 3805 1496 3877 episcopus
1509 3803 1668 3875 subscripsi.

965 3908 1022 3975 Ego
1038 3902 1190 3975 Gregorius
1207 3900 1356 3973 presbyter
1373 3898 1525 3955 cardinalis
1542 3899 1623 3954 titulo
1643 3896 1741 3953 llalirli

927 3997 1090 4069 subscripsi.

963 4095 1021 4165 Ego
1033 4091 1192 4147 ldanhedus
1204 4089 1353 4161 presbyter
1367 4086 1517 4143 cardinalis
1529 4088 1611 4143 tilulo
1625 4089 1737 4145 Sanctae

927 4188 1038 4244 Savince
1052 4185 1213 4255 subscripsi.

963 4283 1021 4353 Ege
1034 4280 1179 4335 aribertus
1197 4277 1345 4349 presbyter
1359 4276 1511 4331 cardinalis
1534 4276 1617 4332 titulo
1629 4277 1740 4334 Sanctae

926 4375 1080 4431 Anastasius
1094 4372 1256 4443 subscripsi.

58 4464 143 4519 suma
158 4465 209 4519 tihi
233 4465 343 4538 tuisque
361 4468 569 4523 successoribus
591 4476 619 4523 et
631 4468 738 4523 illibata
761 4484 916 4556 parma-y)
964 4471 1022 4540 Ego
1044 4467 1169 4523 lulianus
1191 4465 1338 4538 presbyter
1362 4464 1512 4520 cardinalis
1540 4464 1620 4518 titulo
1646 4462 1740 4519 Sancti

60 4561 158 4614 creant.
173 4560 201 4613 ln
216 4560 318 4632 quibus
332 4562 392 4615 hacc
406 4562 526 4633 propriis
543 4563 675 4618 duximus
690 4563 878 4635 exprimenda

60 4648 214 4708 iocabulis.

100 4748 251 4802 Ecclesiam
267 4749 342 4803 beati
357 4750 500 4805 Michaelis
516 4751 550 4805 de
574 4752 713 4821 Ferraria,
731 4753 878 4809 ecclesiam

62 4841 158 4896 Sancti
172 4842 367 4913 christophori
391 4844 419 4898 iu
441 4845 592 4914 Ponticam,
608 4848 758 4901 ecclesiam
780 4847 878 4902 Saueli

61 4934 206 4989 Michaelis
221 4936 249 4989 iu
269 4937 456 5005 blraximatico,
480 4940 631 4994 ecclesiam
654 4942 764 4995 Sanctae.
782 4941 878 4995 blaciae

62 5028 93 5082 iu
109 5028 304 5097 Gurzarrelico,
314 5031 458 5084 ecclesiam
472 5032 563 5087 Sancti
582 5033 702 5105 Philippi
712 5035 738 5088 in
751 5034 877 5104 bibiano,

65 5123 213 5177 ecclesiam
240 5124 349 5179 Sanctae
382 5126 475 5180 llarire
510 5126 538 5180 in
570 5127 703 5197 Caldone,
731 5129 879 5183 ecclesiam

62 5216 158 5271 Sarrcti
174 5218 289 5287 (loetali
305 5235 369 5272 cum
390 5226 479 5289 curto,
496 5222 642 5275 eeclesiam
663 5222 773 5278 Sanctae
787 5223 879 5277 blaciae

61 5311 91 5364 in
107 5310 215 5381 usurpo,
233 5312 384 5367 ecelesiam
401 5314 495 5369 Sancti
512 5315 627 5369 Fabiani
642 5333 706 5370 cuin
722 5321 810 5379 curte,
823 5333 881 5371 irre-

62 5403 200 5457 dielalem
226 5407 312 5459 curtis
336 5407 370 5461 de
396 5408 541 5473 Gavaseto,
564 5426 628 5463 cum
652 5410 760 5481 capella
784 5411 880 5467 Sancti

62 5498 139 5552 l'etri
160 5498 234 5553 inira
247 5501 353 5568 Castro,
371 5509 479 5556 crrrtern
503 5503 595 5557 Sancti
615 5504 724 5557 llartini
748 5520 811 5558 cum
832 5522 878 5560 ca·

62 5592 147 5662 pella,
171 5592 310 5664 hospitale
332 5595 424 5649 Sancti
449 5597 590 5650 Laurentii
614 5596 640 5651 in
663 5599 800 5668 calerno,
815 5599 881 5671 jura

63 5702 183 5759 qaroque
208 5691 309 5754 restra,
327 5706 391 5760 «puae
415 5690 442 5744 in
468 5692 631 5746 llrixellensi
654 5698 738 5765 portu
759 5693 881 5765 habetis,

927 4563 1048 4619 lllarcelli
1063 4561 1226 4634 subscripsi.

963 4659 1022 4729 Ego
1036 4656 1204 4711 Octavianus
1218 4654 1366 4727 presbyter
1375 4650 1528 4708 cardinalis
1541 4651 1621 4707 titulo
1630 4650 1741 4707 Sanctae

927 4752 1038 4807 Cecilire
1052 4750 1214 4821 subscripsi.

964 4848 1023 4917 Ego
1038 4844 1167 4899 altaldus
1189 4843 1335 4915 presbyter
1353 4840 1509 4899 cardinatis
1531 4840 1612 4895 titulo
1634 4840 1743 4895 Sanctae

929 4940 1030 5002 Priscae.
1044 4938 1205 5008 subscripsi.

965 5036 1024 5105 Ego
1044 5032 1103 5087 Ode
1125 5031 1262 5085 diaconus
1286 5028 1437 5085 cardinalis
1462 5027 1550 5083 sancti
1573 5026 1687 5100 Georgii
1707 5026 1744 5085 ad

928 5128 1027 5183 Velum
1042 5132 1167 5182 niueum
1183 5123 1345 5194 subscripsi.

966 5223 1023 5292 Ego
1036 5220 1190 5291 lacynlhus
1204 5219 1339 5273 diaconus
1355 5214 1505 5272 cardinalis
1520 5216 1631 5272 Sanctae
1652 5214 1745 5272 Mariae

930 5316 959 5370 in
975 5313 1125 5372 Cosmediu
1138 5312 1298 5383 subscripsi.

965 5412 1066 5465 llatrmr
1094 5408 1232 5474 litterani,
1264 5422 1314 5476 per
1342 5421 1459 5460 inanum
1490 5404 1609 5460 llolantli
1642 5407 1747 5460 sanotae

932 5505 1064 5559 itername
1084 5501 1213 5556 Ecclesia
1229 5499 1388 5572 presbyteri
1408 5498 1558 5553 cardinalis
1577 5499 1747 5566 cancellarii,

930 5616 947 5651 v
980 5598 1045 5651 ldus
1076 5594 1254 5662 lleceurbris,
1288 5593 1442 5649 indictione
1475 5609 1511 5659 u,
1545 5591 1757 5647 incarnatisn'xs

935 5691 1090 5751 [lominica
1119 5708 1197 5746 atino
1231 5692 1303 5746 libb
1331 5684 1529 5760 penhhcatas
1564 5695 1642 5733 seco
1677 5671 1793 5724 haam

60 5786 149 5847 alque
167 5783 284 5833 stratam
306 5783 544 5844 teutonicarum
567 5789 727 5865 teloneum,
743 5797 773 5849 el
787 5809 886 5867 risum,
942 5789 1133 5852 scatebit
1152 5804 1241 5865 papea
1252 5800 1333 5843 auno
1345 5799 1373 5837 i.
