3750 6046
104 214 155 272 181
723 220 884 278 ornantes
906 220 1037 276 t'lratts
1725 224 1776 281 188

100 338 198 392 omnia
207 337 293 408 jussit
304 337 366 393 dari
380 339 563 414 pauperibus.
577 343 644 397 Post
657 340 718 397 brec
735 343 772 399 ad
783 343 914 398 similitu·
924 356 954 428 Α
964 343 1057 396 lorum
1069 341 1211 413 indignati
1222 347 1298 409 sunt,
1311 359 1419 415 eosque
1424 343 1545 416 flagellis
1556 344 1684 415 graviter
1693 347 1774 402 ceci·

99 431 181 485 dines
195 430 338 487 idolorum
355 433 435 502 abiit,
447 440 477 489 et
490 435 709 491 simulacrorum
723 441 827 492 cuncta
839 438 912 492 scul-
963 435 1148 491 demutatio
1163 451 1306 491 carcerem
1325 437 1475 491 miserunt.
1489 437 1608 493 Sanctum
1625 440 1775 495 11111111-

6 540 11 549 ’
102 524 183 596 ptilia
196 525 341 598 confregit
354 532 384 581 et
396 527 425 582 in
439 527 561 584 nihilum
576 528 696 600 redegit.
963 529 1040 583 tialis
1057 544 1124 583 cum
1141 529 1223 583 sociis
1240 529 1298 584 suis
1316 529 1396 584 illata
1413 530 1468 585 sihi
1487 531 1630 601 patienter
1647 531 1775 602 pertulit,

137 617 245 674 Deinde
268 619 369 675 beatus
396 623 513 676 antistes
536 638 602 676 cum
631 621 774 693 discipulis
795 623 852 677 suis
878 623 913 678 ad
964 623 1076 693 [leoque
1098 623 1205 693 gratias
1226 623 1297 694 egit.
1317 623 1400 680 Circa
1423 623 1526 679 horam
1548 623 1698 696 sequentis
1719 624 1775 680 diei

98 712 267 782 hgedunum
282 714 334 781 (311
353 714 445 768 vicum
462 715 541 769 venit
560 722 588 769 et
602 715 759 770 idololatris
773 716 913 770 diabolico
962 716 1075 770 tertiam
1101 715 1233 770 Martialis
1256 717 1357 778 oravit,
1380 724 1409 770 et
1432 717 1568 772 continuo
1594 717 1646 772 lux
1670 733 1776 789 magna

102 820 199 861 errore
213 806 339 879 deceptis
357 824 452 861 veram
474 807 561 863 fidem
578 809 750 879 praedicarit.
766 810 854 864 Porro
867 826 912 863 sa·
962 810 1007 863 vel
1023 814 1053 863 nt
1067 809 1205 880 splendor
1215 809 1285 864 solis
1297 809 1326 864 in
1338 825 1452 864 carcere
1468 811 1591 865 refulsit.
1603 812 1775 867 Cunctorum

101 899 230 954 cerdotes
242 899 383 955 idolnmm
403 901 582 956 advenerunt
603 909 632 956 et
648 906 759 957 sanctos
776 903 912 974 predica·
962 905 1068 956 catenes
1082 902 1234 956 confracte
1246 906 1354 957 suntet
1370 901 1444 957 ostia
1457 909 1556 974 aperta
1568 909 1654 970 sunt;
1667 911 1697 959 et
1713 921 1774 959 om·

100 994 174 1046 11111
197 993 322 1063 graviter
339 1000 545 1064 percusserunt.
568 994 625 1051 Illis
639 999 736 1050 autern
760 997 912 1051 llominum
963 1012 1014 1049 nes
1027 995 1077 1066 qui
1090 994 1222 1065 aderant,
1232 995 1371 1066 baptizari
1381 1001 1566 1066 rogaverunt.
1576 997 1672 1052 Terrae
1685 1001 1776 1052 motus

96 1085 331 1140 benedicentibus
352 1090 380 1141 et
398 1088 539 1158 patienter
558 1088 678 1144 adrersa
696 1105 748 1162 pro
765 1090 828 1161 ipso
848 1107 912 1146 sus·
962 1089 1050 1143 etiam
1067 1089 1099 1142 in
1113 1088 1224 1143 civitate
1243 1088 1334 1143 factus
1346 1092 1399 1156 est,
1414 1089 1529 1160 fulgura
1546 1093 1574 1145 et
1589 1090 1717 1146 tonitrua
1731 1106 1775 1146 ao·

97 1178 265 1247 tinentibus,
296 1180 415 1252 ejusque
442 1181 609 1254 suffragium
633 1187 731 1237 contra
756 1184 911 1239 immineri·
964 1186 1100 1247 nuerunt,
1115 1181 1274 1236 ethniciad
1289 1182 1398 1254 templa
1413 1181 1557 1238 idolorum
1568 1183 1675 1238 frastra
1691 1183 1775 1256 fuge·

98 1276 156 1325 tem
179 1271 390 1329 tribulationem
410 1275 581 1330 llducialiter
601 1277 820 1348 postulantibus,
845 1294 911 1348 per·
962 1278 1038 1343 rant,
1058 1280 1087 1330 et
1104 1275 1274 1343 sacerdotes,
1293 1276 1343 1347 qui
1364 1278 1478 1330 sanctos
1497 1275 1549 1331 liei
1568 1283 1775 1348 percusserant,

95 1379 224 1418 cussores
236 1381 337 1421 eorum
351 1366 444 1421 subito
457 1369 523 1422 ceci
538 1369 605 1424 facti
618 1373 694 1436 sunt,
709 1369 913 1442 trahentesque
962 1368 1020 1423 ictu
1033 1368 1164 1422 fulminis
1178 1368 1272 1424 necati
1286 1373 1361 1425 sunt.
1375 1369 1483 1423 Omnes
1499 1384 1568 1441 ergo
1579 1369 1654 1424 cives
1667 1374 1775 1426 terrore

97 1473 127 1511 se
148 1474 235 1513 uranu
257 1459 293 1514 ad
316 1476 434 1515 manum
455 1462 587 1516 Mercurii
613 1463 796 1517 simulacrum
824 1480 911 1536 expe·
963 1460 1138 1517 unanimiter
1154 1461 1278 1533 percussi
1295 1460 1332 1516 ad
1351 1477 1494 1517 carcerem
1514 1468 1776 1534 perrexerunt,pe·

96 1549 213 1605 tierunt.
239 1553 404 1607 Secundum
428 1569 539 1609 morem
563 1554 777 1610 consulentibus
800 1556 913 1612 nullum
962 1553 1101 1627 dibnsqne
1115 1554 1244 1627 praesulis
1257 1555 1395 1626 provoluti
1408 1560 1541 1610 reatuum
1555 1556 1679 1624 veniam,
1693 1557 1773 1611 auxi·

97 1642 176 1700 dedit
198 1661 365 1716 responsum
392 1647 558 1715 llercurius,
583 1649 710 1721 eoquod
736 1649 773 1704 ab
801 1650 912 1722 angelis
963 1648 1092 1720 liumque
1109 1648 1162 1703 sibi
1181 1648 1405 1720 postulaverunt.
1419 1647 1527 1704 Orante
1542 1648 1680 1704 cnmsuis
1695 1650 1777 1705 eolla·

98 1737 146 1791 llei
174 1737 287 1794 daemon
304 1742 378 1795 esset
399 1741 545 1812 religatus.
567 1742 673 1796 Euntes
698 1741 734 1797 ad
757 1742 835 1798 alind
855 1722 950 1799 ido-B
962 1741 1006 1814 gis
1018 1741 1104 1796 beato
1126 1741 1270 1812 pontifice,
1284 1742 1455 1797 Aurelianus
1470 1745 1500 1797 et
1511 1742 1638 1798 Andreas
1655 1742 1775 1798 resusci-

97 1831 168 1899 lum,
191 1832 343 1887 audierunt
367 1834 443 1906 quod
470 1833 541 1889 deris
568 1851 635 1891 suus
659 1835 830 1908 respondere
858 1837 912 1892 illis
960 1836 1011 1890 tati
1027 1836 1104 1904 sunt,
1119 1839 1147 1890 et
1160 1835 1368 1906 indulgentiam
1380 1835 1462 1907 proni
1479 1836 1643 1906 petierunt,
1657 1852 1776 1892 verram·

94 1940 151 1979 non
170 1929 275 1997 posset,
290 1926 359 1998 quia
374 1927 409 1981 ab
424 1928 532 1999 angelis
549 1928 596 1983 llei
611 1929 718 1985 catenis
731 1930 824 2002 igneis
840 1931 910 1986 reli·
961 1944 1017 2000 que
1051 1929 1204 1983 nominum
1232 1945 1298 1984 cum
1329 1929 1407 1984 omni
1437 1929 1553 2000 populo,
1580 1930 1631 2001 qni
1661 1928 1776 1985 insolita

96 2023 181 2089 galus
194 2022 279 2074 esset.
961 2021 1108 2076 admirans
1128 2021 1305 2091 intuebatur,
1326 2022 1448 2077 confessi
1468 2027 1543 2079 11111.
1559 2022 1697 2094 Sequenti
1718 2023 1775 2092 111,

129 2112 206 2166 'lunc
226 2113 324 2168 caecati
350 2113 512 2169 sacerdotes
539 2115 574 2170 ud
598 2119 729 2171 sanctum
753 2117 910 2172 Martialem
959 2114 1060 2170 1111111
1073 2115 1366 2170 ldartulisaminimo
1380 2115 1519 2187 usquead
1533 2114 1692 2170 maximum
1706 2131 1774 2171 con·

91 2209 242 2272 venerunt,
256 2210 286 2261 et
300 2207 432 2278 prostrati
456 2207 490 2261 ad
505 2209 592 2279 pedes
605 2213 766 2265 sanctorum
791 2211 908 2265 veniam
960 2208 1079 2274 vocavit,
1091 2211 1131 2277 et,
1142 2207 1214 2262 faeta
1225 2209 1398 2282 competenti
1410 2207 1617 2276 exhortatione,
1629 2208 1775 2264 universos

92 2299 317 2370 postulaverunt.
333 2301 433 2354 Beatus
456 2316 522 2356 vero
536 2301 639 2373 praesul
653 2303 746 2359 visum
770 2303 812 2358 eis
826 2305 909 2359 resti·
959 2300 1123 2372 baptizavit.
1136 2302 1214 2356 Tunc
1227 2301 1266 2355 ibi
1282 2301 1385 2373 viginti
1398 2302 1454 2357 duo
1467 2301 1558 2356 millia
1572 2301 1603 2356 iu
1622 2301 1775 2358 Dominum

94 2392 159 2461 tuit,
176 2409 209 2447 ac
227 2393 263 2449 ad
281 2396 404 2450 statuam
424 2394 498 2449 lovis
518 2411 584 2450 curn
604 2396 683 2452 omni
698 2397 807 2469 populo
828 2397 909 2466 abiit,
959 2395 1144 2450 crediderunt
1170 2402 1200 2449 et
1221 2395 1334 2450 salutari
1358 2394 1512 2450 theusebiae
1538 2399 1687 2466 gratanter
1712 2411 1775 2451 sese

96 2490 125 2540 ct
144 2486 303 2542 damonem
324 2489 354 2543 in
373 2488 493 2544 nomine
506 2489 617 2544 llomini
638 2490 781 2562 adjuravit
793 2495 827 2545 ut
844 2491 910 2546 inde
960 2487 1163 2543 submiserunt.

93 2580 189 2635 statim
209 2581 298 2637 exiret
311 2587 340 2636 et
353 2597 450 2637 coram
473 2583 551 2637 omni
567 2584 674 2655 populo
696 2587 820 2639 stainam
845 2600 911 2640 con·
995 2581 1081 2637 Sacer
1107 2580 1211 2652 praesul
1234 2597 1300 2636 cum
1323 2580 1402 2635 omni
1429 2581 1535 2653 populo
1561 2580 1598 2636 ad
1624 2580 1774 2652 templum,

93 2672 242 2744 fringerot.
255 2674 308 2739 Qui
318 2674 398 2744 jussa
411 2674 528 2745 perfecit
539 2679 570 2729 et
583 2674 768 2730 simulacrum
783 2676 908 2732 minuta·
959 2675 989 2730 in
1007 2691 1065 2747 quo
1075 2677 1170 2730 statua
1185 2674 1260 2729 loris
1278 2677 1307 2728 et
1318 2674 1447 2728 llercurii
1461 2691 1494 2730 ec
1510 2675 1604 2729 1111111
1619 2677 1650 2729 et
1660 2674 1775 2729 Veneris

96 2765 146 2821 1111
163 2767 313 2839 confregit.
330 2768 408 2822 Tunc
429 2767 469 2822 ibi
487 2767 544 2823 duo
563 2768 654 2823 millia
671 2770 797 2825 sexcenti
817 2770 909 2843 bapti·
959 2770 1037 2837 erat,
1068 2768 1164 2833 venit3
1190 2766 1329 2840 idolisque
1360 2766 1524 2836 confractis,
1550 2767 1588 2822 ibi
1625 2767 1774 2823 ecclesiam

94 2859 149 2915 zati
162 2863 239 2914 sunt.
959 2861 989 2915 in
1016 2861 1158 2916 honorem
1183 2859 1271 2915 sancti
1290 2860 1426 2932 Stephani
1444 2861 1667 2932 protomartyris
1691 2860 1773 2916 dedi·

129 2954 187 3008 lloc
213 2952 383 3009 miraculum
403 2954 576 3026 paralyticus
597 2956 714 3028 quidam
735 2961 768 3012 ut
790 2956 908 3027 audivit,
959 2956 1042 3009 cavit.

94 3046 199 3102 deferri
227 3064 256 3103 sc
283 3047 319 3102 ad
342 3047 490 3104 hominem
515 3049 563 3104 llei
592 3050 669 3106 fecit.
697 3051 763 3106 Erat
778 3052 855 3106 enirn
875 3069 907 3106 er
996 3050 1079 3103 Beata
1099 3063 1165 3103 vero
1186 3048 1315 3103 Susanna
1337 3046 1459 3103 feliciter
1480 3047 1511 3103 11
1531 3047 1652 3103 Domino
1675 3048 1774 3103 defun·

92 3156 200 3212 magno
227 3156 334 3212 genere
357 3142 518 3212 hominum,
542 3143 723 3216 multumque
745 3144 823 3199 dives
845 3146 907 3200 auri
957 3145 1003 3196 cta
1017 3147 1060 3196 ast
1075 3147 1102 3195 et
1120 3141 1180 3195 alt.
1194 3141 1321 3195 llartiale
1334 3157 1399 3195 curn
1412 3156 1520 3212 magna
1538 3141 1721 3196 veneratione
1733 3158 1774 3196 se

93 3235 124 3288 et
135 3234 247 3306 argenti
260 3240 289 3290 et
303 3235 525 3306 possessionum.
546 3236 677 3308 Cumque
691 3237 733 3292 vir
747 3238 797 3294 llei
811 3254 908 3309 preces
956 3236 1036 3306 putta
1059 3239 1110 3289 est.
1124 3234 1209 3288 llulta
1221 3233 1307 3288 etiarn
1326 3233 1404 3288 dona
1417 3241 1446 3289 et
1464 3236 1616 3289 innumera
1634 3233 1774 3290 beneficia

95 3327 156 3398 ejus
171 3328 325 3384 audirctet
340 3328 908 3402 1111111111131111111111111111111111
957 3328 1040 3383 beato
1072 3327 1132 3382 viro
1163 3327 1292 3396 contulit,
1321 3343 1527 3399 servorumque
1559 3327 1772 3383 multitudinem

92 3422 195 3489 tenuit,
208 3423 372 3494 ipsumque,
396 3423 468 3478 faeta
491 3423 629 3492 oratione,
644 3425 763 3480 sanavit.
787 3427 907 3481 Senatus
957 3420 1082 3493 subegit.
1096 3421 1181 3475 Porro
1201 3419 1311 3474 Valeria
1330 3420 1391 3491 ejus
1403 3419 1461 3475 lilia
1479 3419 1674 3492 virginitatem
1692 3437 1772 3476 suam

93 3518 191 3571 autern
218 3517 305 3572 [lenm
330 3516 514 3588 glorificavit,
541 3521 570 3573 et
598 3518 682 3573 beato
703 3517 763 3573 viro
788 3535 907 3575 munera
956 3514 1075 3571 Domino
1091 3513 1177 3582 vovit,
1193 3518 1222 3568 et
1242 3513 1348 3585 Spiritu
1365 3518 1463 3569 sancto
1482 3513 1645 3584 repleta,in
1663 3516 1773 3571 1111111

91 3608 201 3679 obtulit,
225 3626 290 3681 quae
307 3610 367 3682 ipse
384 3611 517 3684 accipere
537 3611 640 3680 noluit,
664 3612 712 3668 sed
735 3613 832 3668 omnia
845 3613 908 3669 dari
956 3607 1091 3680 operibus
1104 3607 1224 3662 bonisse
1239 3623 1352 3678 sempor
1363 3605 1539 3678 probabilem
1552 3606 1693 3662 exhibuit.
1705 3608 1773 3672 Ouae

94 3703 271 3776 pauperibus
280 3704 427 3777 precepit.
956 3706 989 3756 ut
1001 3716 1139 3772 sponsum
1153 3716 1236 3755 suum
1251 3700 1430 3770 Stephanum
1445 3702 1546 3754 ducem
1559 3699 1594 3753 11
1607 3699 1710 3755 urbem
1723 3702 1773 3756 Le·

127 3799 200 3853 llum
217 3797 255 3852 ibi
276 3800 506 3853 commoraretur
521 3803 633 3854 sanctus
653 3799 795 3870 1111111111,
820 3816 905 3872 appa·
957 3794 1097 3850 maricam
1112 3793 1208 3848 venire
1222 3791 1341 3855 audivit,
1356 3792 1445 3846 sciens
1461 3795 1603 3864 procerte
1617 3793 1694 3865 quod
1711 3794 1771 3866 ipsa

92 3890 151 3945 ruit
173 3890 352 3946 eillominus
374 3890 533 3958 invisu,et
551 3890 638 3948 dixit:
655 3893 724 3947 «Ne
740 3892 906 3948 fimeasde.
957 3887 1128 3959 integritatis
1159 3892 1223 3941 roto
1252 3885 1375 3958 graviter
1397 3902 1464 3942 euru
1489 3886 1651 3957 offenderit,
1672 3904 1772 3943 omnes

89 3983 225 4039 scandere
239 3983 275 4039 ad
292 3983 393 4038 urbem
417 3983 614 4052 1111111111;
630 3985 697 4056 quia
711 3985 749 4039 ibi
763 3989 791 4040 te
804 3986 907 4055 glorili·
958 3981 1071 4037 divitias
1084 3997 1149 4036 suas
1164 3979 1192 4034 11
1205 3996 1274 4035 auro
1289 3984 1318 4035 et
1336 3982 1454 4052 argento
1467 3982 1553 4052 atque
1566 3979 1772 4053 multiplicibus

88 4075 168 4141 cabo,
183 4078 213 4130 11
225 4092 338 4147 semper
352 4081 446 4132 tecum
460 4091 520 4132 ero.
537 4096 550 4125 »1
567 4079 645 4133 func
659 4078 761 4134 beatus
774 4078 905 4150 pontifex
955 4075 1194 4130 vestimentorum
1223 4072 1385 4146 generibus,
1413 4073 1613 4146 lapidibusque
1638 4074 1772 4147 pretiosis

90 4167 152 4223 illos
161 4185 232 4241 quos
243 4169 434 4241 baptizaverat
445 4170 624 4239 confortavit,
638 4172 819 4244 Dominoque
830 4189 907 4227 com·
956 4167 1128 4241 pauperibus
1142 4167 1296 4223 distribuit.
1309 4166 1504 4223 possessiones
1519 4168 1626 4240 quippe
1639 4185 1673 4224 ac
1686 4186 1770 4225 man-

90 4262 236 4318 mondavit
249 4266 278 4318 et
289 4278 355 4318 cnm
373 4263 517 4334 discipulis
532 4265 590 4319 suis
603 4265 638 4320 ad
655 4264 755 4320 urbem
767 4265 904 4337 perrexit.
956 4262 1032 4334 ciple
1045 4265 1075 4317 et
1086 4262 1255 4316 remaculos
1263 4261 1327 4333 jam
1340 4260 1409 4316 olim
1423 4277 1489 4316 cum
1504 4265 1595 4318 matre
1609 4278 1659 4317 sua
1671 4266 1771 4319 saucto

90 4357 121 4411 ln
133 4355 218 4411 domo
230 4355 333 4412 nobilis
348 4362 498 4424 matrone,
514 4359 632 4413 nomino
647 4359 795 4429 Susannae,
809 4359 904 4431 hospi·
956 4356 1072 4428 presuli
1093 4357 1274 4411 concesserat
1293 4361 1334 4423 ut,
1352 4359 1414 4427 post
1431 4355 1586 4410 discessum
1609 4356 1680 4428 eJ'us,
1701 4357 1772 4412 inibi

91 4450 141 4504 tati
153 4456 230 4519 sunt,
244 4454 273 4506 et
286 4451 314 4506 in
330 4451 487 4507 crastinum
504 4452 616 4523 publice
630 4452 784 4508 Dominum
800 4453 904 4525 praedi·
914 4446 945 4518 I)
956 4452 1053 4504 sancta
1066 4449 1154 4521 ipsius
1166 4448 1377 4503 tumularentur
1393 4447 1531 4503 membra.

90 4560 154 4600 care
167 4547 323 4617 coeperunt,
991 4542 1153 4614 Stephanus
1176 4541 1315 4613 siquidem
1340 4541 1397 4596 dux
1424 4541 1617 4614 principatum
1644 4559 1661 4596 a
1687 4543 1772 4599 fluvio

124 4640 155 4692 11
169 4638 291 4711 hospitio
312 4639 364 4694 viri
378 4638 429 4695 Dei
445 4639 565 4712 quidam
589 4639 772 4710 phreneticus
797 4640 906 4695 catenis
958 4635 1089 4691 lihodani
1102 4649 1193 4706 usque
1208 4634 1244 4689 ad
1257 4650 1337 4689 mare
1349 4635 1490 4691 Oceanum
1503 4635 1628 4705 tenebat,
1644 4652 1773 4693 omnem·

88 4732 255 4787 constrictus
269 4737 348 4800 orat,
369 4730 456 4806 quem
475 4734 584 4789 solvere
599 4749 685 4788 nemo
700 4732 833 4789 audebat.
850 4734 905 4788 Pro
955 4746 1011 4802 que
1023 4730 1091 4784 citra
1106 4728 1231 4800 Ligerim
1245 4727 1392 4800 regionem
1407 4735 1435 4783 et
1448 4744 1563 4783 ornnem
1576 4728 1771 4801 Aquitaniam,

89 4842 146 4898 quo
160 4828 290 4882 Suranna
303 4827 413 4898 rogavit
430 4827 596 4899 episcopum
622 4829 654 4881 ut
670 4827 763 4899 ipsum
791 4841 904 4899 quoquo
955 4838 1007 4877 seu
1032 4824 1205 4877 wasconum
1227 4823 1256 4876 et
1277 4821 1436 4876 Gothorum
1460 4826 1575 4894 gentem
1598 4823 1771 4893 possidebat.

88 4919 161 4974 sieut
188 4918 258 4972 alios
284 4925 401 4975 sanaret
425 4920 590 4976 infirmum.
623 4920 669 4975 llle
703 4935 770 4976 vero
794 4919 901 4992 suppli·
955 4917 1012 4971 ltex
1026 4921 1124 4971 tamen
1138 4930 1197 4970 non
1213 4915 1372 4982 vocabatur,
1386 4914 1454 4985 quia
1472 4915 1567 4970 nullus
1578 4914 1632 4971 sibi
1647 4916 1704 4972 hoc
1719 4934 1772 4973 no·

89 5013 163 5066 canti
186 5012 297 5080 annuit,
314 5016 343 5067 et
355 5013 469 5085 signum
484 5014 574 5070 crucis
592 5030 678 5086 super
689 5029 799 5084 egram
824 5014 902 5082 fecit3
954 5026 1021 5064 1111
1040 5008 1215 5075 vindicabat,
1229 5007 1283 5061 nisi
1302 5008 1480 5063 solummodo
1497 5009 1571 5064 Nero
1593 5008 1643 5081 qui
1666 5010 1772 5067 itoma-

89 5120 154 5159 mor
180 5108 282 5160 eatena
305 5106 447 5161 confracta
469 5112 512 5162 est
537 5113 565 5164 11
590 5108 677 5163 honio
706 5123 791 5162 sanus
814 5107 905 5163 factus
956 5120 1025 5158 num
1042 5102 1157 5158 tenebat
1177 5101 1343 5173 imperium.
1361 5102 1410 5156 llic
1430 5102 1609 5158 lemovicam
1625 5102 1772 5160 civitatem

90 5201 143 5253 est.
171 5197 278 5253 Nobilis
314 5198 408 5271 itaque
445 5205 537 5255 mater
566 5204 595 5255 et
621 5200 679 5255 ulia
710 5201 771 5272 ejus
797 5200 905 5255 Valeria
954 5194 1773 5267 11111111111111111111111111111111111111111111

90 5289 145 5347 hoc
176 5291 291 5363 signum
324 5292 467 5361 videntes,
494 5293 692 5362 crediderunt,
718 5297 746 5349 et
771 5310 788 5348 a
818 5293 904 5349 beato
953 5289 1098 5362 praecepit.
1113 5289 1247 5360 Exeujus
1266 5288 1408 5361 colloquio
1423 5288 1538 5359 quando
1556 5289 1712 5361 repudium
1728 5290 1772 5346 sui

86 5380 209 5452 presule
237 5397 302 5436 cum
323 5381 464 5438 sexcentis
490 5382 526 5438 de
550 5383 658 5438 familia
680 5398 731 5437 sua
754 5381 904 5454 baptizatae
954 5381 1105 5448 didicisset,
1123 5398 1155 5437 ac
1177 5385 1328 5454 procerte
1350 5379 1497 5454 probasset
1513 5382 1588 5454 quod
1609 5398 1683 5450 eam,
1702 5383 1773 5455 qnia

87 5476 164 5529 sunt.
952 5476 1013 5549 ipsa
1032 5476 1132 5544 nollet,
1145 5475 1200 5532 sibi
1217 5475 1353 5548 conjugio
1366 5475 1475 5531 sociare
1493 5491 1552 5531 nnn
1570 5479 1677 5548 posset,
1692 5476 1772 5533 fren-

122 5566 232 5624 Sanctis
245 5565 274 5622 11
289 5568 401 5624 mentre
416 5568 650 5642 predicantibus,
665 5569 827 5626 sacerdotes
838 5568 903 5625 ido·
953 5569 1026 5627 dens
1040 5568 1137 5639 111111,
1152 5585 1210 5625 111
1224 5585 1291 5626 eam
1305 5569 1413 5626 diutins
1424 5585 1525 5641 passus
1535 5573 1578 5627 est
1589 5584 1688 5625 secum
1702 5585 1772 5625 con·

119 5759 171 5827 131)
185 5759 277 5829 Vulgo
292 5761 378 5817 Aban.
468 5718 470 5723 Ι
