3750 6046
106 188 158 246 2Ιὸ
789 184 950 243 conueniet
971 184 1100 241 t'tlatts
1732 188 1784 243 2ld

107 310 230 370 inveniri
244 328 301 367 non
322 312 420 384 possit.
437 313 504 367 Erat
522 311 600 367 enim
619 312 694 368 idem
715 312 847 384 princeps
865 311 921 367 lide
932 311 1078 395 ⁸qaliquot
1094 309 1156 365 dies
1172 312 1286 381 captum
1305 308 1454 364 eontwa'm
1471 308 1682 381 puem'njon
1693 310 1784 365 multo

106 407 261 462 catholicus
273 411 301 462 el
315 406 343 463 in
356 408 490 479 operibus
510 413 612 475 rectus,
633 406 662 461 in
676 406 791 477 judiciis
805 408 915 477 justus:
966 409 1030 479 post
1049 404 1096 458 ubi
1115 403 1246 459 Ticinum
1268 403 1424 474 repedavit.
1444 402 1528 457 bena
1547 420 1625 475 papa
1643 404 1783 475 Gregorio

104 500 227 572 ideoque
252 517 391 574 prospera
417 500 457 555 illi
484 500 690 555 concurrebant
716 502 746 555 in
772 501 915 555 omnibus.
966 501 1137 572 procurante
1156 513 1222 552 cum
1241 497 1378 553 Romanis
1398 495 1591 552 firmissmm
1609 513 1712 569 penem
1731 514 1782 569 pe·

103 594 194 666 llujus
209 600 339 666 tempore
358 594 540 650 Cassiodorus
557 594 684 659 Senator,
704 600 802 663 postea
821 610 917 647 mona·
966 593 1052 666 pigit.

102 688 184 758 clins,
208 687 238 742 in
265 688 334 744 urbe
357 689 447 744 lloma
472 693 530 742 tam
558 687 685 742 seculari
709 705 795 758 quam
820 688 917 741 divina
1001 685 1108 740 Eodem
1134 691 1275 757 tempure.
1299 684 1400 738 bealm
1427 700 1502 755 papa
1525 684 1684 757 Επςιιέιι
1706 686 1782 741 misit

104 781 222 837 scientia
241 781 359 850 claruit;
384 783 432 853 qui
458 782 536 836 inter
557 786 674 841 cetera,
698 798 762 852 que
785 781 917 836 nobiliter
965 796 1060 834 servos
1079 779 1138 845 liei,
1159 779 1307 843 lellitum,
1325 778 1515 849 augustinum
1534 794 1564 833 e:
1582 780 1735 845 lunum,
1752 784 1781 835 et

104 876 225 947 scripsit.
237 876 413 948 psalmorum
433 876 575 947 praecipue
595 875 703 929 occulta
721 876 916 946 potentissime
965 874 1035 927 alios
1049 874 1220 944 plurescum
1237 874 1278 928 eis
1292 872 1426 927 timentes
1438 872 1604 927 nemum.
1626 874 1657 927 in
1678 874 1783 943 praedi·

105 970 250 1026 reserarit.
966 968 1074 1021 catione
1089 966 1125 1021 ad
1139 972 1257 1037 gentem
1269 966 1673 1036 anglorumatooararaavea
1686 966 1784 1021 eosad

139 1065 214 1118 Tunc
227 1064 313 1119 etiam
332 1062 477 1133 Dionysius
496 1062 585 1117 abbas
603 1064 633 1116 in
651 1062 722 1118 urbe
742 1064 830 1117 Roma
847 1078 915 1117 con·
966 1060 1118 1114 Dominum
1132 1066 1262 1114 nostrum
1277 1059 1373 1113 lesum
1385 1058 1540 1113 currum
1555 1059 1623 1113 Pas
1641 1060 1738 1114 malta
1755 1068 1785 1114 et

103 1157 217 1211 stitutus
236 1156 398 1227 paschalem
420 1156 560 1210 caleulum
584 1155 714 1210 miranda
737 1162 917 1226 aruum-enta·
965 1170 1071 1224 magna
1091 1168 1177 1225 opera
1196 1154 1226 1206 in
1244 1152 1358 1206 basilica
1380 1152 1458 1206 licata
1476 1151 1552 1206 Pani
1570 1154 1694 1224 msa-oli
1717 1158 1783 1207 ante

105 1250 182 1305 tione
196 1250 366 1321 composuit.
965 1248 1150 1302 secretarium
1170 1263 1196 1300 ιι
1211 1247 1276 1299 ldus
1289 1246 1380 1300 lartu
1393 1246 1520 1316 sepultus
1531 1254 1584 1300 es·-
1600 1248 1649 1301 lli:
1664 1246 1782 1301 ordme-

139 1343 299 1397 Priscianus
312 1359 426 1415 quoque
441 1342 618 1399 Caesariensis
632 1342 706 1413 apud
720 1343 916 1397 Constantino
965 1341 1004 1395 sit
1018 1342 1165 1411 episcopos
1179 1356 1232 1411 per
1247 1339 1358 1394 diversa
1375 1340 1440 1394 lora
1456 1354 1522 1393 ιιιῑ.
1535 1340 1570 1393 [ι
1588 1342 1709 1394 oessatit
1723 1340 1783 1412 epi·

103 1436 193 1508 polim
211 1438 407 1508 grammaticae
423 1436 501 1505 arm,
520 1442 549 1489 ιιι
567 1436 606 1490 ita
624 1435 757 1491 dixerim.
777 1436 916 1507 profunda
964 1440 1096 1505 scopatus
1108 1433 1254 1488 mensibus
1267 1450 1296 1499 r,
1309 1432 1412 1487 diebus
1427 1449 1501 1487 mu.

103 1530 224 1585 rimatus
236 1536 288 1585 est.
999 1524 1170 1580 Sabinianus
1189 1525 1310 1591 Tuscus,
1333 1524 1369 1579 de
1394 1524 1505 1579 risitate
1525 1524 1617 1579 illm.
1641 1524 1680 1578 de
1702 1530 1783 1595 patre

139 1629 241 1679 lrator
257 1623 442 1678 nibilominus
462 1624 597 1677 llomanie
617 1624 747 1679 [eclesias
769 1624 914 1679 subdiaco·
966 1618 1053 1683 Bono,
1076 1618 1150 1673 sedit
1168 1633 1245 1672 mno
1267 1634 1286 1675 ι.
1305 1616 1452 1673 mensibus
1471 1634 1500 1685 r,
1522 1616 1625 1672 diebus
1645 1634 1684 1672 rx.
1706 1618 1784 1672 lune

103 1733 168 1785 nus,
181 1722 265 1788 poeta
279 1717 430 1783 mirabilis,
440 1717 632 1789 apostolorum
645 1720 731 1771 ,lctus
743 1702 955 1774 hexametrisss
968 1713 1059 1783 grati-⁴
1077 1712 1106 1766 in
1124 1711 1195 1766 urbe
1214 1712 1305 1766 Roma
1323 1712 1412 1765 same-⁸
1430 1710 1494 1765 fuit-
1515 1712 1591 1782 ΡΨ
1610 1727 1690 1775 vem,
1713 1726 1785 1783 pace

105 1810 232 1865 versibus
245 1812 381 1865 exarat-it.
968 1821 1034 1859 cum
1061 1808 1147 1875 genle
1173 1804 1426 1876 Langobardorum
1451 1805 1539 1861 latta.
1558 1805 1644 1873 §ass't
1669 1804 1784 1875 aperire

140 1901 217 1954 Tunc
244 1901 332 1954 etiam
362 1900 542 1954 beatissimus
571 1907 655 1973 pater
683 1900 861 1958 benedictus.
889 1907 917 1956 et
968 1899 1069 1953 horrea
1084 1898 1225 1961 Ecclesiae,
1247 1902 1277 1951 et
1297 1898 1454 1952 venundari
1473 1898 1621 1951 ιιιιιιιειιιι
1640 1914 1697 1969 per
1715 1898 1785 1952 soli·

105 1994 184 2064 prins
201 1995 233 2047 in
251 1995 313 2048 loro
331 1995 381 2065 qui
400 1994 537 2065 subjacus
555 1993 669 2061 dieitur,
684 1996 732 2066 qui
750 1994 785 2049 ab
800 1995 868 2050 urbe
883 2012 918 2051 ιι
967 1992 1037 2046 dum
1062 2008 1151 2046 unum
1176 1992 1265 2046 trilici
1287 1991 1397 2046 modios
1421 2006 1483 2047 ιιι.
1505 1993 1537 2047 ln
1560 1990 1682 2046 maesia
1705 1990 1786 2046 Beati

104 2088 231 2142 millibus
242 2088 333 2155 abest,
347 2094 375 2142 et
388 2094 485 2158 postea
503 2089 532 2143 in
551 2094 643 2142 castro
661 2088 788 2156 cassino,
804 2091 918 2161 magnis
967 2086 1042 2139 Petri
1056 2085 1177 2157 apostoli
1191 2100 1216 2140 τι
1229 2084 1293 2138 lial.
1309 2084 1401 2139 larlii
1418 2084 1546 2154 sepultus
1564 2092 1619 2138 est.
1637 2084 1688 2137 llic
1704 2082 1784 2137 ordi·

103 2182 169 2235 ritae
187 2180 297 2236 meritis
315 2187 344 2235 et
361 2181 521 2251 apostolicis
538 2181 690 2235 virtutibus
703 2182 823 2237 effulsit:
837 2184 917 2253 caJns
967 2180 1045 2233 navit
1060 2178 1208 2250 episcopos
1226 2192 1299 2233 ιιιι.
1320 2178 1354 2232 [t
1368 2178 1485 2231 cessarit
1504 2176 1686 2249 episopatus
1704 2192 1785 2231 men-

101 2274 200 2329 vitam.
218 2278 248 2328 ut
260 2279 361 2329 notum
375 2280 428 2339 est,
442 2273 542 2328 beatm
555 2291 632 2346 papa
644 2275 799 2347 Gregorius
813 2276 844 2330 in
858 2278 916 2329 suis
967 2272 1043 2325 sibus
1059 2288 1097 2335 ιι,
1112 2270 1213 2326 diebus
1224 2286 1292 2326 rero
1308 2285 1386 2326 ιιιιι.

101 2367 225 2439 Moris
238 2368 315 2421 silari
329 2382 459 2422 sermone
471 2368 642 2438 composuit.
1003 2365 1162 2419 Boiiilacius
1186 2366 1350 2431 Romanus,
1372 2381 1407 2419 ex
1432 2372 1514 2435 patre
1535 2366 1648 2417 loanne
1668 2366 1784 2435 Cappa·

102 2461 215 2517 mall.
236 2461 382 2531 Srqucntdi
405 2465 588 2517 limenorum
606 2465 765 2533 pontificum
784 2463 915 2518 historia.
966 2458 1048 2521 doce,
1069 2457 1143 2511 sedit
1163 2458 1309 2512 mensibus
1326 2474 1383 2525 im,
1394 2457 1495 2512 diebus
1512 2473 1576 2512 m.
1594 2456 1644 2512 uie
1656 2456 1786 2513 otuinuit

138 2554 306 2609 Benedictus
325 2570 397 2626 papa
416 2556 445 2609 in
466 2554 564 2610 multis
577 2555 724 2610 laboribus
743 2562 771 2611 et
789 2557 917 2611 afflictio·
966 2551 1041 2622 apud
1064 2552 1165 2605 l'ocam
1185 2550 1343 2622 principem
1364 2558 1395 2605 ot
1415 2550 1498 2605 sedes
1517 2550 1675 2622 apostolica
1697 2554 1786 2622 oapnt

103 2648 188 2703 nibus
213 2648 349 2718 nugatus
374 2648 455 2705 obiit.
480 2654 508 2703 et
531 2649 561 2702 in
586 2648 700 2703 basilica
723 2649 819 2704 Sancti
840 2650 917 2705 Petri
965 2652 1039 2699 esset
1058 2644 1189 2699 omnium
1211 2644 1411 2701 Eolesiarum.
1431 2644 1500 2715 quia
1520 2644 1785 2715 Oanwtinopob·

101 2742 254 2813 apostolia
270 2740 465 2812 baldumi
486 2742 612 2813 sepultos
630 2748 681 2796 est.
704 2744 752 2797 llic
768 2743 917 2815 episcopos
964 2744 1031 2793 una
1044 2738 1164 2793 [eclesia
1175 2754 1205 2793 se
1219 2739 1356 2794 Romanae
1375 2736 1545 2808 prrelerebat
1562 2744 1592 2792 et
1607 2738 1735 2809 primam
1752 2754 1783 2793 se

101 2849 146 2888 ιιι
169 2832 353 2887 consecravit.
376 2832 410 2886 Et
428 2832 547 2886 cessarit
568 2832 745 2903 episcopatus
767 2834 916 2888 mensibus
965 2832 1096 2886 omnium
1110 2831 1297 2887 Ecclesiamm
1309 2830 1462 2886 scribebat.
1475 2830 1612 2901 sepulta«
1625 2836 1669 2885 est
1685 2836 1785 2887 antem

101 2942 143 2984 ιιι.
159 2926 260 2980 diebus
276 2942 303 2979 ι.
965 2926 994 2980 in
1011 2925 1131 2980 ecclesia
1150 2924 1243 2980 Sancti
1262 2924 1337 2979 Petri
1353 2923 1476 2996 apostoli
1491 2940 1512 2979 ιι
1525 2923 1591 2978 ldns
1602 2924 1784 2979 Norembris.

136 3021 268 3091 Pelagius
282 3020 436 3077 llomanns.
449 3019 485 3073 de
499 3024 581 3091 patre
595 3019 761 3090 winigildo,
777 3020 848 3074 sedit
863 3036 913 3075 an·
965 3020 1013 3073 llic
1032 3019 1207 3074 consecrarit
1219 3018 1368 3090 episcopos
1380 3034 1436 3074 m.
1453 3018 1485 3073 tr
1502 3018 1620 3073 cessarit
1634 3018 1783 3090 episcopa·

99 3116 144 3169 nis
163 3130 191 3169 1.
210 3112 354 3167 mensibus
372 3130 402 3169 u.
421 3113 521 3167 diebus
542 3129 570 3168 1.
595 3113 643 3166 llic
666 3112 773 3184 absque
784 3113 912 3183 jussione
924 3067 953 3141 c
964 3119 1010 3167 tus
1024 3112 1171 3166 mensibus
1186 3128 1213 3167 ι.
1229 3111 1331 3165 diebus
1349 3127 1387 3164 ιι.

99 3208 219 3278 ,ιιιςιιειι
231 3206 380 3260 obtinatus
392 3212 445 3263 est.
459 3223 494 3260 eo
506 3205 584 3277 quod
599 3206 774 3277 langobardi
794 3208 913 3262 Romam
998 3205 1168 3271 bonifacius,
1190 3204 1306 3259 natione
1322 3204 1490 3261 lassorum.
1504 3204 1540 3258 de
1562 3204 1678 3260 civitate
1703 3206 1785 3261 l'ale·

99 3300 279 3355 obsiderent.
305 3300 472 3371 Italiamque
499 3300 586 3354 nimis
613 3300 805 3355 devastarent.
833 3301 912 3355 Tune
961 3300 1015 3355 ria.
1030 3316 1065 3353 cx
1080 3304 1160 3370 patre
1172 3298 1281 3353 Ioanne
1295 3297 1420 3355 medico.
1435 3296 1510 3352 sedit
1521 3298 1605 3353 annis
1619 3314 1658 3365 n,
1670 3299 1782 3354 mensi·

100 3391 197 3444 nimiae
215 3390 308 3444 clades
328 3394 357 3443 et
378 3390 479 3460 pluries
499 3390 625 3444 luerimt.
644 3390 807 3460 lomiinaria
825 3390 911 3459 pestis
960 3393 1014 3448 bus
1026 3409 1084 3453 ιιιι.
1098 3392 1198 3446 diebos
1215 3408 1273 3447 nu.
1293 3392 1381 3463 liujus
1400 3400 1532 3463 tempore
1544 3392 1636 3447 tames
1648 3396 1678 3447 et
1692 3392 1781 3465 pesti·

96 3500 201 3555 papam
214 3484 309 3538 subito
322 3499 489 3554 percussum
505 3499 543 3536 ιιι
560 3483 624 3536 ldns
639 3483 783 3538 Februarii
803 3486 909 3537 exsliu·
960 3486 1056 3541 lentiae
1066 3485 1456 3556 etinundalionesaquarnm
1465 3485 1780 3556 gravissimaluernnl.

96 3578 146 3635 xit.
160 3578 210 3648 qui
222 3577 300 3648 apud
315 3578 433 3631 lleaturn
448 3578 563 3631 Petriam
577 3576 706 3647 sepultus
719 3584 773 3630 est.
789 3576 837 3630 llie
850 3576 909 3647 epi·
959 3582 1037 3635 Tunc
1055 3580 1137 3651 petiit
1157 3596 1230 3651 papa
1250 3580 1413 3634 bonifacius
1430 3596 1447 3633 a
1465 3580 1537 3633 l'ora
1557 3580 1689 3651 principe
1707 3586 1782 3636 tem·

97 3686 197 3742 scopos
214 3687 266 3742 per
278 3670 390 3725 diversa
403 3671 465 3725 loca
481 3686 563 3726 ιιιιιι
576 3670 727 3725 ordinarit.
742 3671 776 3725 Ει
793 3672 909 3725 cessarit
959 3675 1051 3746 plum.
1077 3673 1154 3745 quo-d
1178 3673 1335 3744 appellatur
1360 3674 1517 3729 Pantheon.
1539 3678 1568 3727 et
1590 3674 1782 3745 impetratum

96 3765 272 3836 episcopatus
287 3764 433 3819 mensibus
446 3780 484 3831 vr,
500 3764 602 3818 diebus
615 3780 678 3818 m.
959 3768 1099 3822 dedimrlt
1130 3768 1160 3821 in
1188 3767 1328 3823 bonorem
1353 3768 1489 3822 Omnium
1514 3766 1700 3823 Sanctorum.
1732 3768 1782 3823 llic

130 3858 294 3929 Gregorius,
321 3864 381 3912 arte
407 3856 605 3928 philosophus,
625 3856 759 3911 Gordiani
780 3856 909 3927 praetoris
958 3862 1034 3933 apul
1052 3863 1170 3915 Beatum
1190 3862 1306 3915 Petrum
1328 3862 1489 3930 apostolum
1507 3878 1554 3915 ιιιι
1573 3861 1783 3919 [ιιιιιιιίἰεθ-

94 3950 148 4005 riri
166 3950 315 4005 clarissimi
338 3956 368 4005 et
387 3950 479 4005 beata
498 3950 592 4005 Silviae
612 3950 703 4015 lilios,
726 3951 836 4021 praefuit
857 3967 909 4004 an·
958 3956 1054 4027 palans
1074 3962 1126 4009 est.
1148 3954 1303 4024 Episeopos
1323 3953 1466 4009 ordinarit
1486 3970 1578 4010 ιιιιι.
1599 3955 1634 4009 et
1658 3956 1782 4011 cessarit

94 4044 140 4099 nis
156 4060 214 4111 ιιιι,
227 4043 374 4100 mensibus
389 4060 427 4111 u,
443 4042 545 4098 diebus
563 4060 590 4101 ι.
609 4044 786 4114 temporibus
804 4044 909 4097 Tiberii
958 4048 1136 4119 episcopatus
1149 4047 1295 4101 mensibus
1307 4064 1344 4103 ιι.
1358 4046 1460 4101 diebus
1473 4064 1556 4101 ιιιι.

93 4137 290 4195 Constantini.
315 4136 441 4191 lauricii
468 4143 496 4191 et
520 4138 599 4191 loce
623 4142 829 4207 ¹tugostorum.
857 4138 907 4191 llic
995 4140 1146 4195 llensledit
1169 4141 1325 4205 llomanus,
1346 4157 1381 4194 er
1401 4150 1484 4211 patre
1502 4140 1651 4212 Stephano
1670 4142 1782 4198 subdia·

94 4232 226 4303 exposuit
247 4231 385 4285 homelias
406 4230 623 4302 Evangeliorum
645 4246 765 4285 numero
784 4246 828 4287 ιι.
845 4231 908 4289 lob.
958 4252 1042 4291 cono.
1056 4234 1127 4289 sedit
1142 4234 1226 4287 annis
1246 4250 1284 4291 zu.
1298 4233 1398 4287 diebm
1416 4249 1492 4288 ιιιιι.
1513 4234 1782 4291 llicrlerumralde

93 4324 284 4389 Ezechielem,
297 4323 524 4395 pastoralemque
541 4323 631 4379 edidit
649 4323 753 4378 librum
770 4329 798 4379 et
814 4325 908 4379 llialo·
957 4327 1056 4381 dit-:xit
1069 4334 1097 4381 et
1113 4327 1274 4382 honorarit.
1293 4327 1371 4381 luno
1394 4326 1585 4397 [leirlberius,
1600 4329 1741 4399 patricius
1753 4334 1783 4384 el

94 4434 176 4489 gum
189 4423 218 4474 et
231 4418 321 4472 multa
334 4418 391 4472 alia
403 4433 467 4489 qnae
480 4433 650 4473 enumerare
665 4434 724 4472 non
745 4435 907 4489 possumus.
917 4430 948 4503 D
959 4420 1160 4475 cubicularius.
1185 4420 1337 4491 Neapolim
1369 4420 1560 4491 expugnarit,
1584 4426 1615 4475 et
1640 4423 1781 4479 loannem

93 4513 199 4567 lioctor
212 4512 290 4566 enim
306 4511 536 4584 incomparabilis
550 4512 663 4579 enituit,
677 4522 705 4566 et
722 4512 811 4567 multa
824 4528 907 4583 saga·
957 4515 1154 4585 compsinum,
1170 4513 1220 4585 qui
1235 4514 1340 4568 multos
1354 4514 1508 4579 occiderat,
1523 4514 1715 4571 rebellantem
1729 4532 1780 4589 pe·

91 4606 186 4671 citate,
208 4606 377 4677 ingentique
390 4605 485 4659 studio
499 4604 612 4660 dicendi
627 4610 657 4660 el
674 4606 816 4660 scribendi
834 4606 908 4661 otili·
958 4609 1053 4662 remit.
1062 4609 1093 4662 ln
1105 4614 1164 4662 tota
1176 4608 1272 4678 itaque
1286 4608 1366 4662 ltalia
1378 4624 1433 4679 par
1445 4607 1673 4664 samosatum
1686 4614 1781 4665 terra·

90 4704 137 4754 ter
148 4699 295 4757 laborarit.
311 4698 499 4771 [cclesiaeque
513 4699 562 4753 uel
581 4699 646 4754 siliis
665 4700 819 4754 admodum
840 4717 906 4770 pro-
958 4710 1053 4756 motus
1072 4716 1194 4771 magnus
1211 4700 1301 4755 faetus
1320 4708 1374 4756 est.
1395 4700 1543 4756 Percussio
1562 4702 1729 4758 scabierum
1750 4703 1781 4759 in

91 4792 156 4847 tuit.
174 4793 222 4846 llio
241 4793 436 4864 augmentarit
459 4796 489 4848 in
511 4794 676 4864 precatione
693 4795 812 4849 canonis
833 4797 907 4848 lit-o·
958 4794 1064 4866 populo
1083 4795 1147 4848 taus
1166 4800 1265 4848 secuta
1285 4800 1328 4848 est
1351 4802 1381 4847 ut
1401 4794 1496 4849 nullus
1520 4799 1672 4850 mortuum
1694 4812 1779 4850 soom

91 4902 141 4953 qao:
169 4890 273 4939 nostae<
300 4890 328 4938 in
355 4894 402 4939 tuo
424 4902 492 4956 pure
513 4887 657 4957 alimonis.
683 4893 737 4943 etc.
762 4888 909 4943 llornanus
957 4892 1052 4960 posset
1069 4903 1254 4958 cognosere.
1269 4886 1425 4942 lleusdedit
1441 4903 1518 4959 papa
1531 4903 1557 4941 τι
1574 4888 1640 4942 {dus
1660 4889 1779 4943 Noram·

91 4978 228 5048 palririns
239 4984 267 5032 et
281 4978 418 5033 exarchus
432 4982 550 5035 Romam
570 4982 659 5041 senil,
672 4986 700 5035 el
719 4980 908 5053 perturbatio
957 4982 1015 5036 bris
1034 4981 1112 5053 apud
1129 4981 1247 5035 beatum
1265 4982 1381 5036 Petrum
1399 4982 1563 5052 apostolum
1579 4983 1712 5052 sepultus
1724 4987 1777 5049 est,

90 5088 306 5143 nenimagnam
320 5074 456 5128 Romanis
470 5075 579 5129 civibus
594 5074 825 5132 excitaritb'am.
839 5075 908 5130 darm
958 5082 987 5130 et
1003 5092 1055 5147 pro
1072 5074 1213 5146 exsequiis
1233 5075 1291 5128 suis
1311 5074 1391 5129 omni
1410 5074 1487 5129 clero
1508 5090 1611 5147 rogam
1633 5074 1778 5147 integram

91 5164 258 5220 llarennam
273 5173 479 5233 reverteretur,
493 5170 583 5223 tennil
597 5170 726 5224 ciriutes
737 5169 909 5242 quoealau-
958 5186 1046 5224 uuam
1059 5168 1175 5223 dimisit.
1192 5170 1241 5223 llic
1257 5168 1406 5240 episopus
1422 5168 1563 5224 ordinarit
1579 5185 1656 5225 ιιιι.
1671 5170 1707 5224 Et
1718 5186 1777 5226 ces·

89 5259 223 5329 poberdis
239 5259 422 5319 tenebantur.
437 5262 564 5318 Sutrium
575 5263 706 5318 videlicet
721 5280 752 5318 ac
767 5262 907 5319 Polimar·
956 5264 1028 5318 sarit
1040 5263 1222 5334 epis-opatus
1237 5278 1336 5317 mense
1351 5279 1372 5327 ι,
1386 5262 1486 5318 diebus
1497 5278 1553 5319 ιιι.

88 5355 175 5411 ιιιιιιι.
201 5355 355 5413 Ameriam.
378 5358 523 5412 Perusiam
547 5363 575 5412 et
597 5358 669 5411 alias
693 5358 798 5429 plures.
826 5358 907 5413 l'nde
992 5356 1155 5412 Bonifatius
1177 5356 1357 5427 Campanas,
1383 5356 1420 5411 de
1444 5356 1558 5411 eirilate
1585 5358 1721 5429 Neapoli,
1744 5374 1778 5414 ox

87 5448 230 5519 Agilullus
242 5465 292 5504 rer
311 5450 391 5505 ralde
409 5452 498 5506 iratos
517 5466 584 5506 curn
606 5450 698 5506 valido
716 5452 844 5507 exereitu
860 5454 906 5507 Pe-
954 5458 1034 5524 pitto
1049 5452 1171 5507 loanne.
1185 5450 1259 5505 sedit
1277 5450 1362 5505 annis
1377 5466 1404 5503 r.
1426 5450 1473 5505 llic
1494 5450 1665 5506 mitissimus
1685 5450 1778 5508 bomi-

86 5542 195 5596 rnsiam
211 5544 303 5612 petiit.
316 5543 412 5615 ibique
428 5545 630 5600 Nairrisiunern
647 5544 905 5617 langobanlonrm
954 5562 1026 5601 ntrrn
1040 5546 1104 5605 luit,
1118 5550 1147 5600 et
1160 5544 1252 5599 inulta
1264 5544 1338 5599 lona
1351 5544 1380 5599 in
1391 5544 1512 5601 Ecclesia
1522 5545 1687 5603 coustituit.
1698 5548 1777 5603 luno

85 5634 201 5693 durem.
214 5636 266 5707 qni
277 5654 308 5692 se
321 5638 456 5693 Romanis
468 5637 637 5698 tradiderat.
651 5638 772 5697 oluedit.
790 5645 819 5695 et
840 5646 904 5713 post
952 5640 1138 5695 Eleutherius
1157 5638 1296 5711 patricios
1314 5638 1421 5695 intarta
1443 5638 1497 5707 {llll
1515 5654 1641 5713 reguum
1662 5640 1774 5709 invasit,

118 5746 164 5805 (ill,
183 5742 204 5793 l¹
219 5756 245 5795 e.
258 5744 371 5795 rabello.
386 5744 448 5797 val.
464 5744 564 5811 Caugii
577 5748 667 5801 ιὶζως,
683 5748 769 5801 ratleo
782 5754 912 5803 rlnlrtrles.
927 5748 1076 5805 Duchesue
1088 5762 1140 5817 pm
1155 5750 1259 5799 iulurltl
1273 5747 1340 5813 {egil
1353 5746 1384 5797 ιι
1400 5744 1523 5799 mnia.
