3750 6046
7 42 16 311 ι
56 186 81 213 αὖ

59 228 79 249 Η

494 194 651 254 HISTORIA
670 197 939 257 ECCLESIASTICA.
956 229 990 238 -
1006 200 1092 257 PARS
1112 203 1180 257 1.-
1195 202 1259 257 LlB.
1281 202 1301 258 Ι.
1701 204 1735 263 78

54 314 263 385 denegatione,
285 316 408 371 redeunt
427 316 498 388 ipsi;
519 321 547 375 et
568 321 656 374 totam
676 318 711 374 ab
734 321 875 392 Aquilone
886 333 916 406 Α
927 336 992 376 voce
1007 321 1041 375 ad
1057 321 1152 377 sidera
1166 323 1266 390 levato,
1277 323 1372 378 hostes
1385 323 1414 378 in
1427 324 1526 396 fugam
1539 326 1623 381 restit
1636 327 1739 382 imma-

53 408 177 463 iusulam
197 426 252 481 pro
269 409 414 483 indigenis
433 427 516 467 muro
537 415 620 468 tenus
638 420 797 486 capessunt.
820 416 876 470 Nee
927 432 988 470 nes.
1000 415 1052 479 Qui
1066 415 1202 487 deinceps
1216 415 1251 471 ad
1265 417 1429 472 Ravennam
1439 419 1617 489 perveniens,
1629 437 1741 476 summa

54 517 143 569 mora,
159 504 256 571 caesis,
277 505 369 576 captis
386 504 549 577 fugatisque
572 507 736 564 custodibus
753 509 829 564 muri
849 513 878 564 et
926 508 1089 564 reverentia
1113 526 1130 564 a
1155 509 1354 566 Valentiniano
1381 517 1409 566 et
1434 511 1557 567 Placidia
1581 519 1739 586 susceptus,

53 597 110 668 ipso
130 597 315 671 interrupto,
330 599 416 654 etiam
438 600 515 655 intra
536 601 618 656 illum
637 601 760 657 crudelis
779 603 877 674 predo
926 602 1061 674 migravit
1089 602 1124 657 ad
1149 603 1305 658 Christum.
1336 604 1423 675 Cujus
1451 621 1554 676 corpus
1583 606 1740 662 honorifico

54 696 215 761 grassatur.
239 692 360 749 liittitur
387 694 504 766 epistola
525 694 661 767 lacrymis
684 697 876 768 aerumnisque
927 696 1052 768 agmine,
1071 696 1274 751 comitantibus
1294 697 1432 752 virtutum
1455 699 1598 770 operibus,
1613 700 1741 756 defertur

55 785 156 840 referta
183 786 224 840 ad
249 787 389 842 Romana
412 789 559 859 potestatis
583 789 674 845 virum
696 791 810 846 Aetium
834 793 877 847 ter
926 789 1161 846 Autissiodorum.
1187 790 1282 846 Aetius
1301 791 1434 862 patricius
1458 793 1676 849 occidentalibus
1698 810 1742 849 oc·

55 877 217 947 consulem,
241 897 310 935 nur
334 881 486 937 Theodosii
510 883 647 954 principis
670 900 755 952 anno,
777 888 877 957 petens
927 883 1073 938 cidentalis
1088 882 1252 954 reipublicae
1264 883 1349 950 salus,
1367 889 1395 938 et
1408 885 1470 957 regi
1488 886 1634 958 quondam
1648 887 1740 942 Attilae

54 973 213 1040 auxilium,
243 991 297 1029 nee
322 975 469 1047 impetrat.
498 977 611 1032 lnterea
640 976 732 1033 fames
755 977 818 1033 dira
844 995 876 1034 ae
928 982 1028 1043 terror,
1048 993 1065 1030 a
1085 976 1282 1032 Valentiniano
1301 978 1447 1045 occiditur,
1467 996 1532 1034 cum
1555 996 1611 1050 quo
1634 982 1739 1052 llespe·

53 1066 249 1122 famosissima
267 1068 406 1141 profugos
424 1069 551 1124 infestat.
568 1069 630 1134 Qua
649 1071 741 1126 coacti
759 1071 876 1143 quidam
927 1069 1003 1124 rium
1020 1085 1145 1141 regnum
1163 1070 1272 1137 cecidit,
1293 1086 1385 1143 neque
1406 1071 1543 1127 haetenus
1562 1073 1681 1128 relevari
1694 1090 1739 1128 va·

53 1160 183 1215 hostibus
213 1161 321 1217 dedere
349 1178 461 1217 manus.
487 1163 542 1218 Alii
569 1164 604 1220 de
632 1165 788 1233 montibus,
811 1181 874 1236 spe·
926 1163 989 1218 luit.

53 1253 144 1308 lunas
164 1271 198 1309 ac
219 1255 339 1310 saltibus
359 1259 475 1312 strenue
492 1256 703 1330 repugnabant,
718 1275 750 1314 ae
768 1262 876 1331 strages
962 1257 1042 1313 Circa
1056 1257 1118 1311 haec
1129 1262 1260 1329 tempora
1274 1274 1396 1331 regnum
1409 1260 1579 1314 Francorum
1591 1259 1741 1315 exordium

51 1347 182 1402 hostibus
206 1348 325 1404 dabant.
351 1350 545 1406 Revertuntur
566 1351 642 1406 Scoti
663 1352 793 1421 domum,
812 1356 878 1425 post
927 1352 1024 1406 sumit.
1041 1353 1112 1407 Nam
1125 1355 1254 1423 tempore
1267 1351 1419 1407 Theodosii
1428 1353 1552 1423 junioris
1565 1353 1617 1408 filil
1630 1354 1741 1409 Arcadii

52 1458 109 1496 noo
124 1441 253 1497 multum
269 1446 383 1515 tempus
398 1445 551 1501 reversuri.
565 1445 636 1500 Picti
657 1449 816 1502 extremam
831 1448 875 1502 in·
926 1449 954 1500 et
977 1443 1118 1502 Caelestini
1142 1460 1236 1515 papae,
1257 1445 1477 1511 ferramundus,
1498 1445 1643 1501 Sunnonis
1662 1445 1742 1502 ducis

52 1535 122 1590 sulae
138 1540 255 1607 partem
271 1539 334 1591 tum
350 1538 476 1608 primum
493 1540 523 1592 et
538 1537 672 1610 deinceps
689 1539 876 1595 inhabitaturi
926 1537 978 1593 filii
993 1538 1091 1593 Franci
1104 1538 1189 1607 lilius,
1202 1539 1375 1594 Francorum
1386 1554 1510 1610 regnum
1525 1539 1644 1610 primus,
1659 1541 1740 1613 quin-

53 1628 195 1685 detinent.
212 1629 330 1685 Famem
344 1632 495 1702 praefatam
507 1648 613 1705 magua
627 1634 743 1706 frugum
756 1634 875 1706 opulen·
926 1648 982 1703 qua
994 1630 1075 1686 annis
1091 1631 1228 1703 regnavit.
1242 1631 1302 1696 Ouo
1317 1631 1463 1701 defuncto,
1479 1632 1576 1689 Clodio
1591 1633 1665 1688 filins
1678 1634 1741 1705 ejus

55 1725 105 1789 tia,
125 1724 307 1796 opulentiam
327 1726 440 1781 luxuria
463 1730 493 1781 et
513 1726 704 1799 negligentia,
724 1728 873 1800 negligen-
886 1703 915 1775 Β
927 1742 964 1781 vn
979 1725 1063 1779 annis
1077 1726 1217 1796 regnavit.

55 1818 124 1871 tiam
146 1819 209 1873 lues
230 1819 384 1886 acerrima,
405 1823 433 1875 et
451 1820 542 1876 acrior
560 1837 625 1876 mor
644 1821 768 1876 hostium
788 1839 875 1879 novo·
962 1819 1039 1873 Tunc
1062 1818 1188 1873 diabolus
1204 1818 1310 1874 ‹ludaeis
1331 1818 1359 1873 in
1383 1820 1463 1880 Creta
1485 1819 1514 1874 in
1540 1822 1632 1892 specie
1654 1821 1741 1893 Moysi

54 1910 174 1977 rum,id
194 1913 428 1984 estanglorum,
449 1913 534 1986 plage
554 1917 650 1970 secula
671 1917 722 1969 est.
743 1916 818 1979 Quos
837 1916 876 1970 illi
927 1910 1066 1984 apparuit,
1091 1928 1196 1983 eosque
1222 1912 1257 1966 ad
1283 1917 1388 1967 terram
1415 1913 1643 1984 repromissionis
1669 1914 1741 1985 pede

52 2005 186 2059 unanimi
209 2005 328 2061 consilio
348 2023 414 2061 curn
431 2022 500 2079 rege
523 2022 575 2062 suo
597 2008 778 2080 wortigerno
796 2008 877 2080 quasi
927 2006 1000 2061 sicco
1022 2021 1073 2076 per
1093 2020 1171 2059 mare
1190 2005 1348 2076 perducere
1368 2005 1513 2076 promisit,
1534 2006 1630 2079 sicque
1652 2008 1740 2079 pluri-

53 2097 220 2154 defensores
233 2100 335 2172 patria
357 2100 393 2155 ad
414 2117 443 2156 se
463 2100 627 2156 invitandos
645 2102 812 2173 elegerunt;
828 2102 877 2157 sed
927 2098 981 2153 mis
995 2097 1110 2166 necatis,
1130 2097 1232 2169 reliqui
1248 2098 1284 2152 ad
1304 2098 1407 2154 Christi
1426 2100 1549 2170 gratiam
1568 2105 1741 2156 convertun-

53 2194 190 2263 exceptos
213 2208 280 2247 mox
307 2192 526 2265 impugnatores
551 2198 637 2266 atque
664 2200 876 2266 expugnatores
926 2195 982 2247 tur.

54 2291 220 2341 senserunt.
961 2289 1045 2341 Anno
1066 2302 1085 2342 rr
1104 2285 1236 2340 llarciani
1254 2288 1282 2340 et
1302 2287 1499 2356 Valentiniani,
1514 2289 1657 2343 lleroveus
1678 2306 1740 2357 rer,

89 2379 184 2434 Sixtus
210 2380 308 2435 Romae
332 2381 482 2453 episeopus
504 2381 574 2436 feeit
598 2381 743 2436 basilicam
766 2382 876 2437 Sanctae
926 2384 1079 2451 postquam
1101 2395 1147 2434 rin
1175 2377 1257 2435 annis
1282 2380 1423 2449 regnavit,
1446 2385 1574 2435 mortuus
1600 2385 1650 2436 est.
1676 2384 1743 2437 Post

56 2471 152 2526 Baria
168 2474 268 2527 matris
281 2474 407 2541 Domini,
425 2490 490 2546 quae
505 2473 541 2530 ab
556 2473 682 2547 antiquis
696 2475 799 2530 hiberii
813 2493 876 2548 cog·
927 2489 1013 2544 quem
1025 2472 1198 2529 Childerieus
1218 2471 1292 2527 tllius
1311 2472 1371 2542 ejus
1391 2488 1442 2544 per
1462 2489 1633 2530 annosum
1652 2492 1742 2547 regno

56 2565 267 2622 nominabatur.
282 2567 419 2638 Eudoxio,
433 2584 509 2623 uxor
526 2568 678 2624 Theodosii
696 2569 843 2641 principis,
860 2586 877 2624 a
927 2568 1100 2622 Francorum
1115 2566 1222 2637 potitus
1236 2569 1288 2621 est.

56 2660 241 2731 ierosolymis
255 2661 402 2729 remeavit,
418 2665 447 2717 et
458 2661 615 2719 beatissimi
633 2662 771 2735 Stephani
791 2663 877 2734 primi
963 2661 1016 2715 heo
1031 2659 1114 2714 annis
1135 2676 1200 2714 nvn.
1221 2660 1269 2713 llic
1289 2676 1340 2730 pro
1358 2664 1435 2714 tomo
1453 2660 1677 2718 chalcedonensi
1690 2680 1742 2734 per

57 2753 192 2825 martyris
207 2755 354 2826 reliquias,
368 2771 433 2827 quie
448 2755 478 2811 in
491 2755 608 2811 basilica
625 2756 721 2812 Sancti
734 2756 876 2811 Laurentii
925 2753 1089 2809 universum
1106 2753 1206 2808 orbem
1222 2752 1341 2825 siugulis
1359 2754 1584 2809 orthodoxorum
1603 2755 1742 2827 episcopis

58 2847 158 2918 positae
177 2851 363 2918 venerantur,
388 2864 485 2904 secum
504 2848 615 2904 detulit.
641 2850 718 2905 Bleta
739 2854 768 2904 et
791 2850 877 2904 Attila
927 2846 1051 2919 singulas
1074 2852 1321 2919 consonantesque
1344 2847 1420 2901 misit
1444 2848 1588 2920 epistolas,
1613 2850 1681 2919 quid
1703 2849 1739 2904 de

56 2940 168 3009 fratres,
185 2941 344 2997 multarum
362 2943 491 3014 gentium
512 2958 608 3014 reges,
623 2942 766 3015 lllyrieum
786 2944 875 2999 Thra·
926 2940 1028 2997 eodem
1044 2943 1123 2996 torno
1139 2940 1277 2995 sentirent
1291 2940 1408 2994 rescribi
1423 2941 1478 2995 sibi
1492 2942 1649 3012 postulans.
1666 2944 1742 3007 Ouo·

57 3033 188 3107 uiamque
203 3035 373 3107 depopulati
386 3040 463 3091 sunt.
886 3051 990 3138 crum
1006 3035 1078 3089 adeo
1094 3033 1279 3089 consonantia
1294 3033 1328 3089 de
1341 3050 1409 3088 vere
1422 3034 1524 3089 Christi
1543 3034 1740 3092 incarnatione

58 3128 122 3184 xxi.
151 3132 333 3200 lmpcratores
360 3134 485 3187 Bouiani.
516 3132 671 3187 lnuosioues
701 3132 875 3202 Aetolorum,
928 3128 1052 3199 suscepit
1066 3128 1197 3184 omnium
1211 3127 1358 3199 rescripta,
1373 3127 1439 3181 acsi
1451 3144 1506 3182 uuo
1520 3131 1660 3201 ternpore,
1676 3147 1743 3185 uno

90 3225 235 3280 &ieonum
271 3224 500 3296 Francorumque.
542 3226 677 3280 menone
714 3227 877 3281 Frenmrum
928 3238 983 3294 qne
996 3222 1130 3290 dictante,
1145 3221 1265 3276 fuissent
1278 3219 1592 3295 universaeonscripta.
1610 3222 1741 3279 Theodo-
1781 3294 1784 3301 Ι

95 3320 184 3385 noni.
928 3331 976 3369 rus
989 3315 1135 3386 episeopus
1148 3313 1279 3382 civitatis,
1294 3330 1358 3385 quoe
1377 3331 1394 3368 a
1413 3314 1485 3385 Cyro
1502 3331 1571 3386 rege
1591 3316 1742 3371 Persarum

92 3409 254 3467 Marcianus
272 3415 302 3468 et
323 3413 547 3480 Valentinianus,
568 3413 650 3467 anuis
670 3429 715 3468 vn.
730 3413 805 3467 Gens
819 3414 876 3468 An·
928 3408 1044 3464 condita
1056 3409 1145 3480 Cyl-im
1165 3423 1273 3463 nomen
1296 3407 1389 3474 habet,
1404 3407 1502 3462 scribit
1516 3408 1551 3463 de
1573 3425 1638 3465 vera
1652 3409 1743 3464 incar-

61 3505 173 3577 glorum
194 3505 254 3561 sire
277 3505 440 3575 Saxonum,
463 3505 640 3561 Britanniam
667 3505 757 3561 tribus
782 3506 878 3577 longis
929 3502 1043 3557 untione
1066 3501 1176 3557 Domini
1198 3501 1349 3556 Salvatoris
1371 3501 1505 3556 adversus
1532 3503 1689 3573 Eutychem
1715 3508 1744 3557 et

61 3599 177 3654 nasibus
197 3599 357 3655 advehitur.
379 3598 487 3664 Quibus
512 3598 580 3654 dum
603 3600 659 3654 iter
676 3603 877 3672 prosperatum
928 3596 1094 3650 Blascorum
1116 3594 1293 3649 Alexandriae
1315 3595 1493 3666 episcopum,
1513 3596 1560 3666 qui
1586 3596 1743 3650 humanans
1792 3588 1797 3597 '

62 3693 234 3748 domitama
256 3693 386 3761 referret,
405 3693 531 3748 mittitur
549 3692 688 3749 exercitus
705 3691 876 3764 fortiorqui,
928 3689 957 3744 in
986 3688 1097 3744 Christo
1123 3704 1239 3743 carrium
1267 3690 1384 3757 negant.
1407 3687 1523 3757 Scripsit
1542 3693 1570 3742 et
1593 3690 1742 3743 Historiam

59 3787 162 3857 junctis
190 3787 351 3860 prioribus,
379 3786 472 3858 primo
499 3788 596 3843 hostes
619 3803 692 3859 quos
717 3786 879 3858 patiebatur
928 3783 1143 3838 Ecclesiastieem
1170 3781 1265 3835 allnc
1290 3779 1428 3834 librorum
1449 3779 1562 3834 Eusebii
1589 3796 1679 3852 usque
1707 3780 1741 3834 ad

62 3881 166 3954 abigit3
182 3881 291 3937 deinde
304 3881 333 3935 in
348 3881 438 3936 socios
451 3897 530 3935 arma
543 3885 669 3948 vertens,
684 3885 775 3935 totam
787 3896 878 3952 prope
928 3892 1010 3930 suum
1033 3881 1156 3946 tempus,
1179 3873 1208 3928 id
1228 3878 1270 3929 est
1291 3888 1381 3945 usque
1404 3873 1440 3928 ad
1462 3873 1617 3944 imperium
1641 3874 1742 3930 Leonis

62 3974 185 4030 insulam
205 3975 242 4030 ab
261 3974 396 4029 orientali
420 3974 481 4045 ejus
500 3990 590 4046 usque
614 3973 650 4028 ad
672 3973 877 4029 occidentalem
929 3969 1023 4041 hujus,
1040 3968 1161 4040 subque
1178 3971 1206 4023 et
1221 3970 1416 4022 mortuusest.

61 4067 120 4139 igni
133 4069 179 4125 rel
193 4084 262 4124 ense
277 4067 399 4139 subigit;
423 4068 542 4122 conficte
561 4067 717 4135 occasione,
735 4066 811 4139 quod
827 4083 878 4138 pro
965 4063 1112 4132 Victorius,
1125 4061 1245 4133 jubente
1266 4077 1337 4132 papa
1359 4060 1473 4129 Hilario,
1488 4061 1601 4133 scripsit
1622 4061 1743 4117 Pascha-

61 4179 89 4219 se
103 4162 297 4218 militantibus
313 4162 444 4217 Britonee
464 4159 558 4217 miuus
577 4160 753 4216 sufficienter
767 4160 877 4232 stipen·
928 4157 985 4211 lem
1001 4155 1139 4211 circulum
1154 4158 1205 4210 632
1219 4170 1372 4209 annorum.

63 4256 106 4315 d'u
119 4256 235 4313 darent.
965 4251 1059 4304 Zenon
1078 4249 1160 4304 annis
1176 4264 1241 4304 xvir.
1263 4248 1372 4319 Corpus
1395 4247 1533 4303 Barnabae
1556 4249 1688 4321 apostoli,
1713 4253 1743 4304 et

93 4352 217 4408 loannes
239 4349 366 4422 Baptista
382 4349 493 4405 duobus
513 4348 658 4405 monachis
678 4347 877 4418 orientalibus,
929 4344 1114 4414 Evangelium
1133 4341 1256 4398 ldatthoei
1276 4340 1338 4412 ejus
1357 4342 1429 4413 stylo
1450 4342 1598 4414 scriptum,
1618 4343 1679 4413 ipso
1698 4359 1741 4397 re-

63 4446 107 4518 qui
133 4443 170 4501 ob
197 4444 359 4501 orationem
388 4448 526 4499 venerant
551 4443 766 4514 lerosolymam,
794 4429 917 4514 eaputD
929 4438 1051 4507 velante,
1066 4436 1218 4508 reperitur.
1229 4434 1367 4504 Odoaeer,
1382 4451 1429 4490 rer
1442 4435 1609 4504 Gothorum,
1623 4437 1743 4491 ltomum

66 4556 144 4595 mum
165 4540 252 4611 juxta
270 4536 389 4593 Herodis
411 4536 558 4609 quondam
585 4537 661 4609 regis
682 4535 879 4591 habitaculum
929 4530 1062 4600 obtinuit,
1079 4545 1165 4602 quam
1180 4546 1212 4584 ex
1228 4545 1261 4584 eo
1275 4536 1404 4600 tempore
1420 4527 1527 4583 diutius
1541 4543 1643 4583 eorum
1659 4545 1742 4600 reges

65 4636 186 4703 reuelat3
205 4632 283 4705 quod
305 4631 441 4704 deinceps
462 4631 601 4687 Emissam
617 4629 769 4686 Phoenicia¹
784 4630 877 4700 perla-
931 4629 1059 4680 tenuere.

64 4732 135 4796 tum,
149 4732 179 4784 et
189 4726 279 4799 digno
293 4725 402 4781 honore
416 4724 525 4780 cultum
539 4729 592 4780 est.
964 4719 1073 4774 llortuo
1093 4715 1264 4772 Theoderico
1282 4715 1382 4771 Triarii
1404 4713 1474 4782 filio,
1493 4714 1566 4770 alius
1583 4715 1741 4772 Theodori·

97 4818 220 4876 Heresis
243 4818 399 4891 Pelagiuna
429 4818 632 4874 Britannorum
657 4815 743 4872 tidem
772 4815 878 4872 turbat.
929 4830 978 4870 eus
997 4814 1186 4883 cognomento
1208 4810 1339 4864 valamer
1358 4808 1515 4863 Gothorum
1534 4809 1658 4881 suscepit
1677 4825 1741 4883 reg-

64 4912 112 4980 Bui
142 4932 161 4971 a
186 4911 340 4970 Gallicanis
367 4912 507 4985 episeopis
535 4910 673 4968 auxilium
699 4912 878 4983 querentes,
930 4923 1002 4962 num
1017 4905 1066 4979 qui
1080 4907 1232 4976 utramque
1246 4901 1440 4959 Macedoniam
1455 4902 1683 4975 Thessaliamque
1699 4903 1745 4960 de·

65 5009 242 5066 Germanum
268 5005 524 5063 Autissiodorensis
548 5005 680 5062 Ecclesia
704 5003 879 5076 episcopum,
930 5001 1081 5074 populatus
1097 5004 1147 5068 est,
1164 5001 1193 5054 et
1211 4996 1337 5069 plurima
1356 4995 1445 5067 regiae
1463 4996 1585 5052 civitatis
1602 4997 1664 5052 loca
1677 4997 1743 5069 igue

65 5104 217 5176 ethupum
234 5099 411 5158 Trecassium
431 5115 514 5171 aeque
532 5098 697 5172 apostolicae
717 5097 817 5170 gretie
829 5113 879 5152 an·
931 5093 1120 5161 succendens,
1135 5090 1243 5147 ltaliam
1257 5105 1370 5162 quoque
1386 5088 1505 5145 infestus
1520 5089 1676 5159 occupavit.
1689 5091 1744 5145 llu-

65 5196 183 5255 tistitem
200 5192 268 5252 fldei
287 5194 449 5250 defensores
470 5192 622 5264 accipiunt.
638 5191 770 5263 lnsignes
783 5193 880 5246 autem
931 5187 1044 5243 noricus
1057 5203 1104 5242 rex
1121 5184 1309 5240 vandalorum
1322 5183 1451 5253 arianus,
1463 5183 1493 5238 in
1508 5183 1600 5238 Africa
1610 5183 1744 5238 exsulatis

12 5318 15 5329 ·
66 5286 180 5348 homini
192 5288 309 5345 athletae
323 5287 411 5343 fidem
421 5286 508 5343 verbo
520 5285 648 5342 veritatis
658 5283 744 5340 simul
757 5289 786 5341 et
799 5282 881 5338 mira·
931 5280 1132 5352 diffugatisque
1153 5279 1218 5350 plus
1242 5293 1329 5350 quam
1352 5279 1404 5333 aad
1424 5275 1563 5348 episeopis
1582 5276 1742 5345 Catholicis,

67 5385 196 5442 saloim
209 5381 300 5455 signis
311 5380 495 5450 confirmant,
510 5379 561 5435 sed
576 5382 606 5435 et
617 5378 724 5436 bellum
739 5377 882 5433 &aenum
932 5374 1066 5432 ecclesias
1079 5388 1179 5430 eorum
1195 5372 1307 5441 clausit,
1323 5371 1461 5443 variisque
1474 5369 1586 5441 plebem
1599 5370 1745 5442 suppliciis

66 5478 270 5551 Boiorumque
286 5474 418 5532 adversus
437 5474 565 5530 Britones
582 5490 616 5530 eo
636 5477 766 5544 tempore
776 5469 883 5544 junctis
932 5468 1043 5538 alleeit3
1069 5473 1097 5523 et
1120 5466 1237 5538 quidem
1257 5465 1418 5521 innumeris
1439 5479 1541 5520 manus
1562 5462 1744 5535 abscindens,

66 5574 173 5632 ritibus
188 5573 357 5645 susceptum
374 5569 471 5626 divina
490 5569 596 5625 virtute
615 5566 784 5624 retundunt.
798 5566 881 5632 Nam,
931 5564 1046 5637 linguas
1068 5559 1207 5633 precidit,
1227 5575 1280 5616 nee
1304 5561 1401 5616 umen
1425 5557 1571 5632 loquelam
1593 5556 1746 5616 Catholicae

68 5684 130 5730 uam
151 5668 317 5727 Germanus
338 5664 399 5739 ipse
422 5664 481 5721 dux
507 5658 576 5720 belli
600 5655 702 5732 factus,
728 5676 786 5718 nou
807 5658 884 5718 tuba
933 5654 1120 5716 confessionis
1133 5655 1244 5728 eripere
1258 5654 1363 5726 potuit,

67 5764 215 5849 clangore,
241 5761 291 5820 sed
314 5761 438 5819 elamore
464 5759 605 5824 Alleluia,
631 5756 718 5814 tetius
744 5754 884 5814 exercitus
970 5751 1109 5825 Britones,
1138 5749 1210 5808 duce
1240 5748 1390 5807 Ambrosio
1414 5747 1586 5822 Aureliano,
1602 5744 1669 5802 uiro
1691 5761 1758 5805 mu·
