3750 6046
51 214 124 271 iili
728 216 871 275 emieat
886 243 922 257 -
940 215 1004 272 utu.
1023 214 1058 271 u.
1665 204 1734 262 it'ld

336 292 529 399 casianum
544 343 587 398 lx.
682 348 685 354 '
881 340 1024 428 Apliaem
1038 336 1185 409 deitatem,
1202 335 1338 410 quoniam
1352 334 1396 390 his
1409 333 1457 407 qui
1468 330 1671 404 suntejusdem
1684 347 1731 385 na·

50 440 133 510 meos
156 445 238 498 Pater
259 447 286 499 et
310 445 395 499 Filius
418 452 444 501 et
465 446 585 517 spirtum
608 454 717 504 sanctus
741 463 794 504 mn
814 450 870 504 sim
920 439 1000 503 tura,
1015 433 1148 490 convenit
1164 432 1252 488 etiam
1267 430 1394 503 ejusdem
1409 427 1602 485 divinitatiset
1614 424 1732 481 honoris

88 524 225 591 defection
246 527 367 588 aomina,
391 527 438 582 sed
458 529 634 598 srrffioientia,
653 530 760 584 nullam
773 530 868 584 remis·
918 528 1059 598 identitas,
1074 527 1152 600 quod
1161 526 1239 598 apud
1251 528 1372 593 Graecas,
1388 524 1461 579 sicut
1468 538 1522 594 ego
1536 524 1618 593 puto,
1628 518 1733 575 dicitur

89 605 193 659 sionem
217 606 260 661 cel
281 608 487 663 minorationem
510 610 656 664 seeundum
689 610 869 665 substantiam
918 630 1040 695 amur„
1056 614 1731 691 Ne,d0021Chrjsrpan0„„0,4m‚messorium

87 687 286 756 sspnsaoonua.
920 717 1040 773 deorum
1060 716 1192 785 cultores,
1218 715 1269 771 sod
1282 720 1429 785 amantem,
1447 711 1477 768 id
1498 717 1542 767 est
1574 708 1658 766 unius
1681 705 1733 764 Dei

90 798 154 853 «Et
172 797 322 854 sciendum
342 800 420 871 quod
443 802 527 856 Pater
548 802 577 858 et
595 800 681 857 Filius
694 804 723 858 et
747 802 870 875 Spiritus
919 812 1051 880 cultores,
1072 809 1127 866 dici
1142 815 1170 867 et
1185 825 1255 865 esse.

48 897 167 948 sanetus
180 909 362 966 nequaquam
377 898 443 949 sunt
458 896 578 951 nomina
593 896 740 967 defectiva,
757 900 788 952 nt
801 897 870 969 quia
1206 920 1396 979 cppppflfflffi
1415 919 1446 973 x,

47 987 137 1042 Pater
148 1003 205 1042 nan
215 993 258 1043 est
273 989 369 1056 Filius,
383 1004 435 1045 nec
450 989 570 1062 Spiritus
583 997 706 1060 sanctus,
721 991 750 1046 in
764 992 819 1048 hoc
834 992 870 1047 sit
919 1028 996 1098 Quod
1015 1027 1134 1098 spirim
1146 1032 1258 1082 mmm
1278 1040 1363 1095 nequ,
1383 1022 1530 1078 secundum
1552 1019 1734 1075 ,Mamm

50 1080 204 1151 deficiens;
221 1087 249 1138 et
261 1084 327 1156 quia
341 1083 427 1139 Filius
441 1101 496 1139 non
517 1088 560 1140 est
572 1087 664 1154 Pater,
680 1102 732 1143 nee
750 1086 870 1159 Spiritus
954 1124 1016 1180 qua,
1027 1109 1173 1164 communi,
1194 1112 1241 1173 επ,
1260 1120 1344 1175 mque
1355 1103 1503 1161 ,genapum
1514 1115 1660 1171 personam
1673 1114 1734 1169 qum

49 1182 180 1246 sanetus,
193 1177 228 1231 sit
242 1180 271 1232 et
283 1178 342 1249 ipsa
357 1178 386 1233 in
407 1179 461 1234 hoc
477 1179 629 1249 deficiens3
650 1187 678 1237 et
689 1181 758 1253 qnia
778 1182 868 1254 Spiri-
954 1190 993 1246 ad
1014 1205 1040 1245 so
1055 1189 1166 1252 dieitur,
1189 1187 1237 1244 sert
1250 1186 1396 1242 seaursdam
1413 1184 1571 1240 relationem
1583 1181 1731 1253 procedent

49 1277 99 1327 tus
112 1274 228 1327 sanctus
239 1288 297 1327 non
321 1278 363 1329 est
375 1274 468 1343 Peter,
482 1291 536 1330 nco
549 1280 591 1330 est
605 1275 699 1345 Filius,
711 1276 747 1331 sit
767 1282 795 1332 et
807 1276 868 1349 ipse
955 1272 1068 1327 dicitur.

49 1367 208 1439 quoquein
223 1367 276 1422 hoe
290 1367 426 1423 delleiens
443 1385 449 1424 :
467 1368 516 1423 sod
533 1373 598 1424 sunt
613 1370 730 1426 nomina
744 1370 868 1426 indeiec·
956 1396 970 1426 u
991 1374 1071 1440 Quod
1094 1378 1190 1429 autem
1209 1370 1404 1444 interrogasti,
1425 1372 1523 1425 utrum
1546 1365 1668 1439 Spiritus
1693 1380 1735 1420 se·

49 1462 110 1516 tiva
133 1464 163 1516 et
174 1460 353 1530 sufficientia,
371 1462 479 1518 nullam
495 1464 691 1519 remissionem
706 1466 749 1520 rel
776 1465 868 1520 mino·
918 1470 1046 1526 eundum
1064 1484 1128 1524 eam
1142 1483 1207 1539 qum
1222 1464 1383 1522 eommunis
1402 1468 1453 1531 est,
1470 1460 1671 1528 suostantiam,
1686 1462 1737 1515 aul

47 1556 193 1611 rationem
203 1556 359 1611 seeundum
374 1556 559 1613 substantiam
574 1558 773 1631 significantia.
795 1559 868 1614 Dici·
918 1564 1075 1621 secundum
1095 1578 1161 1618 eam
1177 1577 1241 1634 quaa
1261 1559 1395 1615 distincta
1416 1565 1445 1613 et
1461 1555 1579 1629 propria
1593 1560 1646 1621 est,
1667 1569 1736 1627 per·

47 1665 117 1705 mus
129 1652 225 1704 autem
240 1650 315 1706 hunc
329 1652 450 1719 Patrem,
471 1651 547 1707 huna
558 1658 656 1709 nutem
671 1654 869 1722 Filium,huuo
919 1675 1019 1716 aonam
1040 1656 1197 1729 procedens
1219 1654 1328 1710 dicatur
1347 1670 1354 1710 :
1371 1651 1408 1708 ad
1429 1652 1484 1707 hoc
1501 1650 1540 1707 ite
1559 1647 1734 1722 responden·

49 1746 151 1798 autem
166 1743 300 1815 Spiritum
312 1749 452 1813 sanatum,
469 1746 708 1802 ntinconiusibite
722 1747 869 1821 trinmhy-
880 1741 908 1813 B
919 1754 988 1810 dum
1004 1769 1011 1807 ;
1026 1751 1147 1824 Spiritus
1165 1754 1278 1805 sanctus
1297 1744 1543 1803 consubstantialis
1560 1746 1604 1799 est
1618 1741 1694 1797 Petri
1708 1744 1737 1797 et

48 1842 213 1910 postaseon,
236 1838 264 1893 id
289 1841 331 1893 est
356 1855 544 1912 personarum
570 1841 744 1897 custodiatur
763 1842 791 1897 in
812 1859 869 1898 una
919 1848 1008 1915 Pilio,
1033 1845 1140 1918 quippe
1166 1860 1201 1899 ex
1229 1842 1332 1899 eadem
1357 1844 1387 1897 et
1415 1856 1473 1895 non
1496 1837 1551 1894 alia
1577 1834 1738 1892 substantia

48 1935 157 1987 nalum
172 1935 201 1986 ὓῑ
216 1931 302 2003 dittssss
316 1932 431 1988 delltle·
454 1933 589 1999 Quamvis
609 1938 715 2005 aulem,
737 1951 801 1990 cum
824 1936 867 1991 di·
919 1947 970 2009 est,
986 1939 1054 2013 quia
1074 1939 1145 1995 sieut
1159 1938 1214 1994 illis
1229 1941 1272 1992 est
1294 1950 1459 2000 commune,
1487 1938 1519 1989 ut
1539 1932 1597 1988 sint
1614 1946 1690 1986 unus
1708 1934 1739 1985 et

48 2030 158 2082 cuntur
169 2030 225 2081 tras
239 2041 378 2097 personas,
392 2029 474 2082 Pater
487 2033 515 2083 et
528 2028 650 2083 Filiuset
662 2029 784 2100 Spiritus
793 2046 869 2085 sana·
918 2035 995 2091 idem
1008 2035 1099 2102 Deus3
1116 2033 1156 2089 ita
1167 2031 1224 2088 illis
1248 2034 1291 2087 ost
1311 2044 1473 2097 commune,
1488 2031 1520 2083 m
1542 2027 1600 2082 sint
1613 2042 1670 2082 uns
1685 2040 1736 2081 es·

47 2125 109 2191 tus,
122 2119 204 2191 juxta
226 2136 329 2175 uocum
349 2120 588 2192 significationem
602 2122 751 2194 pluralitas
772 2139 867 2195 perso·
919 2129 1042 2200 demque
1065 2127 1231 2183 substantia,
1254 2126 1387 2180 Attamen
1405 2139 1458 2178 nee
1482 2121 1642 2178 secundum
1666 2118 1734 2175 sub-

48 2230 156 2270 nflffltn
184 2220 313 2271 ⁰⁰0⁰er
341 2215 511 2285 intellectus,
538 2222 636 2272 lamen
669 2217 762 2272 unitas
793 2218 868 2288 ejtls·
919 2223 1062 2290 stantiam,
1076 2238 1128 2276 nee
1141 2219 1299 2276 secundum
1313 2233 1476 2291 personam,
1493 2222 1542 2272 ant
1554 2217 1637 2270 Pater
1652 2213 1733 2285 inge·

49 2308 121 2365 dem
147 2308 274 2364 essentia
285 2326 302 2364 a
315 2308 371 2364 tide
384 2316 412 2367 et
431 2310 576 2365 intellectu
594 2315 669 2366 recte
691 2310 869 2367 credentium
919 2317 1005 2385 nitus,
1021 2322 1070 2371 aut
1093 2314 1178 2370 Pilius
1202 2314 1326 2386 genitus,
1341 2314 1391 2368 eut
1404 2310 1524 2383 Spiritus
1539 2314 1654 2365 sanctas
1668 2323 1735 2380 pra·

49 2420 112 2460 non
125 2402 210 2460 debet
222 2403 330 2460 abesse·
348 2405 382 2459 Et
396 2421 460 2459 cum
474 2404 577 2459 dicitur
590 2407 755 2475 unuslleua
770 2422 869 2478 quam·
919 2411 1022 2467 cedens
1032 2409 1147 2466 dicitur.
1163 2408 1192 2464 Si
1208 2408 1284 2463 enim
1298 2407 1455 2463 secundum
1476 2402 1736 2474 substantiamque

48 2497 628 2569 vissingularitarunitasdivinaeessentiae
637 2500 793 2555 seeundum
804 2517 868 2572 pro·
920 2521 1009 2560 unum
1020 2507 1096 2573 sunt,
1120 2504 1204 2559 Pater
1216 2501 1370 2574 ingenitus,
1384 2502 1413 2555 et
1428 2499 1515 2554 uilius
1529 2497 1672 2553 diceretur
1683 2511 1736 2568 ge-

50 2594 147 2665 priam
162 2594 237 2649 vacis
251 2593 489 2666 significationem
504 2599 635 2649 oaorirrat
647 2595 776 2650 humano
788 2595 871 2650 intel·
919 2599 1007 2669 nitus,
1022 2603 1052 2654 et
1064 2597 1186 2670 Spiritus
1200 2600 1312 2652 seruatus
1323 2594 1466 2650 diceretur
1479 2591 1655 2665 procedens;
1670 2593 1738 2645 tune

49 2687 152 2756 lecini,
167 2687 216 2761 qni
238 2688 267 2743 in
292 2703 321 2743 sa
343 2689 438 2743 minus
460 2692 503 2743 est
526 2688 579 2743 sibi
601 2689 756 2756 sufficiens,
773 2695 869 2745 tamen
919 2694 1018 2767 utique
1032 2695 1115 2748 Pater
1136 2690 1294 2747 secundum
1315 2687 1450 2745 eamdem
1469 2700 1653 2743 communem
1668 2684 1733 2741 sub·

51 2783 175 2856 pluritas
185 2798 372 2854 personarum
386 2799 567 2855 nequaquam
580 2783 665 2839 dehet
679 2782 777 2840 abesse
787 2801 804 2840 a
814 2784 869 2839 tide
919 2785 1240 2859 stantiamingenitusat
1249 2784 1364 2857 genitus
1376 2782 1530 2850 diceretur,
1542 2783 1572 2836 et
1578 2778 1737 2853 procedens

52 2882 83 2932 et
99 2877 245 2932 intellectu
259 2882 335 2932 recte
350 2876 529 2932 credentium
544 2894 550 2933 :
568 2878 607 2932 ita
619 2881 651 2933 nt
664 2877 693 2933 in
708 2880 793 2934 corde
807 2895 869 2934 ore·
920 2882 1062 2938 diceretur
1073 2897 1080 2936 ε
1093 2881 1170 2935 etita
1181 2878 1264 2935 tieret
1273 2877 1488 2950 quaedamnova
1499 2878 1527 2930 et
1537 2876 1740 2930 contusaoom·
1776 2934 1779 2939 ,

53 2971 159 3026 damus
173 2977 201 3027 at
213 2988 262 3026 ore
286 2971 474 3027 conliteamur
494 2972 634 3028 unitatem
649 2972 786 3028 indicina
803 2974 869 3029 sub·
921 2976 1016 3032 mistio
1028 2974 1148 3047 ingeniti
1158 2978 1186 3030 et
1200 2972 1291 3046 geniti
1301 2976 1329 3028 at
1341 2970 1542 3044 procedentis;
1560 2984 1736 3041 quacunque

51 3066 169 3136 stantia,
195 3066 269 3121 salua
290 3082 474 3138 personarum
499 3066 635 3134 trinitate,
661 3070 690 3123 et
714 3068 870 3123 trinitatem
881 3114 908 3188 C
921 3072 999 3127 enim
1023 3071 1059 3126 de
1078 3069 1173 3125 divina
1195 3067 1353 3123 substantia
1370 3063 1527 3122 secundum
1548 3063 1739 3119 substantiam

52 3177 249 3233 personarum,
273 3161 350 3215 salva
365 3162 473 3216 unitate
489 3160 592 3215 divina
614 3161 754 3217 essentiae.
779 3163 812 3217 Et
831 3162 871 3217 sie
921 3166 1065 3232 dicuntur,
1080 3181 1114 3220 ea
1133 3163 1223 3219 tribus
1238 3165 1350 3234 oportet
1365 3176 1426 3217 esse
1437 3158 1611 3215 communia.
1625 3158 1653 3215 Si
1667 3173 1737 3229 ergo

52 3259 185 3311 nostrum
207 3271 297 3309 cunum
322 3271 378 3309 non
395 3256 431 3311 sit
448 3255 649 3325 Sabellianurn,
672 3256 719 3311 sad
740 3256 872 3311 Chn'stia-
922 3259 1080 3315 secundnm
1103 3258 1293 3314 substantiam
1312 3256 1454 3311 dicaretur
1478 3254 1559 3309 Pater
1582 3251 1737 3325 ingenitus,

52 3366 137 3417 num,
154 3366 207 3405 nac
230 3349 266 3403 sit
288 3349 317 3403 in
337 3366 525 3421 personarum
550 3349 669 3405 contusa
686 3350 805 3418 unitate,
821 3350 871 3405 sed
921 3359 948 3410 et
964 3353 1050 3410 Filius
1064 3352 1187 3425 genitus,
1203 3357 1230 3407 et
1242 3350 1363 3423 Spiritus
1378 3356 1492 3405 sanctus
1506 3347 1675 3420 procedens,
1689 3344 1739 3401 tri·

55 3444 94 3499 sit
109 3444 137 3499 in
163 3460 231 3499 uera
245 3447 275 3498 et
286 3444 409 3516 simplici
422 3445 550 3515 ejusdem
565 3444 733 3499 substantie
746 3444 869 3500 unitate.
921 3449 973 3505 hus
983 3448 1081 3519 utique
1092 3447 1176 3502 simul
1183 3449 1327 3518 oporteret
1335 3444 1433 3499 omnia
1441 3460 1502 3499 essa
1509 3441 1688 3506 eommunia3
1699 3440 1739 3494 ita

53 3540 90 3593 Et
102 3538 202 3593 itidem
232 3541 359 3593 nostrum
381 3542 434 3594 tres
458 3538 567 3593 nonsit
593 3537 869 3607 arianum,sedCa-
921 3542 1000 3615 quod
1012 3542 1094 3597 Pater
1107 3540 1250 3596 diceretur
1265 3538 1352 3594 simul
1365 3538 1510 3609 ingenitus
1524 3542 1552 3592 et
1567 3535 1681 3608 genitus
1709 3536 1739 3587 st

54 3632 205 3699 tholicum,
220 3648 273 3687 nee
288 3631 325 3687 sit
344 3632 371 3686 in
386 3631 611 3687 substantiarum
627 3633 800 3705 pluralitate,
820 3632 871 3688 sed
921 3636 1090 3709 procedens,
1104 3639 1132 3690 et
1145 3634 1230 3689 Filius
1243 3632 1375 3689 similiter
1384 3631 1529 3703 ingenitus
1542 3635 1570 3685 et
1583 3629 1697 3701 genitus
1708 3631 1738 3682 et

54 3727 84 3782 in
104 3742 288 3797 personarum
303 3729 380 3781 recta
402 3726 582 3781 distinetione
593 3744 601 3796 ;
627 3743 664 3781 ne
684 3727 726 3782 sel
749 3727 778 3781 in
802 3725 871 3781 illud
921 3730 1090 3803 procedens,
1100 3733 1129 3784 et
1144 3727 1265 3801 Spiritus
1279 3731 1392 3782 sanctus
1405 3724 1533 3781 similiter
1543 3723 1685 3779 diceretur
1697 3721 1740 3777 in·

54 3820 180 3888 Ariana,
197 3820 240 3875 vol
255 3822 283 3875 in
301 3820 371 3876 illud
389 3820 559 3876 Sabellianca
572 3821 725 3892 impietatis
736 3837 870 3892 promon-
923 3825 1037 3897 genitus
1059 3827 1088 3879 et
1111 3822 1224 3895 genitus
1243 3827 1272 3878 et
1288 3821 1461 3893 procedens:
1487 3818 1568 3874 etsie
1582 3816 1740 3889 pronimia

54 3913 367 3987 teriumimpiugentas
379 3914 407 3969 in
421 3915 565 3986 profunda
577 3914 698 3970 demersi
707 3931 870 3986 percamus,
923 3918 1091 3975 contusione
1112 3934 1166 3973 nec
1189 3931 1378 3989 personarum
1393 3913 1524 3970 distinata
1544 3911 1666 3981 trinitas,
1687 3927 1740 3968 nea

54 4010 105 4067 ubi
121 4009 203 4064 multi
216 4009 368 4080 periclitati
376 4011 451 4078 sunt,
466 4007 614 4064 etineeute
628 4009 793 4081 navigantes
804 4025 873 4064 nanu·
922 4013 1052 4086 ejusdem
1064 4012 1228 4068 substantia
1241 4010 1363 4066 indivisa
1375 4013 1464 4065 staret
1472 4007 1616 4063 identitas.
1632 4008 1739 4062 Rursus

54 4103 179 4175 fragium
195 4102 337 4158 haereticae
359 4102 551 4158 damnationis
565 4103 640 4175 passi
655 4107 720 4158 sunt
729 4121 738 4174 ;
756 4104 791 4159 do
815 4104 872 4160 tide
923 4109 947 4164 si
961 4107 1119 4162 secundum
1131 4106 1318 4162 substantiam
1333 4103 1477 4159 diceretur
1490 4101 1636 4175 ingenitus
1649 4105 1678 4157 et
1692 4117 1740 4173 ge·

54 4198 174 4271 quidem
187 4213 261 4268 saepe
275 4201 304 4252 et
318 4197 441 4253 multum
457 4197 646 4268 disputantes,
663 4198 710 4252 sed
726 4214 873 4271 nunquam
922 4202 998 4258 nitus
1012 4204 1039 4256 et
1060 4200 1231 4272 procedens,
1247 4203 1314 4255 tune
1338 4215 1402 4254 cum
1417 4197 1441 4252 is
1461 4196 1511 4269 qui
1525 4194 1671 4265 ingenitus
1683 4198 1738 4263 est,

53 4291 92 4347 ad
106 4291 172 4347 ssdei
183 4291 549 4363 pertingentesveritatem,
566 4292 634 4346 dum
650 4292 784 4363 ignorant
797 4298 826 4347 et
838 4309 873 4347 ea
922 4312 982 4352 non
1000 4294 1037 4349 sit
1059 4294 1081 4349 is
1096 4294 1145 4366 qui
1159 4293 1273 4366 genitus
1288 4297 1339 4361 est,
1360 4309 1412 4348 nee
1425 4291 1462 4346 sit
1475 4292 1498 4345 is
1518 4290 1567 4362 qui
1582 4289 1740 4362 procedens

53 4403 121 4459 quaa
135 4386 281 4457 loquutur,
309 4390 338 4441 et
352 4403 386 4442 ea
399 4387 434 4442 de
456 4386 558 4458 quibus
572 4386 727 4441 affirmant.
742 4386 823 4452 Quod
848 4386 870 4441 si
923 4395 980 4455 est;
996 4405 1049 4444 nee
1072 4388 1158 4460 isqui
1173 4387 1289 4458 genitus
1304 4390 1356 4457 est,
1371 4385 1408 4441 sit
1421 4385 1444 4439 is
1458 4385 1508 4457 qui
1521 4383 1668 4455 ingenitus
1683 4386 1736 4449 est,

53 4480 174 4537 humani
187 4480 326 4535 sermonis
338 4480 433 4552 inopia
446 4480 586 4552 potuisset
598 4479 764 4536 adinvenire
781 4496 870 4536 unum
880 4490 910 4563 D
922 4486 972 4538 aut
986 4483 1035 4554 qui
1048 4482 1206 4553 procedens
1220 4486 1280 4549 est;
1300 4496 1352 4536 nea
1362 4478 1386 4534 is
1398 4479 1447 4550 qui
1468 4476 1624 4549 procedens
1639 4479 1691 4543 est,
1702 4476 1741 4530 sit

53 4576 149 4631 solium
162 4592 280 4643 nouren,
296 4576 372 4646 qrsod
386 4580 452 4647 apte
467 4578 497 4629 et
509 4574 686 4630 sufficienler
698 4574 872 4646 signiticaret
895 4568 897 4573 ’
924 4577 1009 4648 isqui
1025 4576 1171 4648 ingenitus
1185 4578 1237 4643 est,
1259 4579 1308 4629 ant
1322 4573 1370 4645 qui
1391 4572 1505 4645 genitus
1522 4574 1565 4626 est
1581 4588 1587 4625 :
1604 4571 1667 4642 jam
1680 4585 1740 4626 nan

53 4671 84 4725 in
101 4672 157 4725 beo
169 4669 308 4724 unitatem
320 4669 493 4738 substantia,
517 4675 546 4725 et
558 4669 714 4725 trinitatem
733 4685 871 4741 persona·
922 4688 982 4727 uina
1004 4673 1118 4726 tantum
1131 4668 1298 4736 substantia,
1318 4667 1368 4723 sed
1380 4670 1438 4721 tres
1452 4666 1490 4722 ibi
1506 4665 1626 4721 diversae
1643 4669 1740 4720 esseut

53 4781 131 4834 rum,
146 4770 174 4819 et
189 4764 241 4818 hac
255 4764 341 4835 plena
351 4780 384 4819 aa
398 4763 871 4833 suiticieutiintolleat113nimirum
921 4765 1097 4833 substautias,
1119 4762 1277 4820 secuudum
1289 4777 1362 4835 quas
1375 4760 1412 4815 ab
1426 4760 1548 4816 inuicem
1559 4758 1737 4826 ditteuentes,

53 4858 179 4914 Ecclesia
195 4857 244 4913 Dei
258 4874 440 4931 nequaquam
464 4859 534 4914 adeo
548 4857 694 4914 laboraret
708 4858 737 4912 in
750 4856 871 4914 dicendo
921 4860 1006 4916 atille
1021 4859 1176 4931 ingenitus,
1199 4861 1229 4913 ot
1240 4856 1292 4912 iste
1319 4854 1443 4928 genitus,
1469 4857 1498 4908 et
1512 4853 1558 4909 bie
1581 4851 1739 4925 procedens

54 4955 84 5008 et
99 4952 330 5025 credendaque·
350 4953 436 5009 toties
460 4952 609 5021 laboravit,
626 4954 716 5007 miulta
733 4952 819 5008 verba
834 4951 871 5007 de
919 4954 1079 5023 diceretur;
1107 4958 1136 5008 et
1156 4953 1197 5008 ita
1218 4952 1280 5023 jam
1293 4966 1349 5006 non
1365 4956 1492 5020 apotamo,
1503 4947 1532 5002 id
1544 4953 1587 5003 est
1610 4946 1738 5018 ejusdem

53 5049 111 5102 Deo
134 5047 192 5102 sive
211 5046 328 5102 nomina
350 5046 566 5103 multiformiter
589 5052 618 5103 et
643 5047 764 5104 fideliter
784 5062 868 5119 expo·
920 5048 1097 5115 substantias,
1113 5046 1164 5102 sed
1181 5052 1327 5118 ἐιερούσιον,
1344 5044 1371 5099 iu
1385 5047 1426 5099 est
1440 5042 1555 5098 alterius
1574 5040 1740 5097 substantias

52 5142 159 5199 ruenda.
176 5144 232 5198 Nec
256 5141 396 5197 tamenin
421 5142 479 5196 sola
493 5141 637 5196 nudorum
661 5142 823 5210 nominum,
840 5146 870 5197 et
917 5147 992 5198 esset
1005 5142 1136 5207 Trinitas,
1151 5157 1183 5195 ae
1200 5156 1251 5212 por
1269 5140 1321 5195 hoa
1345 5139 1375 5193 in
1397 5137 1487 5193 altero
1504 5136 1621 5209 quidem
1642 5134 1739 5192 eoniu-

50 5237 204 5293 serbarum
218 5235 404 5305 eoritessiona,
418 5236 469 5291 sed
483 5237 512 5291 in
532 5236 593 5307 ipsa
607 5236 745 5292 trinitatis
760 5242 790 5291 et
803 5236 867 5291 uui·
917 5237 959 5293 sia
975 5238 1004 5291 et
1017 5234 1175 5290 commistio
1191 5248 1378 5306 personarum
1394 5231 1425 5286 in
1443 5231 1633 5287 sabellianum
1647 5229 1731 5285 baua-

49 5333 117 5388 tatis
132 5348 212 5388 mera
236 5330 354 5385 veritate
368 5330 496 5385 consistit
517 5331 587 5385 fides
609 5330 778 5393 Christiana,
794 5333 823 5419 et
836 5330 868 5385 fit
916 5331 1014 5387 thrum
1027 5345 1079 5384 nos
1093 5328 1257 5402 projiceret,
1274 5327 1303 5383 in
1317 5325 1406 5383 altero
1419 5341 1487 5380 rere
1511 5323 1736 5380 substantiarum

49 5445 85 5483 ex
99 5428 162 5500 ipsa
182 5426 310 5493 veritate,
331 5442 389 5498 qua
411 5441 478 5480 vere
491 5440 564 5479 unus
581 5425 653 5480 Deus
667 5440 750 5479 verus
763 5429 814 5493 est,
839 5428 866 5480 et
915 5423 1063 5497 pluralitas
1085 5422 1115 5477 iu
1130 5421 1269 5478 arianum
1289 5419 1467 5493 protundum
1490 5435 1541 5474 nos
1564 5418 1730 5475 involverat.

48 5539 116 5578 vcra
131 5537 198 5577 uera
210 5521 321 5577 trinitas
335 5523 378 5576 est
397 5535 595 5591 personarum,
617 5534 685 5575 vera
698 5524 727 5576 et
746 5518 866 5575 salubris
916 5521 978 5575 Nan
991 5518 1080 5589 igitur
1092 5516 1250 5573 secundum
1275 5514 1464 5572 substantiam
1485 5513 1607 5586 Spiritus
1621 5518 1736 5568 sanctus

47 5616 187 5674 confessio
216 5631 391 5672 sermonum.
427 5618 526 5688 ltaque
553 5630 619 5669 cum
650 5614 755 5670 dieitur
783 5616 865 5670 Pater
915 5614 1019 5671 dicitur
1034 5612 1197 5686 procedens,
1215 5612 1282 5667 licet
1302 5610 1364 5682 eius
1377 5608 1523 5682 processio
1543 5608 1579 5663 sit
1601 5607 1731 5663 substau-

48 5715 131 5781 Deus,
156 5710 241 5766 Filius
257 5711 341 5778 Deus,
365 5709 484 5782 Spiritus
498 5711 610 5766 mactus
623 5710 706 5781 Deus,
723 5724 809 5766 nemo
823 5708 865 5766 ibi
913 5709 998 5767 tialis.
1013 5710 1102 5766 t’erre
1114 5707 1141 5764 si
1151 5706 1318 5765 seeundum
1325 5700 1628 5779 necessarissimas
1636 5700 1761 5785 sanetas

48 5805 190 5862 existimet
213 5812 393 5879 caesaream,
407 5804 439 5860 id
460 5807 504 5863 est
528 5809 586 5869 tres
599 5805 733 5883 deitates,
748 5805 795 5869 uel
817 5806 868 5868 tri·
919 5807 1070 5869 moeretur
1093 5805 1273 5885 precedens,
1292 5817 1360 5871 nen
1374 5796 1496 5876 minei,
1522 5789 1582 5845 aaa
1599 5782 1724 5837 antem
1739 5770 1801 5823 ιώ

1850 5862 1870 5987 p
