3750 6046
48 222 118 277 tatu

727 214 872 271 DthOGl.
887 243 921 254 -
940 213 1002 268 Llll.
1023 212 1070 268 ΙΙΙ.

1643 259 1645 262 .
1657 212 1725 266 1230

46 346 147 399 Fateor
171 358 224 413 ego
252 342 281 397 in
308 341 501 397 ecclesiasticis
527 340 605 395 libris
631 339 679 411 qui
705 340 782 410 apud
808 354 859 393 rios
870 337 999 428 Aletum
1030 349 1160 407 azymum
1192 333 1410 388 subtraxerunt?
1430 332 1497 397 Quis
1529 334 1583 388 hoc
1606 332 1726 388 credat?

46 442 123 503 sunt,
137 453 278 507 nusquam
295 436 430 507 scriptum
444 434 549 489 inveni.

83 531 216 585 Nechites
236 529 465 600 archiepiscopus
485 527 655 583 Nicomediae
675 525 744 582 dirit
765 526 860 582 :Sane

46 623 217 680 llelchiadcs
241 640 315 695 papa
339 623 455 677 natione
475 622 554 689 Ater,
579 620 740 687 constituit,
762 623 792 674 ut
814 618 860 672 die

47 718 196 773 Dominico
221 716 376 771 oblationes
399 719 513 770 sacmtm
532 731 582 786 per
602 714 732 769 ecclesias
749 728 781 767 ex
796 728 861 766 con-

46 814 158 866 secratu
177 810 303 881 episcopi
319 810 518 880 dirigerentur,
534 807 612 879 qnod
631 806 791 862 declaratur
808 805 861 860 lec

48 909 191 959 mentum.
208 906 241 958 Et
260 903 373 957 Siricins
390 919 462 973 papa
483 902 600 955 natione
618 903 773 965 Roniauus,
792 915 860 953 con·

48 998 180 1052 stitutum
194 996 270 1064 lecit,
285 999 317 1050 ut
336 996 428 1050 nullus
443 995 590 1066 presbyter
608 994 724 1048 missam
738 992 861 1046 celebra-

48 1096 95 1145 rot
109 1107 159 1161 pcr
173 1106 287 1144 omnem
301 1088 518 1155 hebdomadam,
531 1088 585 1141 nisi
598 1088 794 1142 consecratum
807 1084 863 1154 epi·

50 1183 129 1253 scopi
143 1183 196 1238 loci
210 1183 347 1253 designati
361 1182 515 1253 susciperet
528 1181 709 1245 declaratum,
726 1177 803 1249 quod
816 1194 863 1231 uo

48 1272 176 1326 minatur
187 1272 370 1326 termentum.
383 1269 411 1323 Si
422 1269 575 1323 auctoritas
588 1270 780 1324 Rornanorum
793 1282 863 1336 pon-

49 1365 160 1420 tillcnm
168 1364 297 1418 sufficere
309 1363 358 1417 tibi
369 1363 585 1417 videturcontra
594 1378 651 1429 nie,
660 1360 864 1431 dcbetqnoquc

50 1457 124 1512 milri
145 1458 276 1511 sulficere
292 1462 389 1510 contra
404 1459 442 1510 tc.
458 1457 496 1509 Tu
514 1455 630 1527 quidem
645 1454 780 1525 proponis
794 1453 865 1506 mibi

52 1551 141 1606 ritum
154 1550 331 1605 sacrificandi
343 1549 370 1603 in
384 1565 494 1620 azymo,
506 1566 590 1620 quem
605 1549 731 1603 Romana
744 1546 865 1603 Ecclesia

53 1648 132 1699 tenet
140 1645 202 1715 jam
216 1645 303 1714 longa
317 1642 536 1709 corisnetudine;
554 1659 608 1713 ego
622 1648 720 1695 autem
736 1657 866 1712 propono

909 428 975 494 Quis
995 429 1048 482 hoc
1068 425 1212 482 affirmare
1233 427 1356 482 audeat?
1368 426 1516 491 Orrourodo
1534 432 1652 497 possent
1665 443 1725 481 csse
1796 450 1801 463 ·

910 522 1018 593 praelati
1039 521 1182 589 catholici,
1197 521 1299 592 quibus
1319 537 1376 575 riou
1391 521 1641 575 ‚communicarent
1658 520 1724 575 sub-

910 614 962 671 diti
985 632 1065 686 aquo
1091 614 1246 671 Catholici?
1272 618 1327 669 Aut
1351 614 1496 684 quomodo
1523 620 1637 684 possent
1665 630 1725 668 esse

911 708 1015 763 subditi
1028 708 1167 775 catholici,
1184 708 1287 780 quibus
1302 724 1359 762 non
1376 708 1621 763 communicarent
1633 708 1726 780 ponti-

910 802 977 857 lices
991 818 1070 873 aeque
1091 801 1244 857 catholici?
1259 801 1409 865 Quomodo
1427 801 1490 855 talis
1508 800 1634 855 Ecclesia
1651 800 1728 871 juste
1801 864 1804 871 ¹
1846 814 1851 821 ·

911 895 966 950 dici
984 899 1077 966 posset
1098 894 1229 961 Ecclesia,
1251 895 1278 949 in
1300 912 1356 964 qua
1374 895 1449 948 nulla
1472 894 1655 965 prelatorum
1677 910 1728 948 son

911 989 1089 1043 subditorum
1110 988 1337 1043 communicandi
1356 992 1431 1042 essct
1452 988 1625 1043 concordia‘l
1638 988 1726 1051 Quiu-

912 1082 970 1136 imo
987 1081 1081 1152 potius
1101 1082 1275 1137 credendum
1295 1084 1375 1151 puto,
1389 1081 1474 1152 quod,
1492 1081 1565 1135 sicut
1584 1081 1650 1149 diri,
1666 1096 1727 1135 om·

914 1192 964 1229 nes
978 1174 1171 1229 indifferenter
1182 1175 1225 1228 nsi
1240 1180 1306 1228 sunt
1317 1175 1473 1245 antiquitus
1483 1190 1559 1229 nnnc
1573 1174 1727 1240 lermento,

914 1285 990 1323 nunc
1004 1284 1103 1338 azymo
1116 1269 1198 1338 juxta
1217 1267 1408 1338 praesidentis,
1426 1284 1474 1321 seu
1495 1266 1639 1322 oll'erentis
1657 1266 1731 1321 arbi·

913 1362 1013 1427 trium,
1043 1360 1154 1416 sublato
1183 1360 1260 1415 omni
1289 1361 1420 1415 scandalo
1447 1360 1729 1427 communicantium,

915 1455 973 1509 sire
992 1455 1164 1520 Graecorum,
1181 1454 1239 1507 sire
1259 1454 1436 1508 Latinorum.
1452 1454 1529 1509 Unde
1552 1454 1638 1508 etiam
1655 1453 1731 1509 intra

915 1564 1012 1603 muros
1024 1546 1207 1617 amplissima.
1229 1547 1326 1599 ltomm
1346 1546 1420 1617 apud
1441 1546 1557 1601 boatum
1576 1546 1731 1603 Caesarium

916 1640 1105 1712 congregatio
1133 1639 1342 1694 nionachornm
1369 1640 1530 1694 Graecorum
1561 1656 1649 1710 usquo
1679 1639 1732 1695 ho·

51 1738 103 1792 tibi
129 1738 269 1808 scriptum
292 1738 486 1790 Romanorum
508 1735 674 1806 pontificum
697 1752 730 1789 cx
751 1734 963 1814 antiquassdie
989 1737 1040 1800 cst,
1068 1738 1096 1787 et
1121 1732 1188 1786 loris
1215 1749 1312 1786 muros
1337 1732 1380 1786 ria
1408 1733 1507 1786 Latina
1531 1733 1562 1787 in
1589 1733 1733 1788 territorio

52 1831 192 1885 lermenti
208 1829 396 1883 institutione.
413 1828 441 1882 Si
461 1845 529 1900 orgo
548 1845 592 1883 mc
608 1829 718 1899 judicas
734 1833 868 1899 tauquam
918 1830 1058 1893 Romano,
1073 1827 1103 1880 in
1116 1827 1177 1881 loco
1194 1826 1242 1895 qui
1258 1825 1360 1880 dicitur
1379 1826 1483 1897 Crypta
1500 1826 1604 1895 lerrea,
1622 1831 1664 1880 cst
1678 1825 1734 1880 alia

51 1924 304 1995 pravaricatorem
320 1922 549 1989 consuetudinis,
561 1939 614 1992 ego
629 1920 869 1991 nihilominnsju-
919 1920 1103 1992 congregatio
1126 1919 1258 1973 similiter
1278 1920 1487 1974 monachorum
1500 1920 1670 1989 Graccornm,
1685 1919 1735 1990 qui

52 2016 317 2070 dicoteineodem
336 2020 472 2086 tanquam
494 2014 868 2086 praevaricatoremaposto-
920 2014 1028 2082 adhuc,
1054 2014 1126 2068 sicut
1154 2029 1219 2066 vcro
1248 2017 1428 2084 compertum
1456 2012 1557 2080 habeo,
1584 2013 1735 2068 fermenta·

51 2109 115 2165 lica¹
136 2108 331 2164 institutionis.
347 2109 464 2163 Gravius
480 2114 577 2164 autem
594 2114 623 2164 et
636 2110 701 2180 plus
717 2124 871 2179 prasump-
920 2114 982 2163 tum
1009 2108 1132 2162 olleruut
1156 2124 1163 2160 ι
1186 2109 1215 2161 et
1237 2107 1289 2160 hoc
1311 2107 1343 2160 lit
1368 2107 1428 2160 sinc
1454 2106 1586 2161 scandalo
1613 2107 1735 2161 Romani

52 2208 168 2258 tunsum
187 2202 334 2257 ollcndcre
354 2202 562 2256 institutionem
582 2218 667 2272 qnam
689 2200 868 2256 consuetudi·
920 2201 1071 2274 pontificis,
1087 2216 1137 2254 seu
1156 2199 1241 2254 etiam
1266 2216 1366 2254 corum
1386 2199 1550 2254 latinorum
1569 2199 1646 2254 inter
1662 2216 1734 2271 quos

54 2314 121 2351 nem
131 2313 137 2363 ;
149 2297 210 2351 haec
224 2296 301 2350 enim
311 2297 478 2350 auctoritate
491 2301 517 2351 ot
528 2295 616 2367 ipsius
630 2295 751 2351 auctoris
762 2295 870 2349 rationo
921 2295 1062 2361 habitant,
1084 2299 1112 2349 et
1131 2293 1234 2365 quibus
1254 2292 1531 2349 communicantibus
1544 2292 1596 2347 sibi
1610 2309 1736 2348 commu·

53 2391 180 2446 tenenda
198 2390 347 2461 probatur,
364 2389 411 2444 illa
430 2407 497 2444 vero
522 2391 582 2445 solo
604 2406 658 2443 usn
680 2389 871 2459 undecunque

54 2487 119 2539 orto
139 2487 284 2555 utcunque
301 2488 425 2538 tenetur.
441 2483 553 2538 Etenim
571 2484 754 2539 constitutum
768 2484 870 2537 Roma·

56 2593 162 2633 norum
177 2576 344 2648 pontificum
357 2577 561 2632 catholicorum
572 2576 731 2633 llclchiadis
744 2581 772 2631 et
781 2575 872 2630 Siricii

57 2670 94 2725 de
123 2669 293 2723 sermentato
323 2667 469 2722 oll'ercndo
498 2668 567 2722 nulli
593 2667 710 2722 dubium
739 2670 795 2733 est,
823 2667 872 2737 qm

56 2768 138 2834 gesta
156 2764 353 2816 Romanorum
374 2761 552 2833 pontilicum,
576 2778 607 2815 ac
627 2761 752 2815 diversas
772 2776 872 2814 eorum

57 2855 278 2912 constitutiones
291 2856 413 2926 legendo
433 2857 550 2909 noverit.
568 2856 718 2922 Praeterea,
734 2858 766 2907 ut
781 2853 873 2908 veritis

56 2952 139 3022 puto,
167 2956 196 3003 ct
220 2950 292 3004 sicut
316 2966 352 3003 cx
377 2949 567 3020 quorumdam
589 2948 799 3014 consuetudine,
825 2946 874 3018 qui

60 3040 159 3111 utique
176 3039 276 3094 eadem
291 3040 459 3094 auctoritate
472 3040 553 3110 potiti
569 3044 646 3109 sunt,
664 3037 759 3109 colligi
772 3040 872 3111 potest,

921 2389 1026 2443 uicaut.

1191 2478 1383 2536 CAPITULUltl
1396 2479 1462 2552 lllV.

923 2600 959 2652 ue
971 2597 1018 2651 boc
1036 2596 1109 2666 qaod
1125 2596 1200 2650 crecti
1210 2600 1306 2666 potest,
1322 2595 1395 2664 qnod
1408 2596 1523 2665 apostoli
1534 2600 1560 2650 et
1571 2611 1662 2651 eoram
1675 2612 1736 2652 acc·

961 2692 1072 2731 cessores
1092 2692 1163 2730 acino
1183 2690 1287 2745 crapmo,
1310 2691 1382 2729 rinno
1402 2676 1533 2741 lamento
1555 2677 1741 2744 indifferenter

958 2758 1001 2810 usi
1012 2757 1131 2823 scorium
1145 2760 1170 2810 et
1183 2756 1258 2825 qnod
1273 2755 1453 2811 Oca'dcntotts
1472 2756 1592 2810 Ecclesia
1611 2757 1738 2820 (itteram,

960 2834 1105 2889 Oricmclis
1128 2851 1191 2888 ocra
1213 2834 1330 2889 Ecclesia
1353 2834 1469 2887 altarum
1490 2834 1630 2904 paulatim
1655 2840 1739 2891 totum

960 2915 1084 2969 deserent.

959 3051 1029 3103 Puto
1054 3048 1140 3102 otiam
1166 3047 1196 3101 id
1221 3047 1317 3119 ipsum
1341 3047 1439 3102 fecisse
1461 3049 1603 3120 apostolos
1625 3049 1738 3117 Christi,

59 3135 189 3190 Romana
211 3133 334 3188 Ecclesia
355 3134 510 3204 antiquitus
533 3133 561 3186 in
587 3133 638 3187 hoc
660 3150 718 3187 riou
731 3150 748 3186 a
760 3132 873 3201 Graccis,
885 3109 912 3183 C
926 3158 998 3214 quos
1011 3142 1041 3196 in
1054 3141 1264 3196 consecratione
1281 3141 1409 3212 corporis
1425 3141 1537 3196 Domini
1552 3142 1634 3213 juxta
1649 3143 1739 3199 ritum

59 3244 113 3283 nec
130 3226 217 3282 Graeci
235 3227 270 3280 ab
287 3227 335 3280 illa
355 3226 571 3294 discordabant;
585 3225 634 3281 sed
650 3229 706 3279 tam
729 3225 773 3280 isti
787 3241 875 3296 quarn
926 3251 1012 3307 quem
1034 3240 1113 3301 tunc,
1136 3239 1268 3289 nascente
1290 3234 1421 3301 Ecclesia,
1445 3235 1641 3305 observabant,
1663 3253 1741 3293 nuuc

59 3321 102 3376 illi
123 3321 209 3375 modo
228 3320 378 3387 fermento,
398 3320 484 3375 modo
502 3336 612 3391 azymo,
629 3320 711 3390 jutta
731 3318 806 3389 qu⁰d
829 3335 876 3388 op·
925 3345 1034 3400 azymo,
1050 3344 1126 3382 sinric
1144 3327 1286 3382 fermento
1306 3343 1372 3381 usos
1392 3328 1476 3382 luisse
1497 3329 1672 3385 credendum
1687 3334 1739 3386 ost.

60 3414 221 3488 portunitas
248 3413 429 3469 offerentium
457 3413 599 3481 suadebat,
627 3411 822 3467 indifferenter
846 3411 876 3466 ln
927 3423 982 3493 Ipsi
995 3438 1120 3493 namque
1132 3421 1257 3475 diversas
1268 3420 1425 3490 provincias
1439 3421 1658 3492 evangelizando
1674 3439 1739 3493 per.

61 3506 220 3564 ministerio
240 3507 338 3562 altaris
360 3506 521 3573 utebantur,
538 3524 590 3561 ncc
611 3507 760 3577 quisquam
776 3521 876 3559 eornm
927 3517 1070 3587 agrantes,
1084 3531 1150 3569 cum
1163 3513 1199 3568 sd
1214 3514 1336 3583 aliquam
1349 3514 1574 3569 Christianorum
1586 3516 1741 3571 Eeolssiam

62 3602 112 3675 qui
135 3601 348 3656 communicare
371 3602 483 3667 vellent,
507 3601 563 3655 sire
584 3600 708 3668 Graecus,
730 3599 786 3654 sire
806 3599 877 3653 Lati·
927 3608 1131 3674 declinassent,
1156 3610 1184 3661 st
1213 3606 1380 3660 sacrificium
1403 3612 1530 3662 sanetum
1556 3608 1676 3663 Domino
1703 3609 1741 3664 ad

61 3714 127 3763 nus,
153 3695 266 3767 aliquod
290 3695 452 3749 scandalum
475 3695 504 3749 in
528 3696 581 3749 hoc
602 3695 770 3766 patiebatur.
795 3693 877 3757 Quod
927 3702 1160 3758 communionem
1180 3700 1299 3754 fratrum
1324 3700 1426 3755 offerre
1448 3701 1563 3769 vellent,
1585 3701 1658 3757 bene
1678 3717 1740 3758 cre·

62 3789 152 3844 etiarn
166 3806 199 3843 ex
215 3788 267 3842 boc
284 3788 376 3841 cerins
389 3787 465 3842 credi
479 3793 582 3858 potest,
597 3787 663 3860 (pria
677 3804 740 3842 curu
761 3787 791 3841 in
805 3786 876 3841 urbe
928 3795 1053 3851 (lendum
1067 3794 1186 3862 videtur,
1197 3794 1274 3864 quod
1287 3810 1339 3848 nce
1352 3795 1534 3861 fermentum,
1546 3810 1597 3850 nec
1606 3811 1740 3867 azymum

63 3881 468 3939 Romanasimulhabitarent
487 3882 570 3936 turba
586 3885 747 3939 Gracorum
763 3880 877 3936 etLati·
928 3889 1013 3944 nimis
1036 3888 1171 3955 studiose,
1188 3888 1229 3942 vel
1255 3888 1351 3955 otiam,
1375 3889 1406 3940 ut
1428 3888 1466 3942 ita
1488 3888 1581 3943 dicere
1607 3889 1739 3959 audeam,

63 3993 182 4044 norum,
204 3993 261 4029 non
280 3976 371 4030 solum
393 3975 493 4043 latini,
510 3993 607 4030 rernm
625 3976 709 4029 etiam
730 3976 878 4046 quamplu-
929 3983 1014 4038 nimis
1034 3983 1142 4036 curiose
1164 3982 1350 4053 quesierunt;
1367 3981 1419 4037 sed
1437 3981 1575 4053 quidquid
1590 3983 1625 4038 ad
1640 3999 1742 4039 manus

64 4071 132 4126 rimi
154 4071 313 4124 Graecorum
340 4070 482 4140 pra-fuisso
504 4070 638 4141 leguntur
654 4069 681 4121 in
700 4074 797 4123 sancta
820 4070 877 4123 llo·
928 4075 1135 4143 inveniebatur,
1147 4075 1204 4129 sive
1219 4076 1284 4143 hoc,
1301 4075 1357 4129 siva
1371 4075 1452 4143 illud,
1466 4076 1664 4132 indifferenter
1676 4092 1742 4132 oum

65 4181 153 4219 mana
165 4163 293 4218 Ecclesia.
306 4165 454 4218 anacletus
467 4180 541 4235 petua
555 4164 669 4217 natione
683 4163 794 4217 Graecus
807 4162 877 4231 fcil3
930 4171 1077 4225 dovotione
1089 4170 1254 4236 offerebant,
1269 4176 1297 4223 ct
1309 4170 1381 4224 hauc
1394 4169 1520 4224 forniam
1534 4170 1684 4225 oblationis
1693 4186 1742 4226 seu

64 4259 208 4312 Eraristus
220 4274 363 4311 successor
376 4258 446 4327 ejus,
461 4257 577 4311 aratione
589 4257 777 4325 cracosron,
789 4257 880 4311 Teles-
929 4264 1136 4319 communionis
1149 4266 1218 4334 puto
1231 4262 1386 4332 antiquitus
1399 4263 1485 4317 luisse
1497 4268 1554 4317 tarn
1570 4263 1600 4317 in
1617 4266 1743 4320 Romana

65 4352 189 4423 phoras,
213 4350 348 4421 ris-gnon,
372 4351 745 4421 Eleutherius,1lr1thcrins,
768 4352 878 4421 Xystus,
930 4358 1061 4424 Ecclesia,
1083 4374 1167 4428 quam
1187 4358 1215 4410 iu
1235 4355 1366 4411 omnibus
1381 4356 1443 4410 aliis
1461 4354 1589 4410 Ecclesiis
1607 4356 1742 4411 traditam
1830 4398 1834 4407 .

65 4444 214 4512 Eusebius,
229 4444 365 4510 Zosimus,
379 4446 511 4513 loannes,
527 4444 594 4498 item
612 4445 735 4499 ioannes
749 4444 784 4500 dc
802 4450 879 4515 patro
890 4480 919 4551 D
931 4451 1047 4523 quidem
1060 4450 1094 4504 ab
1106 4449 1247 4520 apostolis,
1264 4448 1416 4503 liccteerta
1431 4448 1577 4519 Scriptura
1591 4448 1644 4504 hoc
1660 4448 1743 4504 nobis

65 4538 193 4605 Platone,
211 4538 357 4593 Zacharias
370 4555 403 4591 or
419 4542 499 4608 patre
519 4538 642 4593 l‘olioeno
658 4556 664 4593 :
680 4538 725 4593 isti
740 4555 839 4593 omues
853 4543 881 4593 ct
930 4562 988 4599 non
1004 4544 1089 4598 dicat.
1110 4546 1225 4598 atvero
1245 4542 1345 4596 cadem
1365 4544 1492 4597 Romana
1512 4541 1633 4596 Ecclesia
1645 4541 1744 4613 paula·

66 4633 254 4703 quamplures
263 4631 321 4700 alii,
332 4648 454 4702 «priorum
464 4632 583 4687 nomina
591 4632 722 4704 praesenti
734 4630 881 4687 memoriae
931 4639 983 4693 tim
1002 4639 1122 4692 alterum
1138 4636 1278 4707 deposuit,
1292 4635 1422 4689 videlicet
1437 4635 1661 4705 fermentatum5
1678 4635 1749 4690 alte·

68 4742 129 4781 non
147 4731 308 4793 occurrunt,
330 4726 447 4779 natione
465 4726 562 4794 Gracci,
587 4726 615 4780 in
635 4726 794 4781 Christiana
817 4725 881 4779 reli·
932 4749 996 4787 rum
1023 4734 1135 4786 tantum
1161 4728 1321 4800 assumpsit,
1343 4728 1446 4783 scilicet
1468 4744 1614 4800 azymnm3
1638 4733 1667 4785 et
1691 4729 1746 4785 hoo

70 4822 156 4895 gione
170 4823 277 4874 ctsana
290 4819 415 4873 doctriua
426 4820 569 4891 precipui,
582 4820 610 4874 in
622 4821 750 4876 lloniana
761 4818 883 4875 Ecclesia
932 4826 998 4881 fecit
1027 4825 1140 4897 propria
1171 4822 1347 4878 auctoritate.
1376 4821 1528 4877 Orientalis
1555 4838 1670 4894 quoque
1697 4824 1746 4879 Ec-

69 4914 218 4990 praefuisse
231 4919 393 4968 noscuntur,
933 4919 1016 4974 clesia
1039 4918 1161 4973 alterum
1184 4922 1290 4987 totum,
1313 4915 1418 4971 scilicet
1439 4932 1590 4987 azymum,
1608 4916 1747 4989 paulatim

106 5011 225 5063 Putasne
254 5008 329 5079 quod
358 5008 431 5062 inter
461 5008 529 5062 istos
558 5006 669 5062 Groecos
695 5008 825 5078 praelatos
856 5009 885 5061 et
935 5011 1043 5067 dimisit
1052 5029 1060 5081 3
1089 5011 1211 5065 alterum
1236 5026 1303 5065 sero
1330 5012 1461 5076 tantum,
1491 5008 1594 5064 scilicet
1620 5009 1746 5065 termon-

71 5103 184 5158 Latinos
199 5102 326 5156 subditos
343 5101 429 5156 luerit
445 5100 572 5172 qnotidie
587 5101 764 5155 contentiosa
777 5101 884 5155 discor·
934 5109 1036 5171 tatum,
1055 5104 1154 5175 elegit;
1178 5109 1206 5157 ct
1228 5108 1323 5158 nmen
1349 5107 1468 5174 propter
1486 5101 1541 5157 hoc
1561 5117 1614 5157 nec
1638 5101 1747 5175 antiqui

73 5196 167 5251 diade
188 5195 331 5250 olicrcndo
351 5212 458 5267 azymo,
482 5195 538 5249 sive
558 5194 812 5261 fermentabant
832 5193 886 5264 ipsi
935 5198 1023 5254 Gracci
1038 5198 1189 5268 sapientes,
1206 5212 1257 5250 nec
1271 5195 1381 5266 antiqui
1402 5195 1492 5250 Latini
1511 5195 1652 5267 sapientes
1664 5212 1694 5251 so
1707 5197 1751 5251 in·

72 5289 220 5362 pontifices
243 5292 377 5360 tanquam
397 5288 496 5358 Gnaei,
518 5304 663 5359 nunquam
684 5287 737 5341 nisi
761 5288 886 5342 lermen-
936 5292 1026 5346 vicem
1058 5289 1282 5345 contemnendos
1308 5288 1516 5357 existimabant,
1544 5289 1592 5345 sed
1624 5290 1689 5345 licet
1718 5290 1749 5344 iu

73 5389 136 5439 tum
152 5382 317 5450 obtulerint,
337 5387 364 5436 ct
377 5382 504 5435 Romana
524 5381 647 5435 Ecclesia
662 5381 701 5435 eis
721 5381 751 5435 in
766 5382 821 5435 hoc
837 5396 886 5434 ne·
938 5385 991 5440 hoc
1009 5383 1105 5438 minus
1123 5385 1218 5437 essent
1231 5381 1398 5450 uniformes,
1414 5384 1511 5437 tamen
1524 5384 1625 5437 mutua
1640 5399 1707 5455 pace
1720 5388 1749 5438 ot

75 5493 220 5549 quaquam
239 5474 506 5529 communicaverit?
527 5476 561 5529 Et
581 5491 678 5528 rursus
696 5475 827 5530 Romana
840 5475 888 5529 Ec·
938 5479 1065 5533 fraterna
1077 5475 1215 5531 charitato
1229 5475 1392 5531 seinvicem
1407 5474 1436 5530 iu
1449 5474 1561 5531 Christo
1574 5475 1697 5530 tldeliter
1710 5475 1755 5529 di-

77 5571 159 5626 clesia
173 5586 224 5642 per
238 5570 351 5626 latinos
371 5568 531 5623 sacerdotes
551 5584 697 5638 nunquam
716 5567 770 5623 uisi
789 5583 888 5639 azymo
938 5571 1068 5643 ligebant
1089 5575 1117 5625 et
1134 5568 1331 5638 confovebant,
1346 5575 1374 5624 et
1392 5568 1452 5624 sine
1468 5568 1576 5623 alterno
1592 5568 1711 5639 judicio,
1728 5568 1751 5619 si

79 5682 130 5720 usa
143 5663 239 5731 luerit,
256 5670 283 5718 et
296 5662 419 5720 Romani
432 5661 578 5734 pontifices
594 5661 722 5719 similiter
735 5679 764 5718 so
780 5678 889 5719 acom·
942 5663 1055 5738 quando
1078 5668 1275 5737 opportunum
1294 5662 1364 5729 tuit,
1381 5660 1510 5715 conchis
1527 5660 1625 5711 snum
1642 5655 1775 5705 camim-

79 5758 215 5816 muuione
226 5759 391 5814 Latinorum
402 5755 579 5812 subditorum
590 5773 708 5813 suornm
716 5763 837 5835 proptor
845 5756 893 5816 ob
943 5760 1028 5819 baut.
