3750 6046
51 222 119 279 titt

48 346 238 417 cognoscitur,
261 352 292 401 ut
315 346 365 419 qui
388 346 422 401 ad
451 345 637 403 Ecclesiarum
662 348 790 415 regimen
815 364 860 402 as·

48 441 154 511 sumpti
166 457 263 495 sumus
278 447 363 496 uasat
375 458 391 495 a
405 457 556 513 pravorum
571 441 719 497 hominum
735 439 860 513 nequitia

49 538 192 602 tueamur,
211 535 413 605 etapostolicae
433 535 507 590 sedis
527 536 683 606 patrocinio
705 537 861 592 foveamus.

49 629 213 700 Eapropter,
228 628 323 684 dilecti
336 629 365 683 iu
381 629 498 685 Domino
513 628 573 698 lilii,
588 631 688 685 vestris
696 632 781 703 justis
795 647 861 701 pos-

48 718 235 773 tulationibus
255 720 411 773 clementer
428 719 580 774 annuimus
601 723 630 774 et
650 720 801 792 prefatam
821 736 864 775 ec·

50 812 165 867 alesiam
179 812 277 883 inqua
292 812 387 867 divino
402 812 556 883 naancipati
570 814 635 867 estis
650 812 797 885 obsequio,
811 812 863 868 sub

49 906 80 960 B.
96 906 170 960 Patri
180 909 209 960 et
218 912 313 960 nostra
326 905 503 977 protectione
517 907 685 977 suscipimus
697 912 725 961 et
739 922 863 978 praeseu-

48 1000 87 1054 tis
102 999 196 1070 scripti
213 999 363 1071 privilegio
385 1000 608 1055 communimus.
628 999 761 1070 Inprimis
774 1000 863 1071 siqui·

51 1093 118 1148 dcm
131 1096 285 1148 statuentes
299 1099 329 1147 ut
342 1093 411 1148 ordo
424 1093 587 1159 canonicus,
602 1094 650 1164 qui
663 1093 820 1149 secundum
833 1095 862 1149 B.

48 1186 202 1257 Augustini
219 1187 355 1258 Regulam
372 1187 399 1240 in
413 1186 516 1241 eodem
531 1187 591 1242 loco
610 1187 734 1242 noscitur
751 1187 861 1241 instita·

48 1283 104 1347 tus,
119 1280 264 1352 perpetuis
277 1280 382 1335 ibidem
398 1280 574 1351 temporibus
586 1280 786 1335 iuviolabiliter
800 1296 863 1334 cou-

50 1380 185 1428 servetur.
199 1375 339 1429 Praeterea
358 1391 542 1446 quascunque
563 1374 763 1445 possessiones,
784 1390 863 1445 qaae·

571 222 738 280 artsroua
757 224 799 279 ar
818 224 1016 283 nutricatu.
1031 253 1065 265 -
1084 225 1138 281 an.
1160 187 1240 280 uso.

914 441 982 512 (43);
999 442 1145 497 ecclesiam
1163 443 1190 498 S.
1211 443 1322 498 llartiui
1337 443 1372 497 do
1391 445 1473 498 Prata
1487 458 1553 498 curn
1572 441 1728 512 capellada

912 535 1045 592 Foataais
1056 537 1108 607 (44)
1119 536 1311 604 etcimiteri03
1323 535 1473 591 ecclesiam
1483 536 1511 591 S.
1521 534 1623 590 Auiani
1631 537 1731 606 aquae·

913 629 1015 684 ductus
1030 645 1093 684 cum
1108 629 1218 700 capella
1232 629 1267 684 de
1278 629 1402 686 asneriis
1412 628 1466 701 (45)
1478 628 1672 697 etcimiterio;
1683 643 1730 683 ec·

913 722 1031 778 closiam
1051 723 1160 778 Sanctae
1181 723 1276 778 llariae
1289 723 1323 778 de
1337 722 1461 778 Gimellis
1481 738 1545 777 cum
1564 722 1673 792 capella
1695 721 1730 776 dc

913 816 1044 888 Picaugis
1056 817 1111 887 (ld)
1125 819 1153 871 et
1166 816 1336 882 cimeteriis;
1351 817 1497 871 ecclesiam
1510 816 1537 870 S.
1550 813 1681 870 Florentii
1695 814 1731 870 de

912 910 1081 966 'lile-Castro
1095 911 1162 980 (47),
1176 926 1241 964 cum
1255 910 1361 980 capella
1376 926 1441 980 qum
1456 909 1485 963 in
1501 910 1560 980 ipso
1576 911 1619 963 est
1638 911 1730 963 castro

913 1009 942 1060 et
952 1004 1097 1059 cimeterio
1108 1021 1115 1070 ;
1125 1004 1274 1058 ecclesiam
1290 1006 1317 1059 S.
1329 1003 1440 1059 llartiui
1455 1001 1490 1058 de
1504 1003 1579 1058 Vitre
1593 1004 1649 1071 tie)
1665 1016 1730 1056 cum

914 1097 1074 1168 capellada
1095 1098 1146 1152 Boz
1165 1100 1194 1151 et
1212 1096 1368 1163 cimiteriis
1390 1096 1537 1152 ecclesiam
1560 1098 1588 1152 S.
1611 1095 1731 1151 Andreae
1836 1084 1839 1089 ’
1863 1096 1866 1101 “

914 1190 949 1246 de
963 1190 1144 1245 ormentiaco
1157 1190 1211 1262 tte)
1223 1206 1288 1244 cum
1301 1190 1415 1261 capellis
1429 1194 1458 1244 et
1468 1190 1628 1255 cimiteriis;
1642 1188 1731 1242 eccle·

914 1283 984 1337 siam
1002 1285 1030 1338 S.
1046 1284 1159 1354 Georgii
1179 1283 1214 1338 de
1234 1283 1343 1355 Ugneio
1363 1282 1419 1354 (50)
1441 1299 1506 1337 cam
1526 1282 1634 1352 capella
1646 1281 1682 1337 de
1701 1282 1729 1336 S.

913 1377 1025 1432 tuliano
1038 1382 1066 1431 et
1085 1377 1249 1445 cimiteriis3
1272 1378 1419 1432 ecclesiam
1439 1376 1469 1433 S.
1488 1375 1602 1447 Georgii
1620 1376 1655 1430 de
1677 1375 1729 1430 Fa·

1660 221 1727 280 raca
1806 291 1808 295 ἲ

871 367 901 439 Α
911 347 1020 402 Sanctae
1035 348 1126 405 hieriae
1135 348 1170 403 de
1181 349 1251 403 Foro
1263 352 1292 402 et
1304 347 1395 403 Sancti
1404 346 1500 403 Jacobi
1511 347 1545 403 de
1556 346 1724 403 Tremolcdc

50 1467 502 1538 cunquebonaeademecclesia
523 1468 772 1539 inpresentiarum
788 1468 865 1538 juste
913 1471 1031 1526 verneio
1045 1486 1110 1525 cum
1124 1471 1232 1543 capella
1245 1470 1281 1525 dc
1294 1473 1392 1541 llagne
1408 1470 1508 1539 (51)οῑ
1520 1469 1732 1538 cimiteri03ec-
1807 1516 1811 1525 .
1855 1534 1858 1545 Ι

51 1567 80 1616 et
100 1560 235 1615 canonice
254 1561 388 1632 possidet,
412 1566 462 1615 aut
485 1562 515 1615 iu
536 1561 665 1615 laturum
685 1560 865 1615 concessione
914 1565 1028 1620 alesiam
1044 1564 1072 1620 S.
1089 1564 1165 1620 Petri
1178 1563 1213 1618 de
1226 1564 1293 1618 Tart
1308 1566 1362 1635 (52)
1382 1581 1448 1619 cum
1471 1564 1586 1635 capellis
1606 1568 1635 1618 et
1651 1562 1731 1618 cimi-

51 1654 230 1727 poatificam,
249 1654 401 1726 largitione
420 1670 521 1726 regum
534 1655 577 1709 vcl
598 1654 768 1726 principum,
791 1652 865 1708 obla·
917 1658 1011 1727 teriis;
1032 1658 1179 1712 ecclesiam
1200 1657 1227 1712 S.
1250 1657 1386 1711 Germani
1408 1657 1443 1713 de
1462 1658 1584 1728 Copiaco
1599 1657 1652 1727 (53)
1667 1671 1733 1711 cum

52 1750 132 1804 tione
145 1747 283 1815 fidelium,
298 1764 347 1803 sou
366 1746 429 1803 aliis
439 1749 524 1820 justis
541 1747 644 1817 modis,
657 1749 713 1803 [leo
732 1747 864 1819 propitio,
877 1733 904 1805 Β
916 1750 1031 1822 capellis
1049 1754 1078 1804 ot
1090 1749 1237 1804 cimiteriis
1244 1767 1252 1819 3
1271 1749 1421 1805 ecclesiam
1437 1751 1466 1806 S.
1488 1750 1610 1807 llatuitii
1630 1750 1665 1805 de
1687 1748 1731 1805 Si·

53 1842 159 1915 poterit
178 1841 305 1912 adipisci,
326 1841 406 1896 llrma
423 1842 501 1896 vobis
524 1842 682 1913 vestrisque
702 1840 867 1895 successori·
916 1844 990 1899 liaco
1010 1843 1062 1913 (54)
1082 1859 1147 1898 cum
1167 1843 1331 1912 cimeteri03
1346 1844 1493 1898 ecclesiam
1513 1844 1541 1900 S.
1565 1842 1675 1899 llartiui
1697 1840 1733 1897 da

53 1937 108 1992 bus
121 1943 149 1991 et
163 1936 269 2009 illibata
284 1939 481 2007 permancant.
497 1937 528 1990 la
542 1935 645 2006 quibus
666 1935 726 1989 haec
746 1933 868 2007 propriis
917 1937 1093 2002 Quintiniaco
1109 1935 1165 2007 (55)
1183 1953 1248 1990 cam
1266 1936 1423 2003 cimiterio;
1439 1937 1587 1992 ecclesiam
1610 1937 1637 1992 S.
1659 1938 1731 1992 llar-

55 2031 190 2087 duximus
204 2028 389 2100 exprimenda
402 2029 545 2084 vocabulis
560 2046 567 2084 ε

92 2125 291 2181 Cmmeterium
303 2125 357 2194 (39)
366 2123 454 2194 ipsius
465 2123 590 2178 ecclesiae
602 2123 673 2177 inira
684 2138 798 2177 murum
810 2138 869 2175 cas·

56 2218 93 2273 tri
108 2217 296 2283 Divionensis3
310 2217 459 2271 ecclesiam
475 2217 504 2272 S.
521 2216 646 2272 bladardi
662 2215 719 2286 (tu)
735 2231 800 2269 curn
817 2213 868 2268 de·

57 2312 153 2378 cimis;
169 2311 306 2382 capellam
321 2310 348 2365 S.
369 2311 506 2366 vincentii
519 2310 592 2381 (it);
609 2310 755 2364 ecclesiam
772 2309 800 2364 S.
819 2308 869 2364 lli-

57 2405 162 2460 chaelis
183 2421 248 2458 cum
273 2404 436 2458 caemeterio
454 2407 482 2458 et
498 2403 616 2458 decimis
638 2403 709 2473 (45);
733 2402 869 2472 capellam

89 2503 140 2565 (39)
154 2502 342 2552 Coemcterium.
357 2501 397 2551 De
419 2514 452 2551 eo
472 2500 578 2550 diutina
593 2504 620 2550 et
634 2502 714 2549 vetus
729 2499 781 2548 luit
802 2512 871 2548 con·

57 2575 189 2625 troversia
211 2572 427 2635 stephanienses
452 2572 601 2621 canonicos
625 2572 696 2620 inter
721 2574 749 2620 et
775 2583 872 2620 mona-

57 2644 125 2695 chos
135 2644 328 2708 Benigaianos‚
343 2644 378 2693 ab
392 2648 510 2694 exeunte
523 2644 632 2693 circiter
647 2641 753 2691 saeculo
767 2640 870 2691 Christi

57 2718 135 2767 sexto
150 2718 176 2763 et
188 2713 328 2776 deinceps,
340 2727 389 2776 pro
402 2728 456 2778 qua
467 2713 501 2764 ad
510 2715 647 2764 loannem
660 2712 697 2762 lll
709 2710 870 2777 pontificem

59 2785 170 2848 scripsit
183 2784 269 2835 abbas
283 2784 310 2834 S.
323 2785 448 2848 Benigni.

90 2858 139 2918 (to)
162 2856 300 2906 Ecchsiam
322 2856 347 2905 S.
364 2856 493 2906 Medendi.
518 2854 599 2906 Circa
618 2867 723 2904 annum
745 2852 793 2903 eto
807 2865 873 2903 con-

59 2927 117 2978 dita
138 2926 189 2976 tuit
206 2926 266 2976 haec
282 2926 410 2985 ecclesia,
423 2926 464 2976 uti
479 2929 555 2990 parte
569 2939 589 2985 1,
603 2939 663 2988 cap.
678 2925 694 2974 3
708 2925 793 2988 hujus
808 2937 873 2987 ope·

57 3000 95 3048 ris
120 2998 300 3059 narravimus,
323 2996 372 3046 ubi
398 3002 425 3049 et
451 2998 572 3049 excisam
597 3001 624 3046 at
647 2996 750 3047 exciam
773 3007 874 3045 causas

59 3070 232 3132 scripsimus.

92 3144 141 3201 itt)
158 3141 291 3205 Capellam
308 3142 334 3192 S.
354 3141 487 3191 Vincentii.
505 3142 613 3192 Perstat
625 3139 709 3191 hodie
724 3139 809 3190 etiam
827 3150 875 3187 sa-

60 3214 164 3264 cellum
186 3213 288 3264 Sancto
310 3213 458 3263 Vincentio
476 3226 596 3271 sacrum,
611 3209 647 3261 de
668 3222 724 3273 quo
739 3209 800 3258 fuae
816 3207 877 3271 egi·

919 2030 1018 2085 liuida
1035 2030 1173 2102 Arcotiiti)
1187 2046 1252 2085 cum
1271 2030 1411 2085 cimiterio
1431 2036 1460 2085 ot
1479 2031 1589 2102 capella
1608 2030 1643 2085 de
1667 2030 1736 2084 Bru-
1817 2058 1821 2067 =

918 2124 993 2191 ceio;
1017 2124 1162 2178 ecclesiam
1183 2124 1210 2178 S.
1232 2123 1306 2178 Petri
1325 2123 1361 2178 de
1378 2124 1514 2180 blitibello
1538 2140 1603 2178 cum
1624 2123 1735 2178 cimite-

919 2218 979 2285 rio;
993 2218 1042 2289 jus
1055 2218 1129 2289 quod
1146 2217 1257 2271 habetis
1271 2218 1300 2272 in
1317 2218 1438 2272 Ecclesia
1457 2218 1485 2273 S.
1504 2217 1615 2273 Genesii
1632 2216 1667 2271 de
1685 2217 1737 2272 Da·

919 2312 982 2366 rilla
1004 2311 1060 2382 (57)
1077 2317 1105 2366 ct
1122 2311 1234 2381 capella
1249 2310 1285 2365 de
1303 2310 1442 2379 Stabulis;
1465 2310 1604 2383 quidquid
1626 2310 1736 2365 habetis

920 2405 950 2460 in
964 2405 1083 2459 ecclesia
1101 2404 1135 2459 de
1148 2404 1306 2471 Saviniaco;
1321 2403 1461 2476 quidquid
1475 2403 1588 2459 habetis
1600 2403 1630 2457 in
1645 2403 1734 2459 eccle·

952 2502 1002 2564 (tar
1022 2501 1149 2557 Gimatlia‚
1162 2501 1293 2564 Picaapia.
1317 2501 1347 2549 la
1365 2499 1427 2550 vico
1447 2501 1496 2565 qui
1510 2500 1613 2551 dicitur
1625 2501 1737 2550 Gemeou

921 2572 1072 2639 aliquando
1092 2574 1213 2631 lamecu,
1226 2573 1326 2621 matrix
1346 2576 1388 2622 est
1410 2572 1537 2634 ecclesia,
1553 2570 1661 2636 capella
1683 2583 1734 2623 sou

921 2643 979 2694 iilia
991 2645 1114 2694 matricis
1128 2645 1156 2692 ia
1168 2656 1238 2706 pago
1250 2643 1285 2694 de
1298 2643 1451 2706 Pirtmapca.

953 2716 1004 2777 (u)
1020 2715 1186 2765 TitaCaatro.
1205 2714 1293 2777 Quasi
1314 2718 1436 2764 castrum
1460 2712 1495 2764 ad
1512 2714 1600 2764 'l'ilnm
1616 2725 1736 2774 amnem,

922 2788 970 2837 cui
984 2786 1145 2849 impositum
1159 2786 1281 2836 estotim
1296 2784 1461 2836 Titeahdteau
1477 2783 1593 2847 dictum,
1611 2786 1738 2847 corrupte

921 2860 979 2922 jam
996 2856 1160 2907 Tricbdteuu.

953 2929 1002 2989 (tei
1022 2928 1102 2984 Vitat,
1122 2928 1180 2976 lies.
1197 2925 1258 2976 Vici
1268 2928 1335 2977 sunt
1346 2927 1374 2975 ia
1388 2927 1552 2990 praefectura
1562 2923 1739 2990 Lingoaensi,

924 3000 1093 3050 recentiores
1103 2999 1159 3061 jam
1176 2997 1271 3047 dicunt
1284 2996 1467 3059 scribuntque
1483 2996 1555 3045 Vitae
1564 3000 1588 3044 et
1599 2995 1671 3044 Boia.

958 3070 1007 3132 (tt)
1022 3069 1199 3128 ormentiaco,
1213 3067 1372 3117 Cotamerio.
1396 3067 1458 3118 Vici
1479 3068 1572 3128 etiam,
1586 3078 1656 3130 quos
1674 3064 1740 3114 vul-

927 3154 979 3206 gus
992 3139 1058 3190 dicit
1070 3140 1215 3201 Ormuncep
1230 3143 1259 3188 et
1272 3137 1412 3188 Columier.

960 3211 1007 3272 (5οι
1021 3209 1164 3260 Ecclesiam
1183 3209 1215 3257 dc
1239 3210 1335 3272 Upneio
1348 3222 1406 3258 cam
1421 3205 1522 3270 capella
1535 3206 1566 3255 dc
1579 3206 1606 3256 S.
1619 3204 1740 3256 tatiano.

61 3299 125 3337 mus
138 3290 206 3349 part.
223 3298 240 3346 1,
258 3297 319 3348 cap.
334 3284 358 3334 2.
374 3284 462 3334 Fuere
483 3286 575 3333 autem
594 3285 623 3332 et
644 3279 673 3330 S.
689 3275 813 3329 Medendi
834 3288 878 3325 θο-
927 3279 1067 3344 Exiguum
1084 3281 1112 3329 in
1127 3281 1220 3329 vicum
1234 3278 1317 3329 desiit
1330 3281 1411 3328 vetus
1423 3290 1491 3327 sane
1513 3275 1653 3340 oppidum,
1666 3274 1741 3341 quod

62 3358 147 3409 alesia
166 3361 193 3407 et
212 3357 240 3407 S.
256 3357 396 3407 vincentii
419 3354 525 3418 capella
547 3352 671 3404 basilicae
694 3349 817 3399 matricis
843 3347 874 3398 B.

62 3427 196 3491 Stephani
210 3439 320 3491 semper
332 3425 510 3490 appendices.

928 3351 1019 3414 Oapna
1030 3349 1097 3400 olim
1120 3349 1227 3400 dictum
1242 3350 1304 3410 luit,
1317 3349 1341 3399 si
1359 3348 1498 3399 credimus
1512 3347 1679 3406 Balcurroeo,
1693 3345 1743 3409 qut

928 3420 964 3472 ab
978 3420 1079 3484 oppido
1093 3420 1147 3470 isto
1170 3433 1221 3471 seu
1235 3419 1333 3483 burgo,
1346 3422 1379 3468 ut
1401 3420 1447 3480 ait,
1464 3417 1632 3481 Burgundios
1652 3415 1743 3468 Galli-

95 3499 145 3560 (42)
159 3497 301 3548 arcuatam
324 3497 350 3547 S.
370 3494 513 3547 Michaelis.
535 3494 624 3555 Prope
645 3494 673 3543 ci
692 3492 770 3540 extra
784 3498 879 3537 muros
928 3505 993 3543 cum
1015 3504 1117 3541 nomen
1139 3492 1200 3541 aine
1219 3493 1287 3542 teste
1300 3491 1406 3554 primus
1420 3488 1545 3545 deduxit,
1560 3487 1639 3552 quasi
1654 3487 1743 3550 Bourp

62 3568 166 3617 veteris
187 3567 269 3617 castri
290 3566 467 3617 Divionensis
487 3564 554 3614 olim
567 3563 667 3628 posita,
682 3573 766 3623 quam
788 3562 879 3609 vetus·
929 3564 1036 3626 oapne;
1059 3565 1210 3613 occurrunt
1224 3561 1337 3626 quidem
1358 3560 1501 3624 amplioris
1523 3556 1616 3623 oppidi
1638 3556 1743 3608 ibidem

62 3644 120 3690 tata
132 3639 316 3689 collabentem
328 3638 450 3689 restituit
463 3636 613 3689 Gamarius
625 3634 649 3684 ll
664 3630 750 3683 abbas
762 3629 878 3693 Stepba·
927 3634 1029 3686 rudera
1053 3640 1080 3685 et
1106 3634 1241 3698 reliquia,
1258 3631 1422 3697 Jamdudum
1448 3630 1559 3682 viculus
1584 3634 1634 3690 ast,
1658 3640 1743 3693 quam

63 3711 179 3771 niensis,
194 3715 278 3775 atque
292 3708 454 3774 elegantiori
472 3720 555 3772 opere
574 3702 779 3757 instaurandam
801 3712 879 3751 cura·
928 3706 1029 3770 vulgus
1040 3709 1182 3769 nuncupat
1198 3705 1279 3770 Opnp,

63 3782 104 3831 vit
124 3782 261 3832 Antonius
283 3779 465 3831 chambellan
480 3779 577 3842 utiquc
591 3774 677 3827 abbas
689 3774 762 3825 circa
774 3782 878 3822 annum
960 3778 1009 3840 (5))
1025 3778 1189 3840 Favarnepo,
1206 3776 1310 3840 itaqua.
1326 3774 1367 3826 Da
1380 3774 1440 3825 latta
1451 3772 1521 3824 locta
1532 3772 1560 3823 in
1574 3769 1744 3837 polyptycho

65 3851 168 3902 Christi
182 3852 251 3903 tace.
929 3853 957 3902 et
978 3850 1007 3900 in
1032 3862 1114 3914 opere
1130 3850 1184 3899 isto
1198 3848 1392 3912 saepedictum
1413 3850 1464 3906 est,
1478 3858 1541 3909 quae
1554 3858 1569 3895 a
1584 3842 1744 3896 recentiori·

99 3926 147 3989 (⁴3)
169 3923 303 3988 Capellam
323 3924 349 3974 S·
375 3922 470 3974 Madd
492 3920 524 3972 dt
547 3920 617 3971 Foro
636 3921 659 3968 θ(
678 3917 706 3967 S·
732 3913 826 3966 debt'
848 3913 880 3964 dt
928 3921 982 3972 bus
1002 3925 1163 3985 nuncupata
1184 3925 1250 3970 aunt
1272 3921 1427 3981 Faaoernep
1441 3922 1469 3968 et
1491 3914 1743 3980 tlapnp-sur-Tille,
1850 3952 1853 3957 .

68 3994 230 4048 tremoledo.
254 3997 328 4045 inter
347 3993 480 4044 ecclesias
502 3989 674 4056 parochiales
697 3988 879 4038 Divionenses
928 3997 960 4042 ut
983 3991 1172 4055 distinguatur
1194 3991 1271 4040 vicus
1294 3990 1348 4039 iste
1373 3989 1409 4039 ab
1435 3987 1504 4049 atio,
1527 3998 1612 4051 quem
1635 3987 1745 4050 Mapap-

65 4070 179 4120 omnino
190 4072 296 4131 septem
308 4065 460 4130 principem
474 4062 595 4114 obtinuit
607 4059 772 4125 jamdudum
785 4058 879 4109 locum
928 4062 1128 4114 saint-uacaret
1140 4065 1249 4112 vocant.

66 4141 173 4205 quaeis.
190 4140 224 4187 V.
238 4138 331 4188 hieriae
347 4134 425 4186 titulo
437 4134 555 4194 insignis
572 4136 612 4182 est
625 4129 754 4191 ecclesia,
771 4141 835 4193 quae
850 4128 879 4178 in
960 4133 1008 4193 (titt
1026 4134 1095 4183 tart.
1117 4133 1206 4183 Locus
1226 4133 1315 4196 primo
1336 4130 1561 4183 Citersciensium
1581 4126 1744 4179 monialium

65 4213 125 4263 toro
140 4210 301 4261 Divionenei
312 4207 434 4267 condita,
452 4205 488 4257 de
503 4205 574 4255 Foro
589 4202 658 4253 alias
678 4201 751 4252 dicta
771 4201 835 4259 tuit.
851 4205 880 4251 dt
929 4205 1067 4266 coeaobio,
1080 4205 1155 4269 quod
1168 4205 1205 4255 ibi
1218 4205 1291 4254 circa
1311 4217 1415 4253 annum
1429 4201 1539 4253 Christi
1560 4199 1622 4250 neo
1645 4196 1743 4249 condi·

66 4296 200 4333 unacum
214 4280 333 4332 ecclesia
348 4277 486 4330 S.Jacobi
506 4289 589 4326 uuam
608 4272 792 4336 eamdemque
812 4270 880 4322 olim
929 4279 989 4328 aum
1012 4281 1062 4338 est,
1081 4276 1241 4327 notissimus
1265 4288 1348 4338 quem
1371 4273 1497 4325 scribunt
1511 4273 1641 4333 corrupte
1653 4268 1745 4331 impe-

67 4354 211 4404 coastituit
230 4350 400 4415 paroechiam
423 4352 497 4400 certe
522 4345 752 4411 antiquissimam,
782 4343 818 4392 ita
841 4345 880 4392 ta·
930 4350 975 4400 riti
992 4350 1072 4400 rara,

67 4439 131 4474 men
156 4427 187 4472 ut
212 4424 313 4473 matrix
341 4423 414 4471 esset
442 4420 469 4469 S.
498 4419 595 4469 iacobi
622 4415 784 4475 ecclesiola,
804 4411 880 4463 illius
962 4420 1012 4482 (53)
1028 4421 1153 4484 copiaco,
1170 4418 1322 4484 aliquando
1344 4416 1489 4471 Colchicae,
1508 4412 1609 4476 vulgus
1630 4409 1744 4490 jamprp.

67 4509 133 4546 vero
155 4494 296 4558 appendix
314 4492 420 4556 capella
441 4492 470 4541 ΒΙ
492 4484 882 4552 V·Mdriae‚q¹1³mid⁰⁰did
932 4490 995 4542 dem
1018 4492 1166 4555 appellavit
1181 4492 1308 4555 couchep.
1330 4490 1370 4540 Dc
1392 4485 1506 4550 capellis
1520 4485 1581 4548 ejus
1596 4482 1705 4545 agimus
1717 4492 1745 4528 ur

68 4582 127 4617 suae
142 4566 249 4616 matrici
269 4564 393 4627 adjunxit
407 4562 539 4626 pontifex.
557 4560 611 4612 Sed
627 4558 662 4610 de
677 4558 720 4608 bis
740 4557 830 4607 fusius
851 4557 880 4606 in
932 4562 1116 4627 fflyptycho,
1128 4565 1197 4626 part,
1212 4575 1230 4623 1,
1243 4562 1258 4626 g
1272 4562 1297 4620 2,
1310 4573 1370 4623 cap.
1384 4559 1408 4608 5.

70 4636 314 4701 stephaniensium
334 4635 515 4685 ecclesiarum
530 4631 703 4697 Polyptycho
715 4631 783 4694 part.
797 4641 815 4690 r,
828 4627 845 4693 θ
858 4628 882 4692 t,
963 4634 1011 4695 (ott
1032 4633 1165 4693 siliciaco,
1181 4633 1249 4683 aliea
1272 4632 1383 4694 Setccey,
1398 4629 1526 4691 corrupte
1544 4627 1602 4689 jam
1624 4622 1746 4686 δάκοι),

69 4723 101 4760 ca
125 4711 168 4758 .·t.
932 4705 967 4756 de
984 4718 1040 4768 quo
1055 4718 1146 4769 supra.

102 4724 149 4841 iili
160 4778 301 4829 Ecclesiam
316 4777 406 4826 Sancti
420 4775 530 4827 ltartirn‘
546 4774 578 4825 da
598 4776 679 4824 Proto
701 4785 759 4823 cum
780 4770 883 4837 capella
964 4780 1013 4839 (55)
1034 4779 1210 4841 Quintiaiaco.
1225 4779 1340 4829 Veteres
1356 4776 1479 4840 Catippa,
1498 4771 1666 4824 recentiores
1682 4770 1747 4831 Qua·
1786 4836 1789 4841 Ι

68 4853 100 4905 de
112 4852 249 4903 t'oatuaia.
262 4849 299 4900 Et
312 4848 359 4898 hic
368 4848 460 4912 jungit
470 4846 593 4911 pontifex
605 4844 691 4895 filiam
704 4857 771 4895 cum
784 4846 882 4903 matre;
933 4852 1007 4917 tipap
1022 4851 1135 4911 dixerc;
1149 4853 1228 4901 vicus
1245 4853 1364 4913 acoepto
1377 4846 1481 4898 ibidem
1493 4843 1619 4895 instituto
1631 4840 1747 4892 caaoai-

71 4938 134 4989 quae
149 4923 223 4973 enim
239 4923 351 4972 tenuem
372 4918 541 4967 eremiticam
555 4916 654 4967 cellam
668 4914 749 4965 desiit
767 4913 794 4965 S.
811 4914 883 4965 blar-
933 4936 1032 4975 corum
1052 4923 1232 4987 regularium,
1247 4920 1322 4987 quod
1333 4921 1361 4970 in
1382 4917 1529 4970 eeclesiam
1543 4915 1624 4965 istam
1640 4911 1667 4964 s⁸
1684 4909 1747 4963 spe.
1849 4934 1855 4941 .

69 4997 119 5045 tini
142 4994 269 5051 ecclesia.
283 4989 467 5041 F011¹³1101¹⁸i⁸
488 4990 545 5052 idm
568 4986 695 5051 lmoeciae
718 4987 817 5036 maim
832 4988 882 5044 ⁸⁸b
932 4992 1178 5060 phantannotttc
1192 4992 1337 5042 inductum
1351 4993 1402 5050 est,
1417 4987 1503 5052 probe
1514 4985 1746 5045 Divionemotua,

70 5069 105 5119 ae
117 5068 197 5117 Puto
211 5070 238 5115 a
253 5064 286 5114 de
302 5062 453 5125 campana
467 5060 533 5111 oum
546 5059 628 5119 utera,
645 5058 729 5123 vulgo
744 5059 771 5106 S·
782 5056 884 5108 Martia
933 5070 962 5116 aa
976 5063 1129 5115 eradicasse.
1144 5063 1298 5115 uantnonn
1311 5062 1386 5112 nous
1397 5058 1559 5109 iliustratus.

70 5141 115 5191 dea
131 5139 248 5202 stampe,
262 5135 297 5186 ad
312 5135 438 5185 torrentis
454 5131 579 5183 Susianis
592 5129 720 5181 dextrum
734 5129 816 5190 latua,
831 5140 885 5179 nec
964 5136 1017 5199 (56)
1031 5136 1109 5196 Areo,
1127 5134 1244 5184 aracaio,
1260 5134 1292 5183 (ῃ
1311 5132 1374 5181 vico
1395 5129 1429 5180 de
1447 5131 1521 5181 Arcu
1537 5125 1571 5178 ad
1587 5125 1685 5185 Titum,
1698 5123 1748 5188 qui

69 5211 166 5276 procul
190 5224 205 5259 d
229 5206 515 5261 0oe¹1⁰b10ffl110i¹1m
542 5202 748 5267 C³PU⁰i¹1⁰fflffl
771 5201 800 5249 1¹1
819 5211 885 5262 ³Sl0
934 5206 1125 5258 Arc-aar-Title
1142 5205 1228 5268 vulgo
1250 5203 1360 5261 dicitur,
1379 5201 1468 5266 posita
1486 5201 1529 5250 est
1548 5196 1650 5247 matrix
1671 5208 1749 5261 paro·

69 5280 277 5347 septentrionali
302 5279 456 5329 etiamnum
482 5276 593 5339 perstet.
625 5272 759 5322 Fontanus
790 5272 884 5319 autem
934 5277 1091 5342 optatisque
1114 5276 1247 5335 ecclipsim
1272 5274 1300 5324 tn
1326 5271 1441 5324 vinculo
1465 5268 1499 5320 de
1524 5267 1642 5330 bruceio,
1663 5279 1749 5332 quem

69 5356 149 5405 sicus
165 5353 192 5404 S.
209 5349 340 5402 Bernardi
362 5346 575 5400 clarevallensis
590 5343 698 5395 abbatis
713 5346 775 5393 ortu
795 5344 824 5391 et
838 5352 885 5390 cu·
935 5349 1030 5412 army
1042 5351 1150 5406 vocant,
1165 5347 1289 5398 matricis
1303 5344 1360 5395 flua
1373 5347 1400 5395 Θ(
1414 5341 1565 5407 appendix,

70 5425 182 5475 nasutis
194 5427 251 5475 toto
263 5425 321 5486 iam
333 5420 399 5471 orbe
416 5421 474 5482 jam
487 5409 884 5479 notus,vu130roniana-ta-
967 5422 1015 5483 cu
1039 5419 1153 5475 uariata.
1176 5416 1300 5469 statiua.
1325 5416 1379 5467 rio
1400 5413 1527 5466 ecelesia
1549 5413 1617 5471 istis,
1634 5424 1699 5476 qua
1719 5411 1749 5461 in

70 5498 159 5562 epea.
935 5491 1005 5543 vicis
1026 5490 1061 5542 dc
1085 5491 1182 5541 Deraia
1205 5493 1233 5541 et
1253 5486 1411 5539 d'astauttoa
1431 5485 1468 5537 ab
1491 5485 1607 5550 antiquo
1630 5483 1750 5535 conditas

103 5570 150 5629 (ab)
166 5561 474 5632 dtd2d11d⁰›d⁸t¹0rt't't·
499 5558 583 5611 Varie
604 5557 716 5609 flectere
739 5552 886 5606 consuevit
935 5567 1015 5621 suut,
1039 5560 1147 5612 diutina
1170 5561 1317 5626 gravisque
1338 5556 1482 5610 contentio
1502 5557 1574 5607 later
1599 5554 1749 5606 canonicos

72 5641 172 5704 vulgus
194 5650 296 5689 nomen
316 5635 384 5687 illud
406 5632 590 5699 Aqaadactaa,
602 5629 671 5681 dlidd
685 5627 776 5679 dim
790 5637 887 5677 temti·
936 5632 1141 5697 Stepbaaeases
1154 5631 1221 5682 hinc
1234 5634 1261 5681 et
1275 5628 1427 5679 monachos
1441 5626 1470 5678 S.
1486 5624 1611 5690 Sequani
1625 5623 1701 5682 iude,
1715 5619 1750 5672 de

73 5710 130 5761 cult
150 5711 288 5771 dixerunt,
302 5711 358 5772 jam
376 5706 490 5757 mollius
511 5703 595 5768 Abay
616 5701 723 5760 dicunt,
744 5700 824 5752 vicus
845 5698 888 5750 ast
936 5716 991 5773 qua
1004 5703 1067 5757 tuse
1078 5702 1163 5769 hujus
1175 5701 1266 5767 operis
1277 5703 1354 5767 parte
1366 5712 1396 5759 u,
1408 5710 1470 5763 cap.
1484 5698 1507 5751 t.

74 5782 146 5833 sicut
160 5787 185 5836 ct
198 5784 324 5841 teucria,
340 5780 422 5848 vulgo
435 5775 565 5831 deuteres.
