3750 6046
51 170 54 176 ’
91 191 143 247 sos
768 189 929 247 oausam
950 191 1079 248 virius
1718 197 1770 254 cos

9 328 14 341 ¹
88 317 205 373 vitatem
229 322 310 373 caute
331 319 437 374 reversi
461 323 537 388 sunt,
561 337 618 375 non
640 319 794 392 fugientes,
809 336 902 393 neque
913 330 943 404 Α
990 321 1126 375 tinearum
1150 321 1278 377 adunans
1299 336 1422 394 pepones
1440 324 1570 378 uictoria.
1591 323 1774 396 Graeceque-

90 411 221 467 cominus
229 416 443 484 propugnantes
451 431 460 483 ;
474 415 524 469 sed
537 414 660 485 qnodm
674 418 737 470 astu
751 431 855 486 pugnae
868 432 898 470 se
990 404 1078 454 imm
1090 403 1222 456 wettini
1235 401 1273 455 “d
1285 402 1503 471 flitt⁰⁸⁰itm⁰m
1512 404 1702 475 progreditur.

89 503 289 573 subducentes,
303 509 333 561 et
345 507 449 562 iterum
461 508 582 563 Francos
596 508 682 563 celeri
691 513 773 579 gestu
785 509 899 581 impng-
985 506 1238 578 Appropinquante
1247 507 1381 563 condicto
1390 509 1518 580 tempore
1525 509 1589 580 jam
1595 510 1722 566 eundiin
1731 512 1776 567 Je-

86 601 201 665 nantes,
226 599 400 657 invadebant
425 617 484 669 eos,
511 605 539 656 et
561 617 631 673 gyro
653 602 784 658 facillimo
808 619 900 659 rever·
948 598 1774 675 rusalem,coeperunt0mnesdeimminentinegotiodisse·

90 691 242 758 tebantnr3
264 697 292 747 et
312 710 374 748 mox
391 694 499 749 reducti
517 695 583 765 equi
602 712 697 750 rursus
716 695 900 752 indifficulter
948 707 1024 760 rere,
1041 707 1078 746 ne
1096 691 1218 747 ulterius
1232 692 1464 749 disturbarentur
1483 694 1519 750 ab
1541 694 1655 753 itinere.
1670 697 1775 753 Verum

92 786 275 856 gyrabantur.
294 787 391 841 Franci
406 787 567 857 frequentes
577 789 754 845 sustinebant
763 791 897 861 impetus,
948 783 1103 856 insopibilis
1117 785 1260 841 altercatio
1273 785 1308 842 de
1321 786 1469 843 dominatu
1480 787 1601 844 civitatis
1610 789 1690 846 inter
1702 791 1774 846 itua-

90 895 144 934 nec
165 882 226 934 tuto
250 879 375 935 devitare
396 885 525 952 poteraut
544 881 710 938 instantium
735 898 898 940 concursus.
950 876 1091 932 muudum
1101 878 1201 934 ducem
1209 882 1237 934 et
1247 879 1440 935 Ruimundum
1451 879 1588 938 comitem
1597 886 1671 952 erat,
1684 900 1775 956 quam

90 971 121 1026 Si
136 973 214 1027 enim
227 973 360 1028 recedere
369 977 551 1039 attentarent,
561 976 708 1047 gentilesa
721 982 812 1048 tergo,
824 977 899 1049 qnod
949 971 1092 1042 majorum
1110 975 1179 1026 uutu
1193 971 1296 1044 peritia
1311 973 1409 1027 multis
1423 979 1451 1029 et
1472 975 1622 1045 profundis
1643 993 1773 1034 commo-

92 1066 194 1120 accidit
206 1069 315 1136 postea,
332 1065 495 1121 cedentibus
508 1068 680 1124 insisterent.
699 1070 902 1126 sustinuerunt
950 1063 1105 1119 nitionibus
1125 1081 1305 1137 compescere
1329 1066 1478 1138 nequibat.
1499 1069 1577 1125 Unus
1596 1069 1775 1129 dominatio·

92 1162 161 1230 'ergo
174 1175 265 1230 usque
278 1159 314 1214 ad
331 1175 479 1230 vesperum
493 1161 618 1217 laborem
634 1166 663 1217 et
682 1162 742 1218 sitis
756 1165 899 1220 ardorem,
951 1173 1017 1212 nem
1037 1157 1121 1212 totius
1142 1158 1230 1226 urbis,
1251 1159 1323 1213 sicut
1341 1159 1368 1214 ei
1387 1175 1554 1216 concessum
1571 1162 1682 1232 fuerat,
1702 1164 1775 1221 dum

90 1252 301 1324 AEstusquippe
320 1269 405 1324 quam
428 1255 569 1310 maximus
584 1261 654 1311 erat,
670 1257 809 1329 benique,
826 1261 902 1328 post.
950 1266 1003 1305 nec
1027 1254 1109 1323 capta
1135 1251 1232 1307 civitas
1260 1251 1456 1320 obsideretur,
1486 1254 1665 1327 requirebat.
1697 1257 1777 1314 Alter

90 1362 176 1418 quam
189 1332 316 1401 laborem
331 1347 518 1419 nequiverant
535 1350 659 1421 amplius
677 1351 828 1419 sustinere,
846 1367 900 1407 nec
951 1361 1017 1399 vero
1028 1350 1251 1413 sacramentum,
1264 1349 1350 1417 prout
1359 1347 1418 1418 ipse
1430 1348 1618 1403 Buamnndus
1628 1349 1776 1407 collauda·

91 1439 152 1493 sitis
170 1440 302 1495 ardorem
322 1456 512 1511 compescere,
532 1443 671 1513 qnoniam
690 1444 725 1498 ad
743 1444 902 1500 relocillan-
950 1443 1040 1506 teret,
1054 1437 1219 1509 imperotori
1232 1439 1368 1509 fecerant,
1383 1440 1600 1512 pretendebet;
1622 1459 1678 1499 nec
1701 1444 1774 1500 ulla-

91 1532 160 1587 dum
174 1533 252 1588 nulla
271 1533 468 1589 inveniebatur
484 1551 569 1606 aqua,
584 1536 679 1592 conati
702 1540 769 1592 sunt
790 1543 818 1593 et
837 1554 902 1594 cou-
951 1534 1034 1585 tenus
1048 1547 1100 1603 prb
1115 1530 1277 1600 devitando,
1292 1535 1323 1586 bi
1335 1532 1490 1600 atterebat,
1504 1533 1634 1606 helissti⁰
1648 1536 1775 1593 0m⁰lliri

91 1625 235 1692 dixerunt,
254 1626 289 1681 nd
307 1626 454 1682 castellum
476 1644 560 1682 suum
579 1629 767 1700 conglobatim
791 1633 819 1685 et
837 1647 902 1702 gra·
952 1627 1071 1693 peteret·
1085 1624 1269 1680 buamundus
1283 1625 1380 1698 itaque
1390 1626 1553 1696 castellum,
1568 1629 1648 1702 quod
1664 1630 1691 1685 ei
1705 1631 1773 1687 red-

90 1719 182 1773 datim
197 1718 300 1774 redire.
317 1719 373 1775 Sed
386 1734 455 1791 gens
470 1720 599 1776 invalida
612 1725 641 1777 et
654 1722 780 1791 indocta,
793 1691 940 1796 peditesB
953 1717 1044 1773 ditum
1062 1717 1166 1787 fueret,
1186 1719 1306 1773 munivit
1323 1717 1466 1774 elimentis
1484 1726 1512 1775 et
1528 1720 1710 1793 hominibus,
1727 1741 1774 1780 ar·

90 1812 219 1867 videlicet
227 1829 261 1867 ac
273 1812 397 1880 Suriaui,
408 1813 508 1868 ordine
523 1820 618 1885 spreto
630 1822 658 1870 et
671 1815 765 1872 edicto
779 1817 903 1872 militum
953 1811 1009 1864 mis
1021 1816 1049 1866 et
1063 1809 1286 1867 excubitoribus.
1297 1812 1399 1868 Comes
1410 1811 1539 1869 similiter
1551 1813 1695 1886 palatium
1710 1820 1775 1875 cas·

90 1906 231 1977 neglecto,
247 1905 334 1959 nimio
352 1907 473 1977 correpti
491 1923 607 1979 pavore,
627 1913 777 1981 coeperunt
795 1910 902 1982 disgre·
953 1903 1025 1958 situi
1047 1902 1199 1974 admiralii,
1218 1904 1295 1976 quod
1317 1912 1574 1978 preoccupaverat,
1594 1911 1626 1964 et
1647 1913 1774 1980 turrem,

92 1999 180 2070 gatim
202 1998 310 2069 lugere.
333 1999 457 2054 Gentiles
480 2005 577 2056 autem
602 2001 641 2056 eis
663 2002 799 2057 indefessi
820 2003 905 2059 insta·
954 2012 1018 2068 qua
1039 2012 1124 2068 super
1144 2000 1260 2068 pontem
1284 2002 1327 2052 est
1351 2014 1368 2053 a
1388 2005 1473 2071 portu
1499 1999 1594 2056 Sancti
1617 2001 1773 2072 Simeonis,

90 2091 170 2162 baut,
183 2095 212 2146 et
224 2094 305 2163 terga
317 2092 448 2147 cedentes
463 2093 688 2165 insequebantur
701 2102 728 2151 et
744 2095 902 2165 cedebant,
952 2105 1134 2161 summopere
1148 2090 1287 2146 servabat·
1302 2093 1399 2148 Teutae
1413 2096 1498 2147 eruut
1510 2094 1686 2153 ambitiones
1702 2103 1731 2154 et
1742 2099 1776 2155 si-

91 2187 121 2241 et
141 2185 215 2257 lupis
239 2185 401 2253 atrociores,
423 2187 532 2241 nemini
549 2187 715 2260 parcebant.
730 2189 905 2261 Suggerebat
952 2183 1094 2251 multatas,
1106 2188 1136 2238 ut
1148 2187 1250 2240 neuter
1262 2185 1345 2240 alteri
1358 2184 1497 2255 crederet,
1510 2192 1574 2243 uter
1584 2188 1638 2244 sub
1653 2190 1775 2263 palliata

91 2267 156 2333 illiis
182 2277 366 2349 viresoptata
391 2278 519 2349 victoria,
545 2285 573 2335 et
594 2281 742 2351 praesentis
767 2283 905 2354 temporis
952 2276 1108 2332 ambitione
1135 2276 1275 2333 civitatem
1301 2278 1354 2333 sibi
1380 2283 1542 2335 attentaret.
1568 2281 1625 2338 Nec
1654 2285 1774 2357 miram,

90 2371 298 2445 opportunitas.
321 2371 397 2427 blulti
418 2371 514 2444 itaque
537 2377 612 2442 suut,
627 2374 661 2429 dc
688 2377 775 2446 gente
794 2376 904 2447 plebeia
954 2373 1094 2442 quantum
1107 2372 1141 2426 ad
1154 2371 1292 2427 honorem
1308 2374 1337 2426 et
1350 2371 1515 2429 utilitatem.

90 2469 120 2520 et
139 2465 435 2536 pusillanimi,·gladio
457 2466 570 2535 necati;
592 2467 639 2522 alii
659 2483 726 2524 vero
745 2467 835 2523 nimia
857 2469 903 2525 siti
989 2462 1138 2518 Antiochia
1160 2463 1301 2537 siquidem
1330 2464 1425 2520 civitot
1450 2468 1494 2520 est
1523 2467 1721 2538 pulcherrima
1746 2477 1774 2529 et

90 2557 229 2614 suffocati.
243 2557 295 2623 Qui
307 2563 403 2613 autem
417 2558 470 2613 vivi
483 2565 640 2629 evaserunt,
656 2577 721 2616 cnm
739 2561 902 2617 Raimuudo
953 2555 1145 2612 munitissima
1158 2560 1187 2612 et
1200 2557 1379 2629 copiosorum
1397 2558 1566 2616 reddituum
1586 2564 1774 2634 opulentissi-

89 2650 283 2706 Talamaniam
297 2649 455 2719 redierunt,
465 2651 559 2724 ibique
571 2652 630 2708 dies
642 2652 751 2725 aliquot
760 2654 902 2709 lecerunt.
952 2664 1008 2705 mu.
1023 2649 1095 2705 Sunt
1107 2649 1177 2705 inira
1192 2650 1285 2722 ipsam
1297 2657 1421 2723 quatuor
1434 2657 1599 2710 montaneae
1613 2658 1683 2712 satis
1694 2659 1774 2729 altre,

90 2744 197 2800 Occisio
215 2743 276 2798 haec
294 2759 393 2799 mense
413 2745 486 2800 lulio
506 2745 580 2800 lacta
599 2749 650 2813 est,
667 2748 696 2801 et
715 2746 904 2819 superborum
952 2743 982 2797 in
1003 2759 1127 2815 quarum
1142 2758 1208 2812 una,
1231 2743 1392 2799 sublimiori
1411 2745 1527 2815 scilicet,
1546 2748 1699 2806 castellum
1718 2759 1773 2822 est,

90 2836 241 2893 insolentia
254 2837 387 2892 divinitus
399 2839 538 2910 castigata
553 2844 604 2895 est.
619 2839 663 2895 Sic
675 2839 815 2895 nimirum
830 2840 903 2895 lilios
953 2836 1028 2908 quod
1048 2835 1127 2891 omni
1147 2836 1250 2892 civitati
1267 2836 1421 2908 prominet.
1439 2838 1577 2894 [teorsum
1597 2842 1698 2900 civitas
1718 2849 1774 2916 est,

91 2931 179 2987 lsrael
187 2931 216 2985 in
224 2930 308 2985 sacris
315 2930 460 2986 codicibus
467 2932 632 3004 frequenter
641 2932 760 2989 afflictos
769 2933 902 3005 legimus,
954 2929 1089 2985 decenter
1102 2929 1247 3000 edificata,
1265 2933 1295 2985 et
1309 2930 1415 3002 duplici
1428 2947 1511 2989 muro
1527 2933 1639 2991 circum
1651 2938 1773 2996 ambita.

88 3030 117 3082 et
129 3025 158 3079 in
172 3023 247 3079 bello
257 3024 368 3079 victosa
378 3024 530 3081 Philistiim
541 3025 664 3081 etEdom
678 3029 764 3098 atque
780 3027 901 3096 Madian,
952 3022 1046 3077 Murus
1060 3022 1176 3078 interior
1188 3022 1298 3095 amplus
1311 3027 1339 3079 et
1351 3024 1381 3079 in
1396 3039 1463 3080 aera
1476 3032 1683 3098 porrectusest.
1692 3031 1773 3105 blag-

89 3118 208 3190 atiisque
227 3117 326 3172 vicinis
341 3118 491 3190 gentibus3
516 3123 546 3173 nt
561 3125 732 3192 cogerentur
754 3120 789 3174 ad
809 3121 902 3175 Deum
956 3115 1001 3171 nis
1027 3118 1056 3169 et
1081 3114 1197 3187 quadris
1222 3115 1362 3187 lapidibus
1386 3125 1549 3190 compactus
1575 3126 1605 3176 et
1625 3125 1775 3198 compagi-

87 3227 201 3282 semper
213 3226 370 3280 recurrere,
387 3217 416 3266 et
431 3211 460 3266 in
482 3211 677 3268 observatione
701 3212 903 3268 mandatorum
952 3213 1098 3264 natusest.
1113 3210 1143 3264 ln
1160 3224 1218 3281 qua
1232 3210 1307 3264 muri
1322 3212 1489 3283 compagine
1505 3216 1600 3270 turres
1614 3220 1684 3273 sunt
1698 3235 1773 3291 qua·

90 3304 151 3375 ejus
164 3319 357 3374 perseverare.
853 3325 860 3335 ·
953 3302 1105 3374 driugenta
1117 3302 1336 3374 quinquaginta,
1349 3304 1480 3360 formosis
1493 3311 1645 3364 venustate
1658 3312 1774 3368 moeniis

126 3396 285 3454 Antiochiae
306 3401 374 3452 tunc
394 3396 554 3465 haimarus,
579 3396 725 3454 Podiensis
745 3398 902 3470 episcopus,
953 3399 980 3450 et
995 3395 1715 3467 defensaepropugnaculis.binrosereornontantae
1732 3413 1776 3463 est

90 3491 247 3563 egrotavit,
259 3495 287 3545 et
299 3494 418 3561 paterno
431 3506 511 3546 more
525 3491 660 3562 lugubres
680 3491 754 3547 lilios
767 3492 904 3548 couforta-
954 3488 1137 3557 celsitudinis,
1146 3489 1195 3545 sed
1206 3494 1303 3544 tamen
1314 3490 1489 3548 admirandae
1499 3496 1667 3553 venustatis.
1676 3499 1776 3556 Conti-

89 3587 140 3651 vit,
155 3584 291 3656 viamque
312 3583 449 3639 universae
466 3584 558 3639 caruis
574 3583 749 3656 ingrediens,
770 3584 903 3641 Kalendis
952 3584 1002 3638 net
1015 3583 1045 3636 in
1059 3599 1088 3636 se
1103 3587 1242 3638 trecentas
1258 3587 1287 3639 et
1299 3584 1488 3657 quadraginta
1501 3587 1646 3645 ccclesias.
1657 3591 1714 3648 Pro
1724 3610 1775 3650 suo

89 3678 210 3749 Augusti
245 3675 334 3749 [tosa]
366 3677 402 3731 ad
434 3677 591 3733 Dominum
624 3678 767 3750 migravit.
801 3679 903 3734 Luctus
952 3691 1061 3747 magno
1087 3676 1213 3748 primatu
1238 3676 1433 3748 patriarcham
1459 3679 1555 3750 hahet,
1585 3683 1631 3739 cui
1654 3689 1773 3744 centum

90 3770 186 3842 itaque
209 3770 416 3826 immoderatus
433 3771 462 3825 iu
485 3774 545 3826 tota
566 3770 668 3826 Christi
692 3770 793 3826 militia
816 3772 904 3827 lactus
954 3769 1164 3842 quinquaginta
1179 3771 1237 3825 tres
1251 3769 1376 3843 episcopi
1386 3772 1774 3844 snbjiciuntur.ltb0riente

90 3868 142 3932 est,
159 3864 480 3936 quoniamipseluerat
501 3864 651 3919 consilinm
670 3863 821 3933 nobilium,
837 3882 903 3937 spes
954 3862 1093 3918 clauditur
1120 3865 1242 3934 quatuor
1271 3865 1442 3929 montaneis,
1463 3866 1497 3921 ab
1525 3867 1679 3928 Occidente
1706 3890 1774 3932 vero

89 3958 296 4029 orphanorum,
321 3956 504 4012 imbecillium
527 3959 795 4012 sustentamentum.
814 3957 904 4012 ldiliti-
953 3955 1074 4010 civitetis
1087 3971 1183 4011 muros
1198 3956 1296 4011 Farlar
1308 3958 1414 4013 tlumen
1430 3958 1609 4029 praeterfluit.
1624 3964 1689 4021 hec
1700 3969 1776 4024 anti·

87 4051 142 4106 bus
155 4051 240 4105 homo
255 4049 397 4117 militaris,
414 4049 528 4104 clericos
541 4048 711 4104 clericaliter
724 4049 863 4105 edocebat
877 4053 905 4105 et
953 4048 1059 4121 quitus,
1070 4053 1102 4103 ut
1112 4048 1337 4121 hieronymusin
1347 4050 1550 4122 explanatione
1561 4057 1776 4129 prophetarum

89 4142 239 4209 educabat,
249 4141 402 4214 prudentia
415 4141 554 4213 singulari
565 4141 747 4213 praecluebat,
765 4142 904 4214 eloquens
954 4141 1061 4211 scribit,
1076 4142 1215 4198 Reblatha
1230 4142 1303 4198 dicta
1317 4148 1360 4200 est
1369 4162 1378 4215 ;
1394 4145 1442 4201 sed
1457 4162 1473 4200 a
1488 4146 1609 4205 Seleuco
1630 4151 1774 4211 Nicanore

89 4243 117 4294 et
127 4236 272 4309 jucundus
282 4235 413 4291 omnibns
427 4236 519 4292 omnis
532 4238 605 4290 erat.
616 4234 819 4308 singultuosus
834 4253 903 4309 ergo
953 4236 1135 4307 postmodum
1148 4241 1230 4291 aucta
1244 4242 1296 4306 est,
1307 4239 1362 4292 cta
1374 4238 1490 4295 nomine
1500 4240 1589 4311 patris
1600 4244 1655 4314 sui,
1667 4248 1777 4306 scilicet

90 4329 232 4387 exercitus
245 4328 395 4401 exsequias
411 4329 472 4401 ejus
485 4329 709 4397 celebraverunt,
724 4333 752 4384 et
766 4329 903 4386 aromati·
954 4329 1085 4385 Antiochi
1101 4329 1187 4398 Clari,
1203 4331 1352 4386 nominata
1364 4337 1416 4387 cst.

87 4424 140 4480 bus
152 4424 297 4480 conditum
313 4438 417 4494 corpus
426 4422 456 4478 in
467 4423 583 4479 ecclesia
593 4422 688 4479 Sancti
698 4423 771 4479 Petri
784 4424 943 4497 apostolil)
990 4423 1024 4478 Et
1037 4422 1174 4495 qnoniam
1187 4425 1276 4478 tantae
1290 4423 1344 4479 luit
1363 4425 1540 4483 auctoritatis
1558 4433 1588 4485 et
1607 4431 1775 4507 nobilitatis,

90 4518 275 4590 sepelierunt.
953 4519 1053 4587 utpote
1066 4532 1131 4587 qnae
1145 4515 1231 4571 totins
1243 4517 1331 4589 Syriae
1346 4524 1430 4590 capnt
1451 4521 1600 4579 exstiterat
1618 4527 1648 4580 et
1665 4533 1775 4585 metro·

85 4655 87 4659 .
127 4613 229 4669 Comes
242 4611 335 4668 Sancti
351 4610 466 4682 AEgidii,
481 4609 645 4665 nullatenus
662 4609 786 4682 pigritiae
798 4612 842 4666 vel
861 4628 902 4667 so
954 4609 1036 4681 potis,
1052 4609 1151 4665 Franci
1166 4610 1321 4666 noluerunt
1341 4627 1406 4667 eam
1429 4612 1569 4671 devictam
1594 4619 1709 4677 tamem
1732 4623 1774 4679 di·

89 4706 194 4762 cordiae
217 4704 408 4778 acquiescens,
436 4704 504 4775 quin
529 4703 683 4776 gentilibus
697 4704 754 4760 zelo
778 4703 905 4761 inimica·
954 4702 1078 4771 mittere,
1092 4719 1143 4774 per
1161 4719 1247 4775 quam
1262 4703 1400 4776 optabant
1419 4705 1576 4779 primatum
1589 4727 1676 4769 sunm
1691 4714 1776 4789 longe

91 4804 181 4868 retur,
198 4799 331 4854 continuo
342 4800 449 4853 terram
460 4797 683 4852 Sarracenorum
695 4797 839 4868 ingressus
851 4802 903 4867 est,
954 4796 1068 4868 lateque
1079 4795 1219 4868 prolerre,
1231 4802 1259 4853 et
1268 4796 1494 4870 regionesetiam
1502 4802 1677 4877 longinquas
1684 4808 1777 4864 Chris·

90 4898 119 4949 et
132 4893 276 4961 hiberam,
293 4891 420 4947 nobilem
439 4907 541 4946 eorum
562 4891 716 4958 civitatem,
730 4891 905 4963 expugnavit
953 4888 1080 4944 tiauitati
1095 4888 1256 4961 subjugare.
1272 4892 1350 4947 lianc
1364 4909 1416 4964 per
1429 4896 1492 4949 octo
1508 4911 1622 4954 menses
1635 4904 1666 4956 et
1681 4918 1771 4958 uuum

90 4990 118 5041 et
136 4985 275 5041 violenter
296 4984 498 5057 apprehendit.
522 4984 629 5039 Omnes
653 4983 801 5056 utriusque
824 5001 905 5040 sexus
955 4982 1030 5038 diem
1043 4982 1223 5051 obsederant,
1238 4986 1268 5039 et
1281 4984 1310 5039 in
1331 4984 1433 5041 eadem
1451 4987 1513 5058 jam
1533 4996 1618 5062 capta
1646 5010 1700 5065 per
1717 4999 1773 5053 tres

90 5078 210 5134 civitatis
224 5079 330 5133 incolas
346 5095 421 5150 pene
437 5077 571 5150 peremit,
587 5077 746 5149 urbemque
759 5078 904 5133 subactam
955 5076 1147 5132 hebdomadas
1166 5076 1274 5132 obsessi
1296 5081 1370 5133 sunt.
1393 5080 1423 5134 ln
1446 5097 1503 5152 qua
1527 5083 1682 5143 obsidione
1706 5089 1773 5145 diu-

89 5187 139 5226 suo
153 5171 277 5226 dominio
293 5171 474 5243 mancipavit.
491 5172 631 5228 ldoneum
645 5169 675 5226 in
690 5187 724 5227 ea
736 5171 904 5244 pontificem
952 5174 1038 5226 tnrna
1048 5171 1145 5224 tantus
1160 5169 1297 5226 conlluxit
1310 5177 1466 5229 conventus
1482 5175 1645 5247 gentilium,
1663 5183 1696 5236 ut
1711 5183 1775 5238 nul·

89 5262 242 5319 Christiani
267 5263 477 5319 constituerunt
500 5267 529 5319 et
549 5280 614 5337 quae
636 5264 672 5319 ad
700 5265 808 5320 cultum
829 5280 904 5320 verae
954 5263 998 5318 lus
1016 5262 1180 5319 meminerit
1197 5263 1385 5336 copiosiorem
1406 5282 1435 5323 se
1458 5266 1560 5325 vidisse
1586 5271 1633 5326 vel
1659 5274 1772 5332 audisse

89 5355 235 5428 religionis
249 5355 420 5426 attinebant,
442 5356 481 5411 ibi
504 5357 719 5414 ordinaverunt.
738 5358 844 5413 Presul
861 5358 905 5412 Al·
954 5355 1146 5430 frequentiam
1159 5357 1341 5429 populorum.
1355 5359 1569 5432 Requieverunt
1587 5363 1679 5438 igitur
1691 5367 1724 5424 in
1737 5386 1771 5426 sc

88 5450 219 5506 barensis
237 5449 417 5506 Antiochiam
435 5450 537 5506 missus
559 5455 612 5523 est,
633 5451 729 5524 ibiquc
750 5452 904 5509 secuudum
955 5451 1081 5525 quinque
1107 5451 1261 5523 mensibus,
1287 5457 1315 5507 et
1339 5468 1445 5509 norem
1473 5454 1583 5513 diebus.
1607 5459 1664 5516 'lot
1684 5461 1770 5520 rebus

87 5543 221 5599 Ecclesia
234 5543 322 5598 ritum
334 5542 422 5615 digne
437 5548 618 5601 consecratus
631 5548 682 5602 est.
956 5543 1184 5615 occurrentibus,
1204 5544 1358 5601 noluerunt
1380 5561 1443 5602 eam
1468 5546 1584 5606 incaute
1604 5549 1768 5627 dimittam

40 5714 43 5719 .
87 5651 143 5708 xv,
156 5650 334 5707 gemundus
356 5651 415 5706 quw
432 5658 457 5707 ει
475 5653 645 5710 gamunda,
662 5668 746 5709 mnes
768 5654 801 5710 de
816 5655 902 5710 gomi.
954 5638 1002 5693 sed
1014 5637 1090 5694 fideli
1101 5637 1304 5709 delegaverunt
1316 5640 1423 5696 tutelae.
1433 5640 1536 5698 Comes
1547 5646 1645 5701 summ
1659 5648 1771 5705 ethna-

122 5735 191 5789 nutu
203 5730 481 5789 Antiocntacr'uttntts
490 5733 664 5792 contendunt.
673 5734 801 5793 Plurimae
814 5734 905 5794 Chris-
954 5731 1078 5791 mundns
1090 5731 1273 5804 peculiariter
1286 5747 1372 5808 super
1385 5750 1450 5794 eam
1464 5733 1579 5796 sibimet
1590 5738 1768 5817 mgitmsut.
