3750 6046
156 222 208 283 soa
832 214 990 279 obeantur
1011 213 1139 281 erratis
1784 210 1828 277 aet

157 353 329 410 machinatio
365 348 548 422 imperfecta,
583 349 692 405 volente
727 350 797 417 lieo,
838 350 969 423 deperiit.
981 350 1111 439 psentia
1136 350 1323 423 provinciam,
1347 362 1412 421 quae
1435 351 1546 405 rectore
1567 346 1696 417 carebat,
1711 346 1828 403 laetitiae·

157 447 265 504 lleiudc
280 462 385 518 procax
399 460 520 499 noverca
534 444 676 499 veneticos
688 443 827 512 adhibuit,
850 460 969 517 magno·
1020 452 1074 515 ret,
1089 450 1175 517 atique
1189 445 1224 500 ad
1239 444 1448 500 defensandum
1458 446 1558 499 contra
1571 440 1711 515 prolanos
1724 440 1830 513 praedo·

160 556 283 612 rumque
298 538 549 612 pollicitationibus
562 538 746 612 praemiorum
762 536 930 607 sollicitavit,
943 542 971 594 et
1021 556 1071 595 nes
1084 540 1192 611 virgam
1203 538 1323 610 justitiae
1338 537 1486 610 reciperet.

156 633 266 706 regiam
287 632 412 689 sobolem
434 648 541 688 veneno
565 631 670 687 iniecit.
692 629 848 687 Praeclarus
872 632 969 703 itaque
1055 637 1138 688 Anno
1162 632 1198 688 ab
1222 632 1418 688 incarnatione
1441 630 1555 687 Domini
1581 630 1662 697 tres,
1690 628 1831 699 henricus,

153 728 268 801 juvenis
279 727 308 783 in
334 728 438 783 lectum
454 726 568 795 decidit,
595 731 624 781 ct
639 740 690 796 per
711 726 821 798 aliquot
839 725 901 781 dics
917 742 970 781 nec
1021 728 1176 799 auglorum
1192 742 1253 795 rex,
1270 743 1335 783 cum
1351 741 1457 798 magna
1475 727 1563 782 classe
1585 724 1614 781 iu
1629 724 1831 781 Normauniam

159 822 345 890 manducare,
359 836 412 876 nec
436 819 560 875 domrirc
573 820 675 891 potuit.
691 821 766 875 Perre
789 836 887 874 ournes
899 820 971 875 Galli
1021 821 1221 889 transfretavit,
1248 827 1276 876 ct
1300 820 1495 887 tinnientem,
1511 820 1624 891 aliaque
1639 816 1759 889 oppida,
1774 834 1832 889 qun

157 916 408 979 contristabantur,
432 913 509 986 quod
533 914 607 985 regis
630 914 773 985 genuinus
788 914 969 985 heresperi·
1021 915 1119 971 ditioni
1136 915 1198 986 ejus
1220 914 1333 970 subdita
1353 916 1446 979 crant,
1472 930 1535 969 cum
1562 912 1675 984 ingenti
1700 917 1832 983 apparatu

158 1009 309 1065 clitarctur.
336 1007 474 1075 Tandem,
503 1007 613 1063 cunctis
633 1008 805 1063 Francorum
824 1007 971 1063 archiatris
1019 1008 1152 1064 visitavit.
1175 1013 1195 1063 Α
1219 1008 1383 1080 proceribus
1412 1006 1470 1061 suis
1501 1004 1661 1061 honorilice
1690 1010 1833 1077 sirmeptus

156 1101 360 1169 fatiscentibus,
389 1101 507 1173 qnidam
530 1101 657 1156 hirsutus
671 1101 706 1156 de
733 1100 866 1156 Barbarie
881 1100 967 1171 venit,
1020 1106 1073 1169 cst,
1087 1108 1115 1159 ct
1127 1101 1247 1175 copiosis
1261 1101 1428 1156 muneribus
1439 1100 1520 1172 regio
1533 1100 1589 1155 ritu
1602 1100 1769 1155 honoratus
1783 1104 1833 1155 cst.

157 1199 185 1252 et
199 1196 340 1267 apodixen
361 1195 539 1251 medicinalis
558 1195 668 1267 peritiae
684 1211 771 1267 super
786 1195 970 1267 desperatum
1019 1195 1182 1252 bedbertus
1208 1196 1284 1251 enim
1308 1210 1404 1249 comcs
1428 1193 1463 1249 dc
1477 1194 1611 1248 ldellento
1637 1195 1666 1247 et
1682 1192 1835 1247 Richardas

153 1290 290 1362 juvenem
304 1305 435 1345 exercerc
448 1288 543 1360 coepit,
557 1289 674 1360 [leoque
689 1289 810 1356 volente,
829 1288 971 1360 indigenis
1019 1289 1185 1357 cestrensis,
1210 1288 1371 1361 Stephanus
1395 1303 1493 1343 comes
1505 1286 1676 1342 albemarla.
1691 1289 1724 1342 ct
1739 1287 1833 1342 llenri·

157 1383 276 1439 medicis
289 1383 489 1449 invidentibus,
506 1383 637 1454 proiecit.
659 1384 723 1438 llaec
739 1382 876 1438 nimirum
897 1382 970 1438 inter
1019 1400 1069 1438 cus
1094 1383 1237 1449 buccinis,
1264 1383 1349 1438 llotro
1370 1380 1593 1437 Mauritoniensis
1615 1384 1646 1436 et
1670 1381 1834 1435 Etesiarhins

157 1477 286 1535 ethnicos
311 1477 359 1533 diu
373 1481 552 1533 conversatus
569 1476 672 1543 iuerat,
692 1483 720 1532 et
741 1477 882 1548 profunda
901 1477 971 1548 phy·
1020 1477 1206 1544 Britolicrrsis,
1227 1477 1366 1532 Rudrrlius
1388 1475 1425 1531 dc
1438 1474 1561 1531 Cauchis
1575 1478 1607 1529 et
1627 1474 1831 1530 liodberlusb·

158 1573 223 1629 sicae
256 1577 364 1628 secreta
388 1571 529 1627 subtiliter
563 1588 578 1625 a
606 1571 751 1627 didascalis
777 1570 970 1643 indagaverat,
1019 1570 1073 1626 lius
1092 1570 1245 1639 llaimonis,
1263 1570 1580 1627 {lodbertusdelloute
1595 1569 1677 1624 Furti
1692 1568 1831 1623 ctlladul·

159 1683 232 1739 quos
247 1666 383 1721 diuturna
409 1664 587 1735 investigatio
603 1664 790 1736 philosophiae
806 1681 893 1736 super
907 1680 969 1718 om·
1020 1665 1064 1719 lus
1090 1664 1126 1720 dc
1151 1665 1345 1731 hlortuomarr‘,
1372 1664 1475 1737 aliique
1489 1664 1584 1736 plures
1600 1678 1727 1734 magnos
1741 1662 1770 1717 in
1784 1666 1831 1719 hn-

159 1777 211 1816 ncs
224 1760 360 1814 barbaros
375 1758 514 1831 sophistas
530 1758 632 1813 notitia
651 1775 746 1814 rerum
760 1758 970 1813 sublimaverat.
982 1758 1011 1830 Β
1023 1758 1124 1830 glinde
1140 1758 1188 1814 illo
1202 1758 1306 1813 fundos
1319 1758 1462 1823 tenebant,
1476 1757 1541 1813 etin
1553 1758 1689 1812 h'eustria
1698 1757 1760 1827 jam
1775 1772 1832 1811 cum

160 1854 285 1927 Denique
301 1852 379 1923 regia
394 1852 506 1907 soboles
518 1852 670 1922 conualuit,
685 1853 732 1907 sed
748 1852 826 1907 omui
844 1854 969 1924 postmo-
1021 1854 1079 1908 suis
1099 1852 1285 1924 optimatibus
1299 1852 1333 1906 ad
1345 1852 1424 1906 illum
1440 1851 1567 1906 conversi
1580 1850 1713 1917 fueraut,
1734 1854 1764 1905 et
1775 1866 1831 1905 crim

160 1947 229 2003 dum
243 1947 299 2002 vita
309 1961 359 2001 sua
370 1945 492 2017 pallidus
505 1945 619 2001 exstitit.
1022 1946 1121 2001 eodem
1136 1952 1236 2001 contra
1246 1962 1347 2001 omncs
1358 1946 1518 2016 terrigenas
1532 1943 1672 1999 dimicare
1684 1943 1775 2015 parati
1787 1944 1831 1999 ler-

196 2040 415 2099 Convalcscentc
425 2038 567 2110 privigno,
581 2055 704 2095 noverca
716 2038 866 2111 ingemuit.
883 2038 972 2093 Metus
1020 2042 1135 2096 vehant.
1152 2040 1258 2095 lleinde
1272 2056 1332 2107 rex,
1345 2045 1404 2111 post
1416 2039 1524 2111 aliquot
1536 2038 1607 2105 dies,
1622 2038 1748 2093 tratrem
1757 2054 1831 2093 suurn

161 2136 249 2201 euim,
262 2150 315 2208 pro
332 2133 415 2188 malis
427 2149 492 2204 quae
504 2133 571 2187 olim
591 2134 629 2189 illi
646 2136 857 2205 procuraverat,
872 2131 970 2186 odium
1021 2135 1056 2189 ad
1070 2134 1244 2206 colloquium
1260 2133 1397 2201 accersiit,
1413 2136 1583 2205 praesentem
1598 2146 1666 2187 cum
1683 2132 1830 2187 coessenti·

161 2228 299 2303 paricbnt,
326 2231 354 2282 et
375 2228 500 2299 quotidie
525 2227 721 2300 multipliciter
745 2226 880 2298 augebat.
895 2226 972 2290 Qua·
1021 2229 1074 2284 bus
1102 2228 1231 2300 parasitis
1257 2228 1399 2293 convenit,
1426 2227 1602 2297 redarguens
1625 2224 1708 2298 quod
1728 2230 1830 2299 pactrrm

159 2326 277 2397 propter
303 2319 419 2376 exilium
443 2320 483 2375 illi
510 2337 685 2393 magnopere
711 2322 916 2393 peroptaverat,
944 2325 971 2373 cl
1022 2323 1159 2378 intereos
1180 2323 1209 2376 iu
1233 2320 1689 2393 anglialoedrrsirritumleccrit,
1705 2319 1773 2375 dum
1787 2336 1830 2392 pa·

160 2416 258 2472 multis
271 2416 421 2473 conatibus
433 2431 485 2487 per
498 2414 636 2487 plurimos
650 2413 806 2486 iniquitatis
821 2412 973 2484 complices
1022 2434 1083 2472 cem
1099 2434 1164 2472 curu
1176 2416 1318 2471 liudberto
1333 2416 1368 2470 de
1383 2414 1674 2486 Βείιειιιο,ιιιιίιιιιιιιιἱ
1685 2412 1831 2487 proditore,

161 2516 370 2582 procuraverat,
385 2516 416 2566 nt
431 2512 460 2564 et
472 2510 544 2581 ipsa,
566 2508 602 2563 dc
617 2508 719 2564 timore
738 2508 810 2580 ejus,
826 2522 913 2579 quem
928 2506 971 2561 ni·
1022 2511 1083 2565 siue
1097 2511 1172 2583 regis
1194 2510 1309 2565 consilio
1324 2508 1578 2581 corrrpaginaverit,
1601 2508 1690 2580 eique
1713 2506 1830 2564 dominia

160 2606 216 2661 mis
241 2604 408 2671 ollendcrat,
430 2604 555 2671 liberata,
573 2602 600 2658 iu
614 2602 773 2674 principatu
788 2600 970 2672 gloriaretur,
1022 2605 1109 2675 patris
1123 2604 1165 2659 sui
1178 2610 1277 2659 contra
1298 2604 1388 2675 juset
1412 2606 1551 2658 statutum
1566 2601 1699 2669 dederim
1715 2602 1788 2675 quod
1800 2602 1831 2655 la·

160 2704 188 2754 et
203 2698 275 2755 illios
288 2715 362 2765 snos,
378 2698 539 2769 Philippum
554 2702 581 2751 et
607 2698 731 2766 riorum,
745 2696 767 2749 si
782 2696 828 2750 ille
842 2712 970 2750 morere·
1022 2698 1162 2754 truncatis
1175 2701 1204 2752 et
1217 2698 1374 2770 relatoribus
1388 2695 1761 2769 aliisquemalciactoribus,
1777 2710 1830 2767 seg·

160 2796 218 2859 tur,
237 2793 265 2847 in
292 2792 375 2864 regni
398 2790 794 2847 soliosecurioriutronizarc
811 2789 970 2844 moliretur.
1022 2792 1089 2846 uitio
1126 2795 1251 2864 torpens,
1276 2791 1442 2846 deservierit
1468 2791 1536 2861 (5⁰li
1565 2790 1656 2862 quod,
1691 2788 1831 2863 impudicis

161 2887 285 2959 Supplex
306 2886 422 2941 tandem
438 2902 489 2957 pro
510 2884 634 2939 venetica
649 2889 730 2955 pater
742 2883 868 2943 accessit.
883 2900 899 2936 a
913 2883 971 2937 filio
1023 2886 1213 2941 nelrulouibus
1228 2902 1342 2958 pareus,
1359 2890 1448 2941 totam
1474 2884 1530 2940 illis
1550 2884 1762 2940 h'ormanuiam
1783 2883 1831 2938 irn-

160 2980 293 3053 culpahili
318 2996 449 3035 novercae
463 2982 594 3034 reatuum
612 2978 806 3033 remissionem
832 2978 971 3049 poposcit,
1023 2996 1099 3051 punc
1118 2980 1277 3049 dimiserit;
1298 2980 1374 3052 quod
1389 2980 1509 3051 pastoris
1522 2994 1570 3034 sen
1587 2978 1731 3050 principis
1744 2978 1830 3035 locum

161 3075 390 3131 emendationem
406 3072 547 3145 promisit,
563 3078 591 3127 et
610 3071 805 3140 Pontisarianr,
822 3076 971 3144 totumque
1022 3073 1126 3128 sinistra
1141 3073 1328 3145 occupaverit,
1343 3073 1411 3128 dum
1427 3072 1546 3128 rectoris
1561 3072 1695 3127 olllcium
1710 3071 1744 3128 ad
1758 3086 1830 3127 eoru·

161 3167 344 3223 vilcassinum
358 3182 465 3239 pagum
486 3182 538 3238 pro
562 3166 791 3221 reconciliatione
822 3130 1192 3223 concessitcmoditateru
1216 3168 1346 3222 Ecclesia
1370 3166 1418 3223 liei
1445 3173 1473 3222 et
1499 3166 1617 3221 inermis
1649 3165 1753 3239 populi
1780 3180 1832 3221 non

160 3262 326 3329 badericus,
352 3261 482 3316 consultu
511 3260 664 3332 presulum
681 3262 710 3313 et
733 3260 886 3327 baronum,
903 3275 974 3331 quos
1023 3261 1191 3330 exercuerit,
1206 3277 1278 3333 quos
1291 3260 1499 3334 indisciplinate
1513 3260 1764 3332 persequentibus,
1778 3259 1830 3316 vel·

160 3355 213 3412 sihi
226 3355 353 3411 faventes
365 3354 431 3409 satis
444 3354 569 3426 agnovit,
593 3358 620 3409 et
634 3370 686 3425 pro
703 3355 860 3410 reverentia
876 3360 971 3424 pater·
1025 3359 1055 3410 ut
1068 3372 1133 3411 ov'cs
1146 3355 1252 3427 lupinis
1265 3356 1294 3410 in
1312 3354 1452 3425 dentibus,
1467 3355 1542 3409 ultro
1565 3353 1730 3426 reliquerit.
1746 3354 1830 3410 ilatio·

160 3464 207 3506 ιω.
220 3448 409 3517 sublimitatis,
426 3448 536 3503 lucinus
550 3448 677 3503 indulsit.
694 3448 744 3502 llla
764 3464 830 3503 vero
854 3447 890 3501 ad
918 3465 972 3503 nu·
1022 3449 1330 3506 nabilitcreturultum
1351 3450 1494 3521 sapienter
1514 3447 1615 3504 concio
1629 3448 1710 3521 regis
1726 3464 1832 3505 caumm

160 3544 360 3616 tumcjuspro
387 3543 498 3599 detecto
520 3542 626 3598 scelere
651 3542 834 3607 contremuit,
858 3547 896 3610 ct,
922 3558 972 3597 ru·
1024 3560 1102 3598 suam
1117 3544 1303 3615 deprompsit,
1328 3547 1355 3599 et
1379 3543 1485 3612 mrrltis,
1509 3542 1703 3616 genibusque
1717 3542 1833 3599 reatibus

159 3636 229 3693 hore
242 3638 366 3710 perlusa,
378 3636 440 3708 ejus
462 3636 565 3692 ancilla
579 3636 661 3705 lacta,
677 3636 884 3707 indulgentiam
900 3634 972 3691 obli·
1024 3637 1125 3693 ducem
1138 3638 1294 3693 [arternum
1308 3638 1398 3694 loedus
1412 3638 1532 3693 violasse
1545 3638 1680 3707 asseruit,
1694 3654 1767 3710 quos
1779 3637 1831 3706 ille,

160 3732 233 3802 uruit,
249 3736 334 3803 atque
344 3731 378 3786 ab
393 3730 666 3798 iltiusiulestatioue,
682 3746 767 3801 quem
780 3735 819 3784 tot
833 3728 974 3785 molestiis
1023 3748 1076 3803 per
1088 3732 1290 3804 vituperabiles
1314 3732 1438 3803 collegas
1451 3749 1515 3787 suos
1527 3748 1587 3787 sese
1610 3732 1777 3805 purgando,
1791 3730 1834 3787 de·

159 3828 327 3891 tentaverat,
344 3824 433 3880 invita
445 3824 574 3881 cessavit.
1023 3843 1127 3898 negare
1142 3844 1199 3882 uon
1214 3828 1316 3899 potuit.
1341 3826 1432 3882 Seusu
1448 3826 1553 3899 quippe
1578 3828 1610 3881 ct
1626 3825 1730 3883 amicis
1752 3824 1832 3881 desti-

196 3918 354 3974 Lndovieus
377 3921 491 3983 aulem,
520 3922 583 3989 post
605 3918 732 3989 quinque
760 3933 868 3984 anuos,
895 3924 974 3989 patrc
1023 3925 1100 3975 tutus
1125 3920 1278 3992 crat,quia
1301 3920 1442 3976 bonorum
1466 3918 1608 3975 consortia
1621 3923 1651 3975 et
1676 3920 1833 3994 sapientum

160 4012 303 4078 defuncto,
332 4026 452 4083 reguum
480 4011 577 4066 Galliac
605 4010 737 4079 obtinuit,
754 4016 782 4065 ct
804 4013 974 4068 xrvuaunis
1023 4014 1140 4070 consilia
1167 4012 1398 4086 parvipendebat,
1425 4013 1553 4086 sedqum
1575 4014 1722 4069 contraria
1748 4018 1832 4083 erant,

161 4105 300 4177 regnavit.
316 4105 467 4159 henricum
482 4120 558 4171 veru,
574 4120 673 4175 regem
687 4104 857 4175 auglorum,
872 4104 900 4159 iu
916 4121 973 4177 quo
1023 4107 1126 4178 adsui,
1142 4108 1358 4181 multorumque
1374 4108 1558 4177 detrimenta,
1571 4107 1774 4166 miserabiliter
1788 4123 1833 4181 ap-

161 4214 296 4271 magnam
311 4198 406 4264 tidem,
423 4201 454 4252 ut
477 4197 583 4252 dictum
599 4204 651 4266 est,
676 4198 832 4265 invenerat,
858 4215 975 4271 sempor
1023 4200 1147 4273 petebat.
1163 4201 1251 4256 Variis
1264 4202 1359 4274 itaque
1371 4203 1427 4259 dux
1437 4201 1678 4276 perplexitatibus
1690 4218 1833 4259 causarum

161 4292 269 4360 dilexit,
284 4309 335 4347 nec
355 4307 495 4363 unquam,
513 4292 565 4346 nisi
577 4291 693 4359 invitus,
709 4296 738 4347 et
753 4306 804 4363 per
819 4292 974 4349 maledicos
1024 4294 1160 4363 irretitus,
1174 4312 1237 4351 cum
1251 4296 1310 4350 suis
1320 4296 1470 4351 consilium
1480 4295 1555 4366 iniit,
1569 4312 1614 4366 ao,
1625 4300 1658 4352 ut
1670 4296 1832 4354 debiliorem

160 4386 331 4460 proditores,
346 4389 446 4441 contra
462 4385 594 4441 eumdem
610 4386 740 4458 litigavit.
1023 4386 1153 4459 decebat,
1169 4388 1322 4445 amicitiam
1338 4388 1507 4461 potentioris
1519 4388 1612 4462 petiit,
1626 4390 1715 4463 cique
1729 4388 1834 4448 Guillel·

195 4480 361 4553 hadulphus
375 4479 409 4537 de
424 4479 546 4536 Conchis
569 4484 634 4553 post
658 4480 768 4536 obitum
792 4480 882 4553 patris
896 4498 1113 4576 mareDmum,
1128 4483 1274 4539 consulem
1301 4483 1470 4551 Ebroarum,
1485 4499 1551 4539 cunr
1576 4484 1717 4541 comitatu
1738 4500 1790 4541 suo
1809 4486 1835 4539 et

159 4572 357 4643 transfretavit,
383 4578 412 4630 et
436 4590 535 4646 aroge
560 4574 723 4647 benigniter
739 4579 897 4647 srrsccptus,
921 4592 971 4647 pa·
1025 4576 1159 4632 oninihus
1173 4577 1226 4631 sibi
1242 4578 1384 4650 subiectis,
1401 4578 1546 4634 concessit.
1571 4578 1833 4646 Metuebanteuim,

161 4674 258 4726 ternos
282 4669 384 4724 fundos
409 4668 525 4742 recepit,
554 4671 640 4740 atque
667 4668 822 4737 hdeliza'm,
849 4670 975 4725 Grraltevi
1025 4672 1084 4725 tani
1101 4669 1160 4743 ipsc
1175 4688 1262 4743 quam
1285 4672 1526 4741 ianitoressui,nc
1541 4672 1834 4729 mauilestoexamioe

162 4762 274 4819 comitia
286 4769 316 4818 ct
335 4762 442 4831 trinita,
459 4762 636 4818 consobrinae
654 4763 738 4833 regis,
759 4763 857 4829 liliam,
873 4764 972 4834 couju-
1024 4765 1301 4837 deprehenderetur,
1315 4769 1401 4839 ablue
1413 4768 1626 4839 ducatu,quem
1638 4768 1833 4840 nomine,uou

161 4870 229 4929 gem
242 4854 359 4929 accepit,
376 4872 440 4927 quoe
453 4856 608 4928 ltogcrium
624 4861 651 4910 et
665 4857 813 4927 hugonem
834 4862 863 4912 et
881 4858 975 4929 plures
1025 4858 1146 4929 actione,
1164 4860 1302 4931 gestabat,
1326 4860 1430 4917 rnorito
1443 4861 1623 4933 spoliaretur,
1637 4868 1690 4917 aut
1702 4862 1832 4919 lormida-

161 4950 232 5007 illias
255 4950 377 5024 peperit.
405 4950 451 5006 Sic
475 4949 523 5005 alii
550 4965 680 5022 proceres
694 4950 802 5005 cordati
825 4951 973 5007 socordem
1025 4952 1110 5007 bitem
1127 4970 1258 5025 guerram
1275 4970 1326 5026 per
1337 4972 1419 5010 arum
1433 4953 1599 5027 sceptrigeri
1613 4955 1711 5011 fratris
1723 4956 1760 5012 ad
1774 4956 1835 5011 irre·

162 5044 309 5101 dominum
320 5044 544 5116 dereliquerunt,
560 5049 587 5100 et
601 5047 744 5099 senarium
758 5060 856 5117 regem
869 5045 976 5101 utiliter
1023 5047 1182 5118 parabilem
1197 5064 1287 5120 usque
1300 5047 1489 5121 dejectionem
1503 5053 1660 5120 paeteretur.

163 5138 353 5208 expetierunt,
368 5154 400 5193 ac
419 5143 451 5194 ut
466 5138 611 5211 languenti
627 5137 757 5194 Ecclesia
773 5138 831 5207 liei,
847 5138 973 5195 miserae·
1061 5140 1214 5195 Praeclarus
1229 5158 1335 5209 comcs,
1351 5147 1381 5198 ut
1406 5158 1436 5197 se
1449 5142 1530 5215 qnasi
1558 5158 1666 5216 equum
1680 5144 1724 5199 rel
1739 5144 1832 5200 bovem

162 5246 227 5303 quae
244 5231 355 5303 regioni
383 5232 594 5305 suffragaretur,
618 5233 973 5305 lacrymabilitcrpostola-
1025 5232 1149 5289 dandum
1162 5235 1279 5303 audivit,
1309 5237 1501 5309 frugalitatem
1515 5252 1607 5306 suam,
1621 5237 1665 5294 vel
1679 5238 1767 5295 tidem
1780 5252 1833 5295 ser·

163 5327 276 5380 verunt.
295 5324 447 5381 llultorum
473 5326 567 5397 itaque
589 5324 815 5381 Normnunorum
839 5328 975 5399 petitione
1024 5330 1207 5397 varevolens,
1225 5330 1317 5401 palam
1341 5330 1474 5386 omnibus
1496 5331 1584 5387 dixit:
1610 5333 1694 5389 Omni
1711 5334 1833 5389 eitrrmee

161 5415 323 5489 benigniter
337 5418 463 5491 prrlsatns
475 5422 527 5487 cst,
542 5425 601 5475 eta
620 5418 760 5491 pluribus,
776 5424 834 5475 tam
858 5422 973 5477 clerica·
1022 5424 1100 5492 patri
1109 5424 1320 5495 vestr-ofideliter
1330 5428 1439 5490 sereim,
1453 5442 1632 5497 necunquam
1643 5430 1671 5483 ei
1680 5430 1833 5501 mensem

162 5511 197 5567 lis
223 5526 309 5583 qnam
338 5510 443 5567 laicalis
471 5510 588 5580 ordinis,
604 5512 821 5571 honorabilibus
845 5516 975 5587 persouis
1022 5516 1102 5585 fidem
1117 5518 1251 5589 irreliquo
1267 5522 1467 5585 contoodnooic
1481 5536 1566 5592 quom
1586 5522 1768 5579 nihilominus
1783 5522 1833 5577 ln·

161 5602 267 5661 obnixe
285 5610 402 5677 rogatus
417 5608 470 5673 est,
486 5609 520 5661 ut
537 5612 683 5677 paternam
698 5608 905 5679 hereditatem,
918 5627 974 5684 que
1023 5611 1085 5667 redi
1095 5612 1156 5681 eius
1168 5628 1253 5683 usqne
1267 5614 1346 5671 hodie
1364 5616 1479 5682 niuem,
1499 5620 1525 5671 et
1538 5618 1732 5687 temperem
1740 5622 1834 5673 mea

161 5696 366 5757 miserabiliter
389 5697 600 5765 devastabatur,
616 5698 753 5770 visitaret,
770 5718 878 5777 suaque
902 5720 973 5779 prae·
1023 5720 1131 5763 serrare
1152 5707 1267 5764 decreti.
1298 5709 1361 5778 Sed,
1382 5712 1448 5783 quio
1465 5708 1630 5783 impossibile
1652 5716 1704 5779 nr,
1726 5716 1761 5769 at
1780 5712 1834 5787 sper

179 5798 237 5867 (eu)
248 5796 292 5851 Le
303 5796 383 5851 Pror.
401 5796 543 5855 Chorotus
554 5810 562 5849 :
573 5795 728 5852 deseruerit.
