<?xml version="1.0" encoding="UTF-8"?>
<!DOCTYPE html PUBLIC "-//W3C//DTD XHTML 1.0 Transitional//EN"
    "http://www.w3.org/TR/xhtml1/DTD/xhtml1-transitional.dtd">
<html xmlns="http://www.w3.org/1999/xhtml" xml:lang="en" lang="en">
 <head>
  <title>
</title>
<meta http-equiv="Content-Type" content="text/html;charset=utf-8" />
  <meta name='ocr-system' content='tesseract 3.04.00' />
  <meta name='ocr-capabilities' content='ocr_page ocr_carea ocr_par ocr_line ocrx_word'/>
</head>
<body>
  <div class='ocr_page' id='page_1' title='image "./patrologiaecurs67unkngoog_0251.png"; bbox 0 0 3750 6046; ppageno 0'>
   <div class='ocr_carea' id='block_1_1' title="bbox 160 176 1840 277">
    <p class='ocr_par' dir='ltr' id='par_1_1' title="bbox 160 176 1840 277">
     <span class='ocr_line' id='line_1_1' title="bbox 160 176 1840 277; baseline 0.002 -4"><span class='ocrx_word' id='word_1_1' title='bbox 160 215 213 275; x_wconf 76' lang='lat' dir='ltr'><strong>aaa</strong></span> <span class='ocrx_word' id='word_1_2' title='bbox 817 206 1012 274; x_wconf 82' lang='lat' dir='ltr'><strong>‘oaonarcr</strong></span> <span class='ocrx_word' id='word_1_3' title='bbox 1031 216 1161 274; x_wconf 82' lang='lat' dir='ltr'><strong>unaue</strong></span> <span class='ocrx_word' id='word_1_4' title='bbox 1736 176 1741 185; x_wconf 47' lang='lat'>⁵</span> <span class='ocrx_word' id='word_1_5' title='bbox 1791 220 1840 277; x_wconf 79' lang='lat' dir='ltr'><strong>ese</strong></span> 
     </span>
    </p>
   </div>
   <div class='ocr_carea' id='block_1_2' title="bbox 149 336 1839 2098">
    <p class='ocr_par' dir='ltr' id='par_1_2' title="bbox 149 336 1839 2098">
     <span class='ocr_line' id='line_1_2' title="bbox 159 336 1839 430; baseline 0.003 -36"><span class='ocrx_word' id='word_1_6' title='bbox 159 342 298 395; x_wconf 72' lang='lat' dir='ltr'>visionem</span> <span class='ocrx_word' id='word_1_7' title='bbox 310 337 388 409; x_wconf 88' lang='lat' dir='ltr'><strong>vidit,</strong></span> <span class='ocrx_word' id='word_1_8' title='bbox 401 353 458 411; x_wconf 91' lang='lat' dir='ltr'><strong>qua</strong></span> <span class='ocrx_word' id='word_1_9' title='bbox 468 336 586 395; x_wconf 90' lang='lat' dir='ltr'><strong>edoctus</strong></span> <span class='ocrx_word' id='word_1_10' title='bbox 596 337 773 395; x_wconf 87' lang='lat' dir='ltr'><strong>ilarduinum</strong></span> <span class='ocrx_word' id='word_1_11' title='bbox 786 343 974 411; x_wconf 83' lang='lat' dir='ltr'><strong>aegrotantem</strong></span> <span class='ocrx_word' id='word_1_12' title='bbox 986 356 1015 430; x_wconf 67' lang='grc' dir='ltr'><strong>Α</strong></span> <span class='ocrx_word' id='word_1_13' title='bbox 1026 340 1093 396; x_wconf 88' lang='lat' dir='ltr'><strong>bere</strong></span> <span class='ocrx_word' id='word_1_14' title='bbox 1111 342 1273 410; x_wconf 89' lang='lat' dir='ltr'><strong>doluerunt,</strong></span> <span class='ocrx_word' id='word_1_15' title='bbox 1293 346 1322 398; x_wconf 90' lang='lat' dir='ltr'><strong>ot</strong></span> <span class='ocrx_word' id='word_1_16' title='bbox 1336 341 1477 414; x_wconf 92' lang='lat' dir='ltr'><strong>quomodo</strong></span> <span class='ocrx_word' id='word_1_17' title='bbox 1494 340 1547 399; x_wconf 91' lang='lat' dir='ltr'><strong>sihi</strong></span> <span class='ocrx_word' id='word_1_18' title='bbox 1561 343 1729 400; x_wconf 79' lang='lat' dir='ltr'>redderetur</span> <span class='ocrx_word' id='word_1_19' title='bbox 1743 345 1839 400; x_wconf 87' lang='lat' dir='ltr'><strong>multis</strong></span> 
     </span>
     <span class='ocr_line' id='line_1_3' title="bbox 159 433 1838 506; baseline 0.004 -19"><span class='ocrx_word' id='word_1_20' title='bbox 159 435 294 501; x_wconf 86' lang='lat' dir='ltr'><strong>visitavit,</strong></span> <span class='ocrx_word' id='word_1_21' title='bbox 322 439 351 488; x_wconf 86' lang='lat' dir='ltr'><strong>et</strong></span> <span class='ocrx_word' id='word_1_22' title='bbox 376 450 486 489; x_wconf 88' lang='lat' dir='ltr'><strong>sacrum</strong></span> <span class='ocrx_word' id='word_1_23' title='bbox 514 434 550 489; x_wconf 88' lang='lat' dir='ltr'><strong>ad</strong></span> <span class='ocrx_word' id='word_1_24' title='bbox 577 433 724 505; x_wconf 70' lang='lat' dir='ltr'><strong>pristinam</strong></span> <span class='ocrx_word' id='word_1_25' title='bbox 751 433 848 489; x_wconf 91' lang='lat' dir='ltr'><strong>sedem</strong></span> <span class='ocrx_word' id='word_1_26' title='bbox 879 435 973 490; x_wconf 87' lang='lat' dir='ltr'><strong>revehi</strong></span> <span class='ocrx_word' id='word_1_27' title='bbox 1026 435 1119 489; x_wconf 86' lang='lat' dir='ltr'><strong>ruodis</strong></span> <span class='ocrx_word' id='word_1_28' title='bbox 1141 437 1325 506; x_wconf 88' lang='lat' dir='ltr'><strong>quaesierunt,</strong></span> <span class='ocrx_word' id='word_1_29' title='bbox 1345 453 1397 491; x_wconf 88' lang='lat' dir='ltr'><strong>nec</strong></span> <span class='ocrx_word' id='word_1_30' title='bbox 1418 436 1512 492; x_wconf 88' lang='lat' dir='ltr'><strong>adhuc</strong></span> <span class='ocrx_word' id='word_1_31' title='bbox 1532 436 1661 493; x_wconf 86' lang='lat' dir='ltr'><strong>invenire</strong></span> <span class='ocrx_word' id='word_1_32' title='bbox 1678 438 1838 495; x_wconf 84' lang='lat' dir='ltr'><strong>valuerunt.</strong></span> 
     </span>
     <span class='ocr_line' id='line_1_4' title="bbox 158 527 1839 603; baseline 0.002 -20"><span class='ocrx_word' id='word_1_33' title='bbox 158 545 257 584; x_wconf 79' lang='lat' dir='ltr'><strong>sanaim</strong></span> <span class='ocrx_word' id='word_1_34' title='bbox 284 529 480 593; x_wconf 81' lang='lat' dir='ltr'><strong>commonuit,</strong></span> <span class='ocrx_word' id='word_1_35' title='bbox 509 527 636 599; x_wconf 90' lang='lat' dir='ltr'><strong>alioquin</strong></span> <span class='ocrx_word' id='word_1_36' title='bbox 662 527 744 581; x_wconf 89' lang='lat' dir='ltr'><strong>illum</strong></span> <span class='ocrx_word' id='word_1_37' title='bbox 775 528 975 583; x_wconf 68' lang='lat' dir='ltr'><strong>irrecitabiliter</strong></span> <span class='ocrx_word' id='word_1_38' title='bbox 1026 529 1057 581; x_wconf 82' lang='lat' dir='ltr'><strong>Et</strong></span> <span class='ocrx_word' id='word_1_39' title='bbox 1077 530 1213 598; x_wconf 88' lang='lat' dir='ltr'><strong>quoniam</strong></span> <span class='ocrx_word' id='word_1_40' title='bbox 1233 533 1324 584; x_wconf 88' lang='lat' dir='ltr'><strong>totum</strong></span> <span class='ocrx_word' id='word_1_41' title='bbox 1347 530 1519 586; x_wconf 86' lang='lat' dir='ltr'><strong>desiderium</strong></span> <span class='ocrx_word' id='word_1_42' title='bbox 1539 532 1839 603; x_wconf 88' lang='lat' dir='ltr'><strong>suumsupcrhacre</strong></span> 
     </span>
     <span class='ocr_line' id='line_1_5' title="bbox 159 620 1839 696; baseline 0.002 -20"><span class='ocrx_word' id='word_1_43' title='bbox 159 622 329 678; x_wconf 90' lang='lat' dir='ltr'><strong>moriturum</strong></span> <span class='ocrx_word' id='word_1_44' title='bbox 345 622 484 694; x_wconf 74' lang='lat' dir='ltr'><strong>predixit.</strong></span> <span class='ocrx_word' id='word_1_45' title='bbox 501 621 581 686; x_wconf 83' lang='lat' dir='ltr'><strong>Quod</strong></span> <span class='ocrx_word' id='word_1_46' title='bbox 599 620 716 676; x_wconf 90' lang='lat' dir='ltr'><strong>audiens</strong></span> <span class='ocrx_word' id='word_1_47' title='bbox 730 636 816 691; x_wconf 85' lang='lat' dir='ltr'><strong>mger,</strong></span> <span class='ocrx_word' id='word_1_48' title='bbox 833 620 972 676; x_wconf 80' lang='lat' dir='ltr'><strong>familiam</strong></span> <span class='ocrx_word' id='word_1_49' title='bbox 1024 622 1151 676; x_wconf 90' lang='lat' dir='ltr'><strong>nondum</strong></span> <span class='ocrx_word' id='word_1_50' title='bbox 1171 623 1370 694; x_wconf 87' lang='lat' dir='ltr'><strong>impleverunt,</strong></span> <span class='ocrx_word' id='word_1_51' title='bbox 1386 623 1448 695; x_wconf 89' lang='lat' dir='ltr'><strong>jam</strong></span> <span class='ocrx_word' id='word_1_52' title='bbox 1464 624 1560 695; x_wconf 88' lang='lat' dir='ltr'><strong>plures</strong></span> <span class='ocrx_word' id='word_1_53' title='bbox 1579 623 1711 696; x_wconf 72' lang='lat' dir='ltr'><strong>reliquias</strong></span> <span class='ocrx_word' id='word_1_54' title='bbox 1725 625 1839 680; x_wconf 81' lang='lat' dir='ltr'><strong>diversis</strong></span> 
     </span>
     <span class='ocr_line' id='line_1_6' title="bbox 157 713 1836 790; baseline 0.002 -20"><span class='ocrx_word' id='word_1_55' title='bbox 157 719 286 771; x_wconf 90' lang='lat' dir='ltr'><strong>actutum</strong></span> <span class='ocrx_word' id='word_1_56' title='bbox 298 716 471 777; x_wconf 83' lang='lat' dir='ltr'><strong>convocavit,</strong></span> <span class='ocrx_word' id='word_1_57' title='bbox 485 715 654 786; x_wconf 78' lang='lat' dir='ltr'><strong>quadrigam</strong></span> <span class='ocrx_word' id='word_1_58' title='bbox 670 730 735 768; x_wconf 91' lang='lat' dir='ltr'><strong>cnm</strong></span> <span class='ocrx_word' id='word_1_59' title='bbox 749 713 838 769; x_wconf 91' lang='lat' dir='ltr'><strong>bobus</strong></span> <span class='ocrx_word' id='word_1_60' title='bbox 850 715 973 785; x_wconf 89' lang='lat' dir='ltr'><strong>coaptari</strong></span> <span class='ocrx_word' id='word_1_61' title='bbox 1024 714 1115 768; x_wconf 89' lang='lat' dir='ltr'><strong>modis</strong></span> <span class='ocrx_word' id='word_1_62' title='bbox 1148 723 1384 786; x_wconf 88' lang='lat' dir='ltr'><strong>procuraverunt,</strong></span> <span class='ocrx_word' id='word_1_63' title='bbox 1410 716 1550 788; x_wconf 81' lang='lat' dir='ltr'><strong>variisque</strong></span> <span class='ocrx_word' id='word_1_64' title='bbox 1578 717 1772 790; x_wconf 68' lang='lat' dir='ltr'><strong>temporibus,</strong></span> <span class='ocrx_word' id='word_1_65' title='bbox 1798 718 1836 773; x_wconf 87' lang='lat' dir='ltr'><strong>la-</strong></span> 
     </span>
     <span class='ocr_line' id='line_1_7' title="bbox 157 808 1398 882; baseline 0 -18"><span class='ocrx_word' id='word_1_66' title='bbox 157 809 305 882; x_wconf 79' lang='lat' dir='ltr'><strong>praacepit,</strong></span> <span class='ocrx_word' id='word_1_67' title='bbox 333 825 488 880; x_wconf 82' lang='lat' dir='ltr'><strong>saxumque</strong></span> <span class='ocrx_word' id='word_1_68' title='bbox 514 808 548 863; x_wconf 91' lang='lat' dir='ltr'><strong>ad</strong></span> <span class='ocrx_word' id='word_1_69' title='bbox 573 808 706 863; x_wconf 88' lang='lat' dir='ltr'><strong>Sanctam</strong></span> <span class='ocrx_word' id='word_1_70' title='bbox 732 808 854 879; x_wconf 81' lang='lat' dir='ltr'><strong>Virginis</strong></span> <span class='ocrx_word' id='word_1_71' title='bbox 878 809 974 863; x_wconf 89' lang='lat' dir='ltr'><strong>ldatris</strong></span> <span class='ocrx_word' id='word_1_72' title='bbox 1023 809 1192 874; x_wconf 73' lang='lat' dir='ltr'><strong>santoneo,</strong></span> <span class='ocrx_word' id='word_1_73' title='bbox 1213 809 1398 864; x_wconf 83' lang='lat' dir='ltr'><strong>reduxerunt.</strong></span> 
     </span>
     <span class='ocr_line' id='line_1_8' title="bbox 157 901 1838 978; baseline 0.002 -20"><span class='ocrx_word' id='word_1_74' title='bbox 157 905 250 959; x_wconf 80' lang='lat' dir='ltr'><strong>aedem</strong></span> <span class='ocrx_word' id='word_1_75' title='bbox 272 904 370 958; x_wconf 85' lang='lat' dir='ltr'><strong>rcdnci</strong></span> <span class='ocrx_word' id='word_1_76' title='bbox 386 902 487 958; x_wconf 83' lang='lat' dir='ltr'><strong>obnixe</strong></span> <span class='ocrx_word' id='word_1_77' title='bbox 506 902 624 973; x_wconf 90' lang='lat' dir='ltr'><strong>rogavit.</strong></span> <span class='ocrx_word' id='word_1_78' title='bbox 639 901 712 957; x_wconf 84' lang='lat' dir='ltr'><strong>Saxo</strong></span> <span class='ocrx_word' id='word_1_79' title='bbox 732 902 826 973; x_wconf 92' lang='lat' dir='ltr'><strong>itaque</strong></span> <span class='ocrx_word' id='word_1_80' title='bbox 844 902 873 956; x_wconf 93' lang='lat' dir='ltr'><strong>in</strong></span> <span class='ocrx_word' id='word_1_81' title='bbox 888 919 971 957; x_wconf 85' lang='lat' dir='ltr'><strong>crrrrn</strong></span> <span class='ocrx_word' id='word_1_82' title='bbox 1059 901 1152 968; x_wconf 79' lang='lat' dir='ltr'><strong>Falco,</strong></span> <span class='ocrx_word' id='word_1_83' title='bbox 1174 902 1344 973; x_wconf 69' lang='lat' dir='ltr'><strong>praepositus</strong></span> <span class='ocrx_word' id='word_1_84' title='bbox 1363 903 1500 958; x_wconf 75' lang='lat' dir='ltr'><strong>Uticensis</strong></span> <span class='ocrx_word' id='word_1_85' title='bbox 1519 904 1655 972; x_wconf 78' lang='lat' dir='ltr'><strong>ecclesiae,</strong></span> <span class='ocrx_word' id='word_1_86' title='bbox 1673 905 1724 978; x_wconf 90' lang='lat' dir='ltr'><strong>qni</strong></span> <span class='ocrx_word' id='word_1_87' title='bbox 1744 910 1838 976; x_wconf 88' lang='lat' dir='ltr'><strong>postea</strong></span> 
     </span>
     <span class='ocr_line' id='line_1_9' title="bbox 156 994 1836 1071; baseline 0.002 -20"><span class='ocrx_word' id='word_1_88' title='bbox 156 996 247 1052; x_wconf 86' lang='lat' dir='ltr'><strong>levato</strong></span> <span class='ocrx_word' id='word_1_89' title='bbox 272 998 332 1068; x_wconf 85' lang='lat' dir='ltr'><strong>ipsc</strong></span> <span class='ocrx_word' id='word_1_90' title='bbox 358 996 554 1067; x_wconf 87' lang='lat' dir='ltr'><strong>superpositus</strong></span> <span class='ocrx_word' id='word_1_91' title='bbox 581 999 633 1063; x_wconf 89' lang='lat' dir='ltr'><strong>est,</strong></span> <span class='ocrx_word' id='word_1_92' title='bbox 659 1001 688 1050; x_wconf 88' lang='lat' dir='ltr'><strong>el</strong></span> <span class='ocrx_word' id='word_1_93' title='bbox 714 995 805 1065; x_wconf 88' lang='lat' dir='ltr'><strong>lapide</strong></span> <span class='ocrx_word' id='word_1_94' title='bbox 832 996 868 1051; x_wconf 89' lang='lat' dir='ltr'><strong>dc</strong></span> <span class='ocrx_word' id='word_1_95' title='bbox 893 1014 972 1052; x_wconf 88' lang='lat' dir='ltr'><strong>sacra</strong></span> <span class='ocrx_word' id='word_1_96' title='bbox 1022 994 1146 1049; x_wconf 89' lang='lat' dir='ltr'><strong>Uivensis</strong></span> <span class='ocrx_word' id='word_1_97' title='bbox 1167 994 1254 1049; x_wconf 88' lang='lat' dir='ltr'><strong>abbas</strong></span> <span class='ocrx_word' id='word_1_98' title='bbox 1273 996 1362 1050; x_wconf 87' lang='lat' dir='ltr'><strong>lactus</strong></span> <span class='ocrx_word' id='word_1_99' title='bbox 1382 998 1434 1062; x_wconf 89' lang='lat' dir='ltr'><strong>est,</strong></span> <span class='ocrx_word' id='word_1_100' title='bbox 1452 1012 1469 1050; x_wconf 92' lang='lat' dir='ltr'><strong>a</strong></span> <span class='ocrx_word' id='word_1_101' title='bbox 1487 997 1640 1052; x_wconf 84' lang='lat' dir='ltr'><strong>Guillclmo</strong></span> <span class='ocrx_word' id='word_1_102' title='bbox 1658 999 1752 1053; x_wconf 85' lang='lat' dir='ltr'><strong>Notbo</strong></span> <span class='ocrx_word' id='word_1_103' title='bbox 1772 1015 1836 1071; x_wconf 86' lang='lat' dir='ltr'><strong>rege</strong></span> 
     </span>
     <span class='ocr_line' id='line_1_10' title="bbox 157 1087 1835 1162; baseline 0.001 -18"><span class='ocrx_word' id='word_1_104' title='bbox 157 1090 253 1157; x_wconf 91' lang='lat' dir='ltr'><strong>domo,</strong></span> <span class='ocrx_word' id='word_1_105' title='bbox 276 1107 362 1162; x_wconf 91' lang='lat' dir='ltr'><strong>quem</strong></span> <span class='ocrx_word' id='word_1_106' title='bbox 385 1096 528 1161; x_wconf 81' lang='lat' dir='ltr'><strong>rapuerat,</strong></span> <span class='ocrx_word' id='word_1_107' title='bbox 550 1089 673 1156; x_wconf 89' lang='lat' dir='ltr'><strong>reddito,</strong></span> <span class='ocrx_word' id='word_1_108' title='bbox 696 1092 804 1144; x_wconf 84' lang='lat' dir='ltr'><strong>reatum</strong></span> <span class='ocrx_word' id='word_1_109' title='bbox 829 1091 971 1145; x_wconf 80' lang='lat' dir='ltr'><strong>confessus</strong></span> <span class='ocrx_word' id='word_1_110' title='bbox 1021 1087 1179 1157; x_wconf 73' lang='lat' dir='ltr'><strong>anglorum</strong></span> <span class='ocrx_word' id='word_1_111' title='bbox 1193 1087 1228 1141; x_wconf 91' lang='lat' dir='ltr'><strong>ad</strong></span> <span class='ocrx_word' id='word_1_112' title='bbox 1249 1089 1360 1142; x_wconf 79' lang='lat' dir='ltr'><strong>Ueliam</strong></span> <span class='ocrx_word' id='word_1_113' title='bbox 1376 1088 1551 1144; x_wconf 86' lang='lat' dir='ltr'><strong>comitissam</strong></span> <span class='ocrx_word' id='word_1_114' title='bbox 1570 1106 1621 1162; x_wconf 90' lang='lat' dir='ltr'><strong>pro</strong></span> <span class='ocrx_word' id='word_1_115' title='bbox 1636 1090 1753 1162; x_wconf 80' lang='lat' dir='ltr'><strong>privatis</strong></span> <span class='ocrx_word' id='word_1_116' title='bbox 1772 1109 1835 1146; x_wconf 86' lang='lat' dir='ltr'><strong>cau·</strong></span> 
     </span>
     <span class='ocr_line' id='line_1_11' title="bbox 155 1183 1835 1260; baseline 0.004 -22"><span class='ocrx_word' id='word_1_117' title='bbox 155 1189 208 1253; x_wconf 87' lang='lat' dir='ltr'><strong>cst,</strong></span> <span class='ocrx_word' id='word_1_118' title='bbox 223 1189 251 1239; x_wconf 90' lang='lat' dir='ltr'><strong>et</strong></span> <span class='ocrx_word' id='word_1_119' title='bbox 264 1183 467 1255; x_wconf 89' lang='lat' dir='ltr'><strong>omnipotentis</strong></span> <span class='ocrx_word' id='word_1_120' title='bbox 479 1183 588 1238; x_wconf 76' lang='lat' dir='ltr'><strong>Adonai</strong></span> <span class='ocrx_word' id='word_1_121' title='bbox 604 1183 783 1238; x_wconf 88' lang='lat' dir='ltr'><strong>clementiam</strong></span> <span class='ocrx_word' id='word_1_122' title='bbox 796 1184 929 1250; x_wconf 84' lang='lat' dir='ltr'><strong>exoravit,</strong></span> <span class='ocrx_word' id='word_1_123' title='bbox 944 1190 972 1239; x_wconf 85' lang='lat' dir='ltr'><strong>et</strong></span> <span class='ocrx_word' id='word_1_124' title='bbox 1021 1184 1058 1238; x_wconf 90' lang='lat' dir='ltr'><strong>sis</strong></span> <span class='ocrx_word' id='word_1_125' title='bbox 1083 1185 1111 1238; x_wconf 90' lang='lat' dir='ltr'><strong>in</strong></span> <span class='ocrx_word' id='word_1_126' title='bbox 1140 1185 1262 1256; x_wconf 90' lang='lat' dir='ltr'><strong>Brigiam</strong></span> <span class='ocrx_word' id='word_1_127' title='bbox 1290 1185 1391 1241; x_wconf 91' lang='lat' dir='ltr'><strong>missus</strong></span> <span class='ocrx_word' id='word_1_128' title='bbox 1416 1191 1468 1243; x_wconf 91' lang='lat' dir='ltr'><strong>est.</strong></span> <span class='ocrx_word' id='word_1_129' title='bbox 1495 1188 1574 1242; x_wconf 85' lang='lat' dir='ltr'><strong>Tunc</strong></span> <span class='ocrx_word' id='word_1_130' title='bbox 1600 1204 1653 1259; x_wconf 90' lang='lat' dir='ltr'><strong>per</strong></span> <span class='ocrx_word' id='word_1_131' title='bbox 1679 1189 1835 1260; x_wconf 91' lang='lat' dir='ltr'><strong>quemdam</strong></span> 
     </span>
     <span class='ocr_line' id='line_1_12' title="bbox 155 1278 1835 1350; baseline 0.003 -19"><span class='ocrx_word' id='word_1_132' title='bbox 155 1294 221 1332; x_wconf 87' lang='lat' dir='ltr'><strong>mox</strong></span> <span class='ocrx_word' id='word_1_133' title='bbox 238 1284 353 1332; x_wconf 89' lang='lat' dir='ltr'><strong>sanatus</strong></span> <span class='ocrx_word' id='word_1_134' title='bbox 368 1283 420 1333; x_wconf 88' lang='lat' dir='ltr'><strong>cst.</strong></span> <span class='ocrx_word' id='word_1_135' title='bbox 1020 1279 1196 1348; x_wconf 82' lang='lat' dir='ltr'><strong>capellanum</strong></span> <span class='ocrx_word' id='word_1_136' title='bbox 1217 1278 1378 1345; x_wconf 83' lang='lat' dir='ltr'><strong>comitissae,</strong></span> <span class='ocrx_word' id='word_1_137' title='bbox 1398 1295 1487 1350; x_wconf 84' lang='lat' dir='ltr'><strong>quern</strong></span> <span class='ocrx_word' id='word_1_138' title='bbox 1507 1280 1622 1336; x_wconf 86' lang='lat' dir='ltr'><strong>natione</strong></span> <span class='ocrx_word' id='word_1_139' title='bbox 1641 1282 1835 1336; x_wconf 87' lang='lat' dir='ltr'><strong>Normannum</strong></span> 
     </span>
     <span class='ocr_line' id='line_1_13' title="bbox 189 1371 1833 1443; baseline 0.004 -19"><span class='ocrx_word' id='word_1_140' title='bbox 189 1372 273 1425; x_wconf 87' lang='lat' dir='ltr'><strong>llulta</strong></span> <span class='ocrx_word' id='word_1_141' title='bbox 299 1371 414 1442; x_wconf 90' lang='lat' dir='ltr'><strong>quidem</strong></span> <span class='ocrx_word' id='word_1_142' title='bbox 442 1374 470 1425; x_wconf 90' lang='lat' dir='ltr'><strong>et</strong></span> <span class='ocrx_word' id='word_1_143' title='bbox 495 1371 551 1426; x_wconf 90' lang='lat' dir='ltr'><strong>alia</strong></span> <span class='ocrx_word' id='word_1_144' title='bbox 575 1371 657 1443; x_wconf 86' lang='lat' dir='ltr'><strong>signa</strong></span> <span class='ocrx_word' id='word_1_145' title='bbox 679 1371 784 1426; x_wconf 87' lang='lat' dir='ltr'><strong>ibidem</strong></span> <span class='ocrx_word' id='word_1_146' title='bbox 810 1375 970 1443; x_wconf 90' lang='lat' dir='ltr'><strong>perpetrata</strong></span> <span class='ocrx_word' id='word_1_147' title='bbox 1020 1371 1161 1441; x_wconf 88' lang='lat' dir='ltr'><strong>cognovit,</strong></span> <span class='ocrx_word' id='word_1_148' title='bbox 1177 1371 1241 1443; x_wconf 92' lang='lat' dir='ltr'><strong>qnia</strong></span> <span class='ocrx_word' id='word_1_149' title='bbox 1255 1372 1405 1427; x_wconf 85' lang='lat' dir='ltr'><strong>familiaris</strong></span> <span class='ocrx_word' id='word_1_150' title='bbox 1419 1373 1545 1428; x_wconf 82' lang='lat' dir='ltr'><strong>ecclesiae</strong></span> <span class='ocrx_word' id='word_1_151' title='bbox 1562 1373 1749 1430; x_wconf 85' lang='lat' dir='ltr'><strong>ltesbacensis</strong></span> <span class='ocrx_word' id='word_1_152' title='bbox 1764 1380 1833 1442; x_wconf 90' lang='lat' dir='ltr'><strong>erat,</strong></span> 
     </span>
     <span class='ocr_line' id='line_1_14' title="bbox 152 1463 1833 1536; baseline 0.004 -19"><span class='ocrx_word' id='word_1_153' title='bbox 152 1467 228 1530; x_wconf 89' lang='lat' dir='ltr'><strong>sunt,</strong></span> <span class='ocrx_word' id='word_1_154' title='bbox 246 1479 322 1535; x_wconf 82' lang='lat' dir='ltr'><strong>quae,</strong></span> <span class='ocrx_word' id='word_1_155' title='bbox 339 1463 537 1519; x_wconf 82' lang='lat' dir='ltr'><strong>deficientibus</strong></span> <span class='ocrx_word' id='word_1_156' title='bbox 555 1463 707 1534; x_wconf 84' lang='lat' dir='ltr'><strong>terrigenis</strong></span> <span class='ocrx_word' id='word_1_157' title='bbox 726 1464 801 1518; x_wconf 91' lang='lat' dir='ltr'><strong>illius</strong></span> <span class='ocrx_word' id='word_1_158' title='bbox 820 1464 968 1535; x_wconf 87' lang='lat' dir='ltr'><strong>temporis,</strong></span> <span class='ocrx_word' id='word_1_159' title='bbox 1019 1463 1134 1519; x_wconf 89' lang='lat' dir='ltr'><strong>dentem</strong></span> <span class='ocrx_word' id='word_1_160' title='bbox 1159 1465 1250 1520; x_wconf 89' lang='lat' dir='ltr'><strong>sancti</strong></span> <span class='ocrx_word' id='word_1_161' title='bbox 1274 1465 1380 1520; x_wconf 88' lang='lat' dir='ltr'><strong>Ebrulll</strong></span> <span class='ocrx_word' id='word_1_162' title='bbox 1403 1465 1535 1536; x_wconf 83' lang='lat' dir='ltr'><strong>obtinuit,</strong></span> <span class='ocrx_word' id='word_1_163' title='bbox 1559 1483 1591 1521; x_wconf 91' lang='lat' dir='ltr'><strong>ac</strong></span> <span class='ocrx_word' id='word_1_164' title='bbox 1614 1467 1651 1521; x_wconf 91' lang='lat' dir='ltr'><strong>ad</strong></span> <span class='ocrx_word' id='word_1_165' title='bbox 1677 1468 1833 1524; x_wconf 82' lang='lat' dir='ltr'><strong>Uticensem</strong></span> 
     </span>
     <span class='ocr_line' id='line_1_15' title="bbox 152 1557 1770 1629; baseline 0.002 -18"><span class='ocrx_word' id='word_1_166' title='bbox 152 1557 287 1612; x_wconf 88' lang='lat' dir='ltr'><strong>oblivioni</strong></span> <span class='ocrx_word' id='word_1_167' title='bbox 310 1558 412 1612; x_wconf 88' lang='lat' dir='ltr'><strong>tradita</strong></span> <span class='ocrx_word' id='word_1_168' title='bbox 434 1562 515 1627; x_wconf 89' lang='lat' dir='ltr'><strong>sunt;</strong></span> <span class='ocrx_word' id='word_1_169' title='bbox 540 1558 607 1628; x_wconf 91' lang='lat' dir='ltr'><strong>quia</strong></span> <span class='ocrx_word' id='word_1_170' title='bbox 629 1573 681 1628; x_wconf 91' lang='lat' dir='ltr'><strong>pro</strong></span> <span class='ocrx_word' id='word_1_171' title='bbox 705 1557 826 1629; x_wconf 81' lang='lat' dir='ltr'><strong>penrrria</strong></span> <span class='ocrx_word' id='word_1_172' title='bbox 848 1558 967 1628; x_wconf 91' lang='lat' dir='ltr'><strong>scripto·</strong></span> <span class='ocrx_word' id='word_1_173' title='bbox 1018 1557 1165 1612; x_wconf 89' lang='lat' dir='ltr'><strong>ecclesiam</strong></span> <span class='ocrx_word' id='word_1_174' title='bbox 1182 1574 1321 1626; x_wconf 91' lang='lat' dir='ltr'><strong>remeans,</strong></span> <span class='ocrx_word' id='word_1_175' title='bbox 1337 1559 1526 1629; x_wconf 84' lang='lat' dir='ltr'><strong>gaudentibus</strong></span> <span class='ocrx_word' id='word_1_176' title='bbox 1540 1560 1649 1615; x_wconf 89' lang='lat' dir='ltr'><strong>cunctis</strong></span> <span class='ocrx_word' id='word_1_177' title='bbox 1662 1562 1770 1617; x_wconf 88' lang='lat' dir='ltr'><strong>attulit.</strong></span> 
     </span>
     <span class='ocr_line' id='line_1_16' title="bbox 151 1649 1832 1725; baseline 0.004 -21"><span class='ocrx_word' id='word_1_178' title='bbox 151 1665 227 1718; x_wconf 88' lang='lat' dir='ltr'><strong>rum,</strong></span> <span class='ocrx_word' id='word_1_179' title='bbox 241 1650 347 1720; x_wconf 86' lang='lat' dir='ltr'><strong>quihus</strong></span> <span class='ocrx_word' id='word_1_180' title='bbox 360 1655 427 1706; x_wconf 78' lang='lat' dir='ltr'><strong>tarrac</strong></span> <span class='ocrx_word' id='word_1_181' title='bbox 443 1651 571 1705; x_wconf 81' lang='lat' dir='ltr'><strong>Netrstria</strong></span> <span class='ocrx_word' id='word_1_182' title='bbox 585 1650 706 1705; x_wconf 84' lang='lat' dir='ltr'><strong>maxime</strong></span> <span class='ocrx_word' id='word_1_183' title='bbox 725 1649 850 1715; x_wconf 90' lang='lat' dir='ltr'><strong>carebat,</strong></span> <span class='ocrx_word' id='word_1_184' title='bbox 866 1650 968 1722; x_wconf 90' lang='lat' dir='ltr'><strong>scripta</strong></span> <span class='ocrx_word' id='word_1_185' title='bbox 1054 1650 1202 1723; x_wconf 85' lang='lat' dir='ltr'><strong>Regrrnnte</strong></span> <span class='ocrx_word' id='word_1_186' title='bbox 1223 1652 1363 1707; x_wconf 88' lang='lat' dir='ltr'><strong>Ludovico</strong></span> <span class='ocrx_word' id='word_1_187' title='bbox 1382 1653 1593 1725; x_wconf 87' lang='lat' dir='ltr'><strong>1·ege,quidam</strong></span> <span class='ocrx_word' id='word_1_188' title='bbox 1612 1655 1766 1710; x_wconf 89' lang='lat' dir='ltr'><strong>canonicus</strong></span> <span class='ocrx_word' id='word_1_189' title='bbox 1785 1672 1832 1710; x_wconf 88' lang='lat' dir='ltr'><strong>no-</strong></span> 
     </span>
     <span class='ocr_line' id='line_1_17' title="bbox 152 1722 1833 1820; baseline 0.004 -23"><span class='ocrx_word' id='word_1_190' title='bbox 152 1759 211 1797; x_wconf 94' lang='lat' dir='ltr'><strong>non</strong></span> <span class='ocrx_word' id='word_1_191' title='bbox 226 1748 303 1798; x_wconf 86' lang='lat' dir='ltr'><strong>sunt.</strong></span> <span class='ocrx_word' id='word_1_192' title='bbox 978 1722 1094 1799; x_wconf 75' lang='lat' dir='ltr'><strong>limine</strong></span> <span class='ocrx_word' id='word_1_193' title='bbox 1115 1744 1263 1800; x_wconf 84' lang='lat' dir='ltr'><strong>Fulbertus</strong></span> <span class='ocrx_word' id='word_1_194' title='bbox 1284 1744 1406 1800; x_wconf 79' lang='lat' dir='ltr'><strong>l‘arisius</strong></span> <span class='ocrx_word' id='word_1_195' title='bbox 1422 1750 1493 1814; x_wconf 88' lang='lat' dir='ltr'><strong>erat,</strong></span> <span class='ocrx_word' id='word_1_196' title='bbox 1512 1747 1561 1818; x_wconf 92' lang='lat' dir='ltr'><strong>qui</strong></span> <span class='ocrx_word' id='word_1_197' title='bbox 1583 1763 1615 1802; x_wconf 88' lang='lat' dir='ltr'><strong>os</strong></span> <span class='ocrx_word' id='word_1_198' title='bbox 1632 1747 1779 1820; x_wconf 89' lang='lat' dir='ltr'><strong>integrum</strong></span> <span class='ocrx_word' id='word_1_199' title='bbox 1801 1748 1833 1804; x_wconf 93' lang='lat' dir='ltr'><strong>de</strong></span> 
     </span>
     <span class='ocr_line' id='line_1_18' title="bbox 187 1836 1833 1912; baseline 0.003 -21"><span class='ocrx_word' id='word_1_200' title='bbox 187 1838 227 1891; x_wconf 90' lang='lat' dir='ltr'><strong>Ea</strong></span> <span class='ocrx_word' id='word_1_201' title='bbox 241 1840 423 1908; x_wconf 86' lang='lat' dir='ltr'><strong>tempestate,</strong></span> <span class='ocrx_word' id='word_1_202' title='bbox 441 1837 614 1905; x_wconf 87' lang='lat' dir='ltr'><strong>Guillelmus,</strong></span> <span class='ocrx_word' id='word_1_203' title='bbox 628 1837 721 1893; x_wconf 86' lang='lat' dir='ltr'><strong>Geroii</strong></span> <span class='ocrx_word' id='word_1_204' title='bbox 735 1837 820 1905; x_wconf 89' lang='lat' dir='ltr'><strong>illins,</strong></span> <span class='ocrx_word' id='word_1_205' title='bbox 836 1836 965 1893; x_wconf 89' lang='lat' dir='ltr'><strong>dominu·</strong></span> <span class='ocrx_word' id='word_1_206' title='bbox 1017 1837 1099 1908; x_wconf 89' lang='lat' dir='ltr'><strong>spina</strong></span> <span class='ocrx_word' id='word_1_207' title='bbox 1118 1837 1208 1892; x_wconf 89' lang='lat' dir='ltr'><strong>sancti</strong></span> <span class='ocrx_word' id='word_1_208' title='bbox 1232 1837 1338 1893; x_wconf 86' lang='lat' dir='ltr'><strong>Ebrulh</strong></span> <span class='ocrx_word' id='word_1_209' title='bbox 1360 1838 1494 1906; x_wconf 87' lang='lat' dir='ltr'><strong>babebat,</strong></span> <span class='ocrx_word' id='word_1_210' title='bbox 1516 1841 1593 1911; x_wconf 87' lang='lat' dir='ltr'><strong>quod</strong></span> <span class='ocrx_word' id='word_1_211' title='bbox 1614 1842 1781 1912; x_wconf 84' lang='lat' dir='ltr'><strong>capellanus</strong></span> <span class='ocrx_word' id='word_1_212' title='bbox 1802 1843 1833 1897; x_wconf 89' lang='lat' dir='ltr'><strong>de</strong></span> 
     </span>
     <span class='ocr_line' id='line_1_19' title="bbox 151 1930 1833 2007; baseline 0.003 -22"><span class='ocrx_word' id='word_1_213' title='bbox 151 1933 214 1985; x_wconf 91' lang='lat' dir='ltr'><strong>tum</strong></span> <span class='ocrx_word' id='word_1_214' title='bbox 241 1930 370 1986; x_wconf 85' lang='lat' dir='ltr'><strong>Escalfou</strong></span> <span class='ocrx_word' id='word_1_215' title='bbox 397 1931 506 1998; x_wconf 90' lang='lat' dir='ltr'><strong>tenuit,</strong></span> <span class='ocrx_word' id='word_1_216' title='bbox 534 1936 563 1985; x_wconf 90' lang='lat' dir='ltr'><strong>et</strong></span> <span class='ocrx_word' id='word_1_217' title='bbox 586 1931 615 1986; x_wconf 93' lang='lat' dir='ltr'><strong>in</strong></span> <span class='ocrx_word' id='word_1_218' title='bbox 640 1931 708 1986; x_wconf 85' lang='lat' dir='ltr'><strong>silva</strong></span> <span class='ocrx_word' id='word_1_219' title='bbox 733 1931 843 1986; x_wconf 84' lang='lat' dir='ltr'><strong>iontem</strong></span> <span class='ocrx_word' id='word_1_220' title='bbox 871 1931 966 1986; x_wconf 86' lang='lat' dir='ltr'><strong>Sancti</strong></span> <span class='ocrx_word' id='word_1_221' title='bbox 1016 1930 1248 2001; x_wconf 88' lang='lat' dir='ltr'><strong>capellallenricl</strong></span> <span class='ocrx_word' id='word_1_222' title='bbox 1263 1931 1340 2002; x_wconf 87' lang='lat' dir='ltr'><strong>regis</strong></span> <span class='ocrx_word' id='word_1_223' title='bbox 1357 1932 1527 1987; x_wconf 78' lang='lat' dir='ltr'><strong>Francorum</strong></span> <span class='ocrx_word' id='word_1_224' title='bbox 1545 1932 1735 2002; x_wconf 83' lang='lat' dir='ltr'><strong>subtraxerat,</strong></span> <span class='ocrx_word' id='word_1_225' title='bbox 1752 1935 1833 2007; x_wconf 90' lang='lat' dir='ltr'><strong>cique</strong></span> 
     </span>
     <span class='ocr_line' id='line_1_20' title="bbox 149 2022 1834 2098; baseline 0.002 -19"><span class='ocrx_word' id='word_1_226' title='bbox 149 2023 266 2090; x_wconf 84' lang='lat' dir='ltr'><strong>Ebrullr,</strong></span> <span class='ocrx_word' id='word_1_227' title='bbox 284 2024 546 2094; x_wconf 87' lang='lat' dir='ltr'><strong>ctsnpcrrivnlum</strong></span> <span class='ocrx_word' id='word_1_228' title='bbox 562 2025 863 2080; x_wconf 82' lang='lat' dir='ltr'><strong>Carantonrereterem</strong></span> <span class='ocrx_word' id='word_1_229' title='bbox 877 2024 964 2080; x_wconf 88' lang='lat' dir='ltr'><strong>eccle·</strong></span> <span class='ocrx_word' id='word_1_230' title='bbox 1012 2022 1187 2093; x_wconf 73' lang='lat' dir='ltr'><strong>iamdudum</strong></span> <span class='ocrx_word' id='word_1_231' title='bbox 1214 2040 1266 2095; x_wconf 89' lang='lat' dir='ltr'><strong>pro</strong></span> <span class='ocrx_word' id='word_1_232' title='bbox 1292 2025 1396 2079; x_wconf 88' lang='lat' dir='ltr'><strong>amoris</strong></span> <span class='ocrx_word' id='word_1_233' title='bbox 1420 2025 1539 2098; x_wconf 90' lang='lat' dir='ltr'><strong>pignore</strong></span> <span class='ocrx_word' id='word_1_234' title='bbox 1565 2025 1696 2083; x_wconf 87' lang='lat' dir='ltr'><strong>dederat.</strong></span> <span class='ocrx_word' id='word_1_235' title='bbox 1722 2029 1834 2084; x_wconf 84' lang='lat' dir='ltr'><strong>Timens</strong></span> 
     </span>
    </p>
   </div>
   <div class='ocr_carea' id='block_1_3' title="bbox 59 2117 1833 2190">
    <p class='ocr_par' dir='ltr' id='par_1_3' title="bbox 59 2117 1833 2190">
     <span class='ocr_line' id='line_1_21' title="bbox 59 2117 1833 2190; baseline 0.004 -20"><span class='ocrx_word' id='word_1_236' title='bbox 59 2144 62 2149; x_wconf 96' lang='lat'>·</span> <span class='ocrx_word' id='word_1_237' title='bbox 150 2117 220 2171; x_wconf 87' lang='lat' dir='ltr'><strong>siam</strong></span> <span class='ocrx_word' id='word_1_238' title='bbox 242 2117 338 2173; x_wconf 87' lang='lat' dir='ltr'><strong>Sancti</strong></span> <span class='ocrx_word' id='word_1_239' title='bbox 360 2117 433 2172; x_wconf 85' lang='lat' dir='ltr'><strong>l‘ctri</strong></span> <span class='ocrx_word' id='word_1_240' title='bbox 455 2118 574 2188; x_wconf 91' lang='lat' dir='ltr'><strong>apostoli</strong></span> <span class='ocrx_word' id='word_1_241' title='bbox 593 2134 653 2172; x_wconf 90' lang='lat' dir='ltr'><strong>esse</strong></span> <span class='ocrx_word' id='word_1_242' title='bbox 671 2117 787 2173; x_wconf 88' lang='lat' dir='ltr'><strong>audivit.</strong></span> <span class='ocrx_word' id='word_1_243' title='bbox 803 2117 856 2182; x_wconf 85' lang='lat' dir='ltr'><strong>Qui</strong></span> <span class='ocrx_word' id='word_1_244' title='bbox 872 2118 964 2173; x_wconf 81' lang='lat' dir='ltr'><strong>curio·</strong></span> <span class='ocrx_word' id='word_1_245' title='bbox 1016 2123 1112 2170; x_wconf 90' lang='lat' dir='ltr'><strong>autem</strong></span> <span class='ocrx_word' id='word_1_246' title='bbox 1138 2132 1190 2187; x_wconf 91' lang='lat' dir='ltr'><strong>pro</strong></span> <span class='ocrx_word' id='word_1_247' title='bbox 1214 2118 1332 2173; x_wconf 89' lang='lat' dir='ltr'><strong>diversis</strong></span> <span class='ocrx_word' id='word_1_248' title='bbox 1356 2118 1447 2173; x_wconf 90' lang='lat' dir='ltr'><strong>causis</strong></span> <span class='ocrx_word' id='word_1_249' title='bbox 1472 2119 1541 2174; x_wconf 91' lang='lat' dir='ltr'><strong>illud</strong></span> <span class='ocrx_word' id='word_1_250' title='bbox 1568 2120 1686 2190; x_wconf 87' lang='lat' dir='ltr'><strong>babere,</strong></span> <span class='ocrx_word' id='word_1_251' title='bbox 1712 2122 1833 2177; x_wconf 80' lang='lat' dir='ltr'><strong>i&#39;ulcone</strong></span> 
     </span>
    </p>
   </div>
   <div class='ocr_carea' id='block_1_4' title="bbox 90 2210 1833 4904">
    <p class='ocr_par' dir='ltr' id='par_1_4' title="bbox 90 2210 1833 4904">
     <span class='ocr_line' id='line_1_22' title="bbox 149 2210 1832 2282; baseline 0.004 -18"><span class='ocrx_word' id='word_1_252' title='bbox 149 2211 231 2266; x_wconf 89' lang='lat' dir='ltr'><strong>sitate</strong></span> <span class='ocrx_word' id='word_1_253' title='bbox 252 2211 353 2265; x_wconf 92' lang='lat' dir='ltr'><strong>ductus</strong></span> <span class='ocrx_word' id='word_1_254' title='bbox 373 2211 470 2266; x_wconf 90' lang='lat' dir='ltr'><strong>omnia</strong></span> <span class='ocrx_word' id='word_1_255' title='bbox 488 2210 678 2282; x_wconf 82' lang='lat' dir='ltr'><strong>perlustravit,</strong></span> <span class='ocrx_word' id='word_1_256' title='bbox 695 2212 786 2266; x_wconf 89' lang='lat' dir='ltr'><strong>locum</strong></span> <span class='ocrx_word' id='word_1_257' title='bbox 807 2211 855 2267; x_wconf 87' lang='lat' dir='ltr'><strong>Uei</strong></span> <span class='ocrx_word' id='word_1_258' title='bbox 875 2211 964 2267; x_wconf 89' lang='lat' dir='ltr'><strong>culto·</strong></span> <span class='ocrx_word' id='word_1_259' title='bbox 1014 2210 1180 2281; x_wconf 87' lang='lat' dir='ltr'><strong>presbytero</strong></span> <span class='ocrx_word' id='word_1_260' title='bbox 1199 2211 1307 2266; x_wconf 79' lang='lat' dir='ltr'><strong>Manliae</strong></span> <span class='ocrx_word' id='word_1_261' title='bbox 1328 2211 1484 2281; x_wconf 86' lang='lat' dir='ltr'><strong>mediante,</strong></span> <span class='ocrx_word' id='word_1_262' title='bbox 1503 2213 1632 2268; x_wconf 86' lang='lat' dir='ltr'><strong>accersiit</strong></span> <span class='ocrx_word' id='word_1_263' title='bbox 1652 2214 1832 2270; x_wconf 86' lang='lat' dir='ltr'><strong>Guillelmum</strong></span> 
     </span>
     <span class='ocr_line' id='line_1_23' title="bbox 148 2302 1831 2380; baseline 0.002 -21"><span class='ocrx_word' id='word_1_264' title='bbox 148 2305 228 2359; x_wconf 90' lang='lat' dir='ltr'><strong>ribus</strong></span> <span class='ocrx_word' id='word_1_265' title='bbox 254 2305 389 2360; x_wconf 89' lang='lat' dir='ltr'><strong>idoneum</strong></span> <span class='ocrx_word' id='word_1_266' title='bbox 416 2304 495 2372; x_wconf 87' lang='lat' dir='ltr'><strong>vidit,</strong></span> <span class='ocrx_word' id='word_1_267' title='bbox 521 2311 686 2361; x_wconf 86' lang='lat' dir='ltr'><strong>reverenter</strong></span> <span class='ocrx_word' id='word_1_268' title='bbox 709 2306 842 2373; x_wconf 83' lang='lat' dir='ltr'><strong>laudarit,</strong></span> <span class='ocrx_word' id='word_1_269' title='bbox 870 2305 965 2377; x_wconf 89' lang='lat' dir='ltr'><strong>ibique</strong></span> <span class='ocrx_word' id='word_1_270' title='bbox 1016 2302 1050 2359; x_wconf 91' lang='lat' dir='ltr'><strong>de</strong></span> <span class='ocrx_word' id='word_1_271' title='bbox 1066 2304 1215 2359; x_wconf 90' lang='lat' dir='ltr'><strong>llosterolo</strong></span> <span class='ocrx_word' id='word_1_272' title='bbox 1234 2304 1360 2375; x_wconf 89' lang='lat' dir='ltr'><strong>priorem</strong></span> <span class='ocrx_word' id='word_1_273' title='bbox 1381 2305 1501 2375; x_wconf 82' lang='lat' dir='ltr'><strong>ldanliea,</strong></span> <span class='ocrx_word' id='word_1_274' title='bbox 1520 2307 1603 2378; x_wconf 88' lang='lat' dir='ltr'><strong>eique</strong></span> <span class='ocrx_word' id='word_1_275' title='bbox 1623 2308 1759 2380; x_wconf 87' lang='lat' dir='ltr'><strong>reliquias</strong></span> <span class='ocrx_word' id='word_1_276' title='bbox 1778 2315 1831 2363; x_wconf 88' lang='lat' dir='ltr'><strong>tra-</strong></span> 
     </span>
     <span class='ocr_line' id='line_1_24' title="bbox 147 2395 1833 2472; baseline 0.001 -19"><span class='ocrx_word' id='word_1_277' title='bbox 147 2398 315 2453; x_wconf 88' lang='lat' dir='ltr'><strong>llestoldum</strong></span> <span class='ocrx_word' id='word_1_278' title='bbox 333 2402 362 2452; x_wconf 88' lang='lat' dir='ltr'><strong>et</strong></span> <span class='ocrx_word' id='word_1_279' title='bbox 377 2399 569 2469; x_wconf 88' lang='lat' dir='ltr'><strong>lngerannum</strong></span> <span class='ocrx_word' id='word_1_280' title='bbox 590 2397 683 2454; x_wconf 90' lang='lat' dir='ltr'><strong>eidem</strong></span> <span class='ocrx_word' id='word_1_281' title='bbox 702 2399 765 2454; x_wconf 94' lang='lat' dir='ltr'><strong>loco</strong></span> <span class='ocrx_word' id='word_1_282' title='bbox 786 2398 965 2470; x_wconf 88' lang='lat' dir='ltr'><strong>presbyteros</strong></span> <span class='ocrx_word' id='word_1_283' title='bbox 1014 2395 1086 2451; x_wconf 90' lang='lat' dir='ltr'><strong>didit</strong></span> <span class='ocrx_word' id='word_1_284' title='bbox 1105 2397 1270 2452; x_wconf 81' lang='lat' dir='ltr'><strong>deferendas</strong></span> <span class='ocrx_word' id='word_1_285' title='bbox 1293 2399 1414 2454; x_wconf 86' lang='lat' dir='ltr'><strong>Uticensi</strong></span> <span class='ocrx_word' id='word_1_286' title='bbox 1434 2400 1569 2456; x_wconf 79' lang='lat' dir='ltr'><strong>ecclesiae.</strong></span> <span class='ocrx_word' id='word_1_287' title='bbox 1585 2401 1622 2455; x_wconf 79' lang='lat' dir='ltr'><strong>ht</strong></span> <span class='ocrx_word' id='word_1_288' title='bbox 1640 2400 1686 2455; x_wconf 88' lang='lat' dir='ltr'><strong>illc</strong></span> <span class='ocrx_word' id='word_1_289' title='bbox 1706 2402 1833 2472; x_wconf 83' lang='lat' dir='ltr'><strong>gaudem</strong></span> 
     </span>
     <span class='ocr_line' id='line_1_25' title="bbox 147 2491 1832 2565; baseline 0.003 -20"><span class='ocrx_word' id='word_1_290' title='bbox 147 2491 300 2563; x_wconf 87' lang='lat' dir='ltr'><strong>delegarit,</strong></span> <span class='ocrx_word' id='word_1_291' title='bbox 316 2492 413 2563; x_wconf 87' lang='lat' dir='ltr'><strong>eisque</strong></span> <span class='ocrx_word' id='word_1_292' title='bbox 427 2492 532 2546; x_wconf 79' lang='lat' dir='ltr'><strong>rictum</strong></span> <span class='ocrx_word' id='word_1_293' title='bbox 545 2491 733 2548; x_wconf 80' lang='lat' dir='ltr'><strong>sufficientem</strong></span> <span class='ocrx_word' id='word_1_294' title='bbox 750 2492 786 2547; x_wconf 87' lang='lat' dir='ltr'><strong>de</strong></span> <span class='ocrx_word' id='word_1_295' title='bbox 805 2491 964 2547; x_wconf 88' lang='lat' dir='ltr'><strong>redditibus</strong></span> <span class='ocrx_word' id='word_1_296' title='bbox 1015 2506 1120 2545; x_wconf 86' lang='lat' dir='ltr'><strong>munus</strong></span> <span class='ocrx_word' id='word_1_297' title='bbox 1141 2492 1259 2562; x_wconf 78' lang='lat' dir='ltr'><strong>excepit,</strong></span> <span class='ocrx_word' id='word_1_298' title='bbox 1282 2499 1309 2546; x_wconf 91' lang='lat' dir='ltr'><strong>ct</strong></span> <span class='ocrx_word' id='word_1_299' title='bbox 1329 2492 1406 2563; x_wconf 89' lang='lat' dir='ltr'><strong>jussa</strong></span> <span class='ocrx_word' id='word_1_300' title='bbox 1427 2493 1598 2564; x_wconf 90' lang='lat' dir='ltr'><strong>quantocius</strong></span> <span class='ocrx_word' id='word_1_301' title='bbox 1617 2496 1782 2565; x_wconf 86' lang='lat' dir='ltr'><strong>complevit.</strong></span> <span class='ocrx_word' id='word_1_302' title='bbox 1802 2497 1832 2550; x_wconf 91' lang='lat' dir='ltr'><strong>ln</strong></span> 
     </span>
     <span class='ocr_line' id='line_1_26' title="bbox 147 2582 1832 2657; baseline 0.002 -17"><span class='ocrx_word' id='word_1_303' title='bbox 147 2586 278 2640; x_wconf 81' lang='lat' dir='ltr'><strong>Escallou</strong></span> <span class='ocrx_word' id='word_1_304' title='bbox 301 2585 451 2640; x_wconf 91' lang='lat' dir='ltr'><strong>ordinavit.</strong></span> <span class='ocrx_word' id='word_1_305' title='bbox 472 2587 605 2641; x_wconf 87' lang='lat' dir='ltr'><strong>Processu</strong></span> <span class='ocrx_word' id='word_1_306' title='bbox 628 2603 694 2640; x_wconf 90' lang='lat' dir='ltr'><strong>vero</strong></span> <span class='ocrx_word' id='word_1_307' title='bbox 715 2585 862 2657; x_wconf 89' lang='lat' dir='ltr'><strong>temporis,</strong></span> <span class='ocrx_word' id='word_1_308' title='bbox 883 2590 915 2640; x_wconf 92' lang='lat' dir='ltr'><strong>ut</strong></span> <span class='ocrx_word' id='word_1_309' title='bbox 933 2587 962 2640; x_wconf 92' lang='lat' dir='ltr'><strong>in</strong></span> <span class='ocrx_word' id='word_1_310' title='bbox 1013 2582 1118 2637; x_wconf 88' lang='lat' dir='ltr'><strong>itinere</strong></span> <span class='ocrx_word' id='word_1_311' title='bbox 1139 2583 1206 2637; x_wconf 92' lang='lat' dir='ltr'><strong>dum</strong></span> <span class='ocrx_word' id='word_1_312' title='bbox 1230 2583 1384 2654; x_wconf 80' lang='lat' dir='ltr'><strong>festinaret,</strong></span> <span class='ocrx_word' id='word_1_313' title='bbox 1403 2586 1493 2641; x_wconf 88' lang='lat' dir='ltr'><strong>sancti</strong></span> <span class='ocrx_word' id='word_1_314' title='bbox 1515 2587 1604 2640; x_wconf 83' lang='lat' dir='ltr'><strong>Patris</strong></span> <span class='ocrx_word' id='word_1_315' title='bbox 1625 2588 1714 2642; x_wconf 86' lang='lat' dir='ltr'><strong>sensit</strong></span> <span class='ocrx_word' id='word_1_316' title='bbox 1735 2587 1832 2643; x_wconf 89' lang='lat' dir='ltr'><strong>sullra·</strong></span> 
     </span>
     <span class='ocr_line' id='line_1_27' title="bbox 146 2675 1832 2750; baseline 0.002 -17"><span class='ocrx_word' id='word_1_317' title='bbox 146 2680 230 2734; x_wconf 90' lang='lat' dir='ltr'><strong>tertio</strong></span> <span class='ocrx_word' id='word_1_318' title='bbox 252 2678 337 2749; x_wconf 84' lang='lat' dir='ltr'><strong>hujus</strong></span> <span class='ocrx_word' id='word_1_319' title='bbox 360 2678 453 2750; x_wconf 91' lang='lat' dir='ltr'><strong>operis</strong></span> <span class='ocrx_word' id='word_1_320' title='bbox 475 2678 548 2733; x_wconf 90' lang='lat' dir='ltr'><strong>libro</strong></span> <span class='ocrx_word' id='word_1_321' title='bbox 573 2679 695 2750; x_wconf 89' lang='lat' dir='ltr'><strong>pleniter</strong></span> <span class='ocrx_word' id='word_1_322' title='bbox 718 2683 847 2734; x_wconf 92' lang='lat' dir='ltr'><strong>notatum</strong></span> <span class='ocrx_word' id='word_1_323' title='bbox 870 2682 922 2748; x_wconf 91' lang='lat' dir='ltr'><strong>est,</strong></span> <span class='ocrx_word' id='word_1_324' title='bbox 947 2696 964 2733; x_wconf 89' lang='lat' dir='ltr'><strong>a</strong></span> <span class='ocrx_word' id='word_1_325' title='bbox 1014 2675 1253 2746; x_wconf 73' lang='lat' dir='ltr'><strong>giuuaPrcrlalus</strong></span> <span class='ocrx_word' id='word_1_326' title='bbox 1267 2678 1345 2732; x_wconf 91' lang='lat' dir='ltr'><strong>enim</strong></span> <span class='ocrx_word' id='word_1_327' title='bbox 1360 2679 1436 2749; x_wconf 89' lang='lat' dir='ltr'><strong>prior</strong></span> <span class='ocrx_word' id='word_1_328' title='bbox 1451 2679 1480 2733; x_wconf 93' lang='lat' dir='ltr'><strong>in</strong></span> <span class='ocrx_word' id='word_1_329' title='bbox 1491 2679 1554 2734; x_wconf 89' lang='lat' dir='ltr'><strong>cibo</strong></span> <span class='ocrx_word' id='word_1_330' title='bbox 1566 2695 1707 2735; x_wconf 86' lang='lat' dir='ltr'><strong>venenum</strong></span> <span class='ocrx_word' id='word_1_331' title='bbox 1720 2682 1832 2737; x_wconf 88' lang='lat' dir='ltr'><strong>nescius</strong></span> 
     </span>
     <span class='ocr_line' id='line_1_28' title="bbox 145 2769 1832 2844; baseline 0.002 -18"><span class='ocrx_word' id='word_1_332' title='bbox 145 2773 265 2844; x_wconf 68' lang='lat' dir='ltr'><strong>praelato</strong></span> <span class='ocrx_word' id='word_1_333' title='bbox 289 2773 437 2828; x_wconf 85' lang='lat' dir='ltr'><strong>Guillclmo</strong></span> <span class='ocrx_word' id='word_1_334' title='bbox 462 2778 491 2828; x_wconf 89' lang='lat' dir='ltr'><strong>et</strong></span> <span class='ocrx_word' id='word_1_335' title='bbox 514 2772 658 2840; x_wconf 86' lang='lat' dir='ltr'><strong>fratribus,</strong></span> <span class='ocrx_word' id='word_1_336' title='bbox 679 2789 711 2827; x_wconf 91' lang='lat' dir='ltr'><strong>ac</strong></span> <span class='ocrx_word' id='word_1_337' title='bbox 733 2772 882 2844; x_wconf 89' lang='lat' dir='ltr'><strong>nepotibus</strong></span> <span class='ocrx_word' id='word_1_338' title='bbox 902 2773 963 2844; x_wconf 89' lang='lat' dir='ltr'><strong>ejus</strong></span> <span class='ocrx_word' id='word_1_339' title='bbox 1013 2769 1203 2837; x_wconf 89' lang='lat' dir='ltr'><strong>manducavit,</strong></span> <span class='ocrx_word' id='word_1_340' title='bbox 1219 2771 1293 2841; x_wconf 90' lang='lat' dir='ltr'><strong>quod</strong></span> <span class='ocrx_word' id='word_1_341' title='bbox 1310 2772 1440 2841; x_wconf 88' lang='lat' dir='ltr'><strong>protinus</strong></span> <span class='ocrx_word' id='word_1_342' title='bbox 1460 2773 1619 2843; x_wconf 90' lang='lat' dir='ltr'><strong>equitantis</strong></span> <span class='ocrx_word' id='word_1_343' title='bbox 1636 2789 1689 2844; x_wconf 86' lang='lat' dir='ltr'><strong>por</strong></span> <span class='ocrx_word' id='word_1_344' title='bbox 1703 2775 1832 2830; x_wconf 88' lang='lat' dir='ltr'><strong>membra</strong></span> 
     </span>
     <span class='ocr_line' id='line_1_29' title="bbox 147 2863 1833 2935; baseline 0.001 -14"><span class='ocrx_word' id='word_1_345' title='bbox 147 2866 280 2921; x_wconf 89' lang='lat' dir='ltr'><strong>Uticense</strong></span> <span class='ocrx_word' id='word_1_346' title='bbox 309 2866 469 2921; x_wconf 73' lang='lat' dir='ltr'><strong>coenobium</strong></span> <span class='ocrx_word' id='word_1_347' title='bbox 498 2871 687 2921; x_wconf 87' lang='lat' dir='ltr'><strong>restauratum</strong></span> <span class='ocrx_word' id='word_1_348' title='bbox 718 2870 777 2933; x_wconf 88' lang='lat' dir='ltr'><strong>est,</strong></span> <span class='ocrx_word' id='word_1_349' title='bbox 804 2871 832 2921; x_wconf 93' lang='lat' dir='ltr'><strong>et</strong></span> <span class='ocrx_word' id='word_1_350' title='bbox 863 2865 962 2922; x_wconf 89' lang='lat' dir='ltr'><strong>laboro</strong></span> <span class='ocrx_word' id='word_1_351' title='bbox 1013 2867 1041 2917; x_wconf 85' lang='lat' dir='ltr'><strong>et</strong></span> <span class='ocrx_word' id='word_1_352' title='bbox 1062 2863 1169 2917; x_wconf 87' lang='lat' dir='ltr'><strong>viscera</strong></span> <span class='ocrx_word' id='word_1_353' title='bbox 1190 2880 1252 2918; x_wconf 90' lang='lat' dir='ltr'><strong>sese</strong></span> <span class='ocrx_word' id='word_1_354' title='bbox 1275 2864 1398 2919; x_wconf 89' lang='lat' dir='ltr'><strong>diliudit.</strong></span> <span class='ocrx_word' id='word_1_355' title='bbox 1423 2865 1732 2935; x_wconf 65' lang='lat' dir='ltr'><strong>nathanaetem</strong></span> <span class='ocrx_word' id='word_1_356' title='bbox 1756 2867 1833 2924; x_wconf 90' lang='lat' dir='ltr'><strong>cordi</strong></span> 
     </span>
     <span class='ocr_line' id='line_1_30' title="bbox 147 2955 1832 3031; baseline 0.002 -18"><span class='ocrx_word' id='word_1_357' title='bbox 147 2960 297 3030; x_wconf 88' lang='lat' dir='ltr'><strong>studioque</strong></span> <span class='ocrx_word' id='word_1_358' title='bbox 316 2958 585 3015; x_wconf 86' lang='lat' dir='ltr'><strong>Gemmcticensium</strong></span> <span class='ocrx_word' id='word_1_359' title='bbox 608 2959 777 3031; x_wconf 86' lang='lat' dir='ltr'><strong>regulariter</strong></span> <span class='ocrx_word' id='word_1_360' title='bbox 799 2959 962 3015; x_wconf 88' lang='lat' dir='ltr'><strong>institutum</strong></span> <span class='ocrx_word' id='word_1_361' title='bbox 1012 2955 1135 3010; x_wconf 79' lang='lat' dir='ltr'><strong>vicinam</strong></span> <span class='ocrx_word' id='word_1_362' title='bbox 1156 2958 1253 3024; x_wconf 83' lang='lat' dir='ltr'><strong>sensit,</strong></span> <span class='ocrx_word' id='word_1_363' title='bbox 1269 2957 1470 3014; x_wconf 84' lang='lat' dir='ltr'><strong>formidolosus</strong></span> <span class='ocrx_word' id='word_1_364' title='bbox 1489 2960 1525 3014; x_wconf 89' lang='lat' dir='ltr'><strong>ad</strong></span> <span class='ocrx_word' id='word_1_365' title='bbox 1547 2961 1634 3015; x_wconf 83' lang='lat' dir='ltr'><strong>Usum</strong></span> <span class='ocrx_word' id='word_1_366' title='bbox 1654 2962 1832 3029; x_wconf 85' lang='lat' dir='ltr'><strong>exclamavit,</strong></span> 
     </span>
     <span class='ocr_line' id='line_1_31' title="bbox 146 3049 1832 3121; baseline 0.01 -27"><span class='ocrx_word' id='word_1_367' title='bbox 146 3057 198 3109; x_wconf 65' lang='lat'><strong>052,</strong></span> <span class='ocrx_word' id='word_1_368' title='bbox 1013 3052 1042 3103; x_wconf 91' lang='lat' dir='ltr'><strong>et</strong></span> <span class='ocrx_word' id='word_1_369' title='bbox 1068 3052 1098 3104; x_wconf 91' lang='lat' dir='ltr'><strong>nt</strong></span> <span class='ocrx_word' id='word_1_370' title='bbox 1123 3049 1176 3103; x_wconf 89' lang='lat' dir='ltr'><strong>sibi</strong></span> <span class='ocrx_word' id='word_1_371' title='bbox 1202 3067 1252 3121; x_wconf 90' lang='lat' dir='ltr'><strong>per</strong></span> <span class='ocrx_word' id='word_1_372' title='bbox 1274 3051 1375 3107; x_wconf 89' lang='lat' dir='ltr'><strong>merita</strong></span> <span class='ocrx_word' id='word_1_373' title='bbox 1396 3052 1486 3107; x_wconf 87' lang='lat' dir='ltr'><strong>sancti</strong></span> <span class='ocrx_word' id='word_1_374' title='bbox 1513 3053 1617 3108; x_wconf 83' lang='lat' dir='ltr'><strong>Ebrulll</strong></span> <span class='ocrx_word' id='word_1_375' title='bbox 1644 3055 1832 3110; x_wconf 85' lang='lat' dir='ltr'><strong>misereretur</strong></span> 
     </span>
     <span class='ocr_line' id='line_1_32' title="bbox 180 3130 1832 3218; baseline 0.001 -16"><span class='ocrx_word' id='word_1_376' title='bbox 180 3150 263 3202; x_wconf 79' lang='lat' dir='ltr'><strong>Anno</strong></span> <span class='ocrx_word' id='word_1_377' title='bbox 296 3130 436 3218; x_wconf 81' lang='lat' dir='ltr'><strong>siquidem</strong></span> <span class='ocrx_word' id='word_1_378' title='bbox 468 3146 624 3202; x_wconf 78' lang='lat' dir='ltr'><strong>Dominicae</strong></span> <span class='ocrx_word' id='word_1_379' title='bbox 651 3146 851 3202; x_wconf 88' lang='lat' dir='ltr'><strong>iucarnationis</strong></span> <span class='ocrx_word' id='word_1_380' title='bbox 879 3149 961 3216; x_wconf 71' lang='lat'><strong>1051,</strong></span> <span class='ocrx_word' id='word_1_381' title='bbox 1014 3142 1113 3197; x_wconf 87' lang='lat' dir='ltr'><strong>oravit.</strong></span> <span class='ocrx_word' id='word_1_382' title='bbox 1140 3143 1230 3198; x_wconf 81' lang='lat' dir='ltr'><strong>Factis</strong></span> <span class='ocrx_word' id='word_1_383' title='bbox 1258 3145 1352 3216; x_wconf 86' lang='lat' dir='ltr'><strong>itaque</strong></span> <span class='ocrx_word' id='word_1_384' title='bbox 1378 3145 1509 3216; x_wconf 89' lang='lat' dir='ltr'><strong>precibus</strong></span> <span class='ocrx_word' id='word_1_385' title='bbox 1531 3151 1559 3202; x_wconf 88' lang='lat' dir='ltr'><strong>et</strong></span> <span class='ocrx_word' id='word_1_386' title='bbox 1582 3147 1663 3214; x_wconf 88' lang='lat' dir='ltr'><strong>votis,</strong></span> <span class='ocrx_word' id='word_1_387' title='bbox 1690 3164 1832 3204; x_wconf 88' lang='lat' dir='ltr'><strong>vencnum</strong></span> 
     </span>
     <span class='ocr_line' id='line_1_33' title="bbox 145 3236 1831 3315; baseline 0.001 -19"><span class='ocrx_word' id='word_1_388' title='bbox 145 3241 351 3311; x_wconf 86' lang='lat' dir='ltr'><strong>Theodericus,</strong></span> <span class='ocrx_word' id='word_1_389' title='bbox 377 3240 609 3296; x_wconf 85' lang='lat' dir='ltr'><strong>Gemmeticansis</strong></span> <span class='ocrx_word' id='word_1_390' title='bbox 641 3241 813 3308; x_wconf 89' lang='lat' dir='ltr'><strong>monachus,</strong></span> <span class='ocrx_word' id='word_1_391' title='bbox 842 3240 963 3297; x_wconf 74' lang='lat' dir='ltr'><strong>abbatiss</strong></span> <span class='ocrx_word' id='word_1_392' title='bbox 1014 3236 1150 3303; x_wconf 82' lang='lat' dir='ltr'><strong>cronruit,</strong></span> <span class='ocrx_word' id='word_1_393' title='bbox 1167 3237 1407 3309; x_wconf 86' lang='lat' dir='ltr'><strong>citoquesanatus</strong></span> <span class='ocrx_word' id='word_1_394' title='bbox 1422 3239 1553 3295; x_wconf 87' lang='lat' dir='ltr'><strong>salvatori</strong></span> <span class='ocrx_word' id='word_1_395' title='bbox 1568 3256 1618 3295; x_wconf 84' lang='lat' dir='ltr'><strong>stro</strong></span> <span class='ocrx_word' id='word_1_396' title='bbox 1637 3242 1745 3312; x_wconf 88' lang='lat' dir='ltr'><strong>gratias</strong></span> <span class='ocrx_word' id='word_1_397' title='bbox 1763 3243 1831 3315; x_wconf 89' lang='lat' dir='ltr'><strong>egit,</strong></span> 
     </span>
     <span class='ocr_line' id='line_1_34' title="bbox 144 3330 1832 3409; baseline 0 -17"><span class='ocrx_word' id='word_1_398' title='bbox 144 3352 242 3392; x_wconf 91' lang='lat' dir='ltr'><strong>curam</strong></span> <span class='ocrx_word' id='word_1_399' title='bbox 268 3335 400 3406; x_wconf 89' lang='lat' dir='ltr'><strong>suscepit,</strong></span> <span class='ocrx_word' id='word_1_400' title='bbox 425 3341 454 3390; x_wconf 89' lang='lat' dir='ltr'><strong>ct</strong></span> <span class='ocrx_word' id='word_1_401' title='bbox 477 3335 652 3406; x_wconf 84' lang='lat' dir='ltr'><strong>neophytum</strong></span> <span class='ocrx_word' id='word_1_402' title='bbox 678 3350 797 3405; x_wconf 89' lang='lat' dir='ltr'><strong>gregem</strong></span> <span class='ocrx_word' id='word_1_403' title='bbox 822 3351 874 3406; x_wconf 88' lang='lat' dir='ltr'><strong>per</strong></span> <span class='ocrx_word' id='word_1_404' title='bbox 899 3340 962 3390; x_wconf 84' lang='lat' dir='ltr'><strong>octo</strong></span> <span class='ocrx_word' id='word_1_405' title='bbox 1014 3336 1043 3384; x_wconf 89' lang='lat' dir='ltr'><strong>et</strong></span> <span class='ocrx_word' id='word_1_406' title='bbox 1056 3330 1190 3401; x_wconf 89' lang='lat' dir='ltr'><strong>reliquias</strong></span> <span class='ocrx_word' id='word_1_407' title='bbox 1206 3332 1325 3386; x_wconf 88' lang='lat' dir='ltr'><strong>Uticensi</strong></span> <span class='ocrx_word' id='word_1_408' title='bbox 1342 3332 1471 3387; x_wconf 88' lang='lat' dir='ltr'><strong>coenobio</strong></span> <span class='ocrx_word' id='word_1_409' title='bbox 1490 3332 1572 3389; x_wconf 73' lang='lat' dir='ltr'><strong>laetus</strong></span> <span class='ocrx_word' id='word_1_410' title='bbox 1586 3335 1726 3404; x_wconf 87' lang='lat' dir='ltr'><strong>exhibuit,</strong></span> <span class='ocrx_word' id='word_1_411' title='bbox 1746 3341 1832 3409; x_wconf 89' lang='lat' dir='ltr'><strong>atque</strong></span> 
     </span>
     <span class='ocr_line' id='line_1_35' title="bbox 145 3425 1547 3501; baseline -0.002 -17"><span class='ocrx_word' id='word_1_412' title='bbox 145 3446 236 3485; x_wconf 90' lang='lat' dir='ltr'><strong>annos</strong></span> <span class='ocrx_word' id='word_1_413' title='bbox 256 3428 301 3501; x_wconf 89' lang='lat' dir='ltr'><strong>pie</strong></span> <span class='ocrx_word' id='word_1_414' title='bbox 319 3435 347 3484; x_wconf 92' lang='lat' dir='ltr'><strong>et</strong></span> <span class='ocrx_word' id='word_1_415' title='bbox 368 3429 523 3501; x_wconf 88' lang='lat' dir='ltr'><strong>prudenter</strong></span> <span class='ocrx_word' id='word_1_416' title='bbox 543 3429 683 3496; x_wconf 88' lang='lat' dir='ltr'><strong>educavit,</strong></span> <span class='ocrx_word' id='word_1_417' title='bbox 701 3432 785 3500; x_wconf 90' lang='lat' dir='ltr'><strong>atquc</strong></span> <span class='ocrx_word' id='word_1_418' title='bbox 805 3428 961 3484; x_wconf 90' lang='lat' dir='ltr'><strong>secundum</strong></span> <span class='ocrx_word' id='word_1_419' title='bbox 1011 3425 1126 3480; x_wconf 87' lang='lat' dir='ltr'><strong>easdem</strong></span> <span class='ocrx_word' id='word_1_420' title='bbox 1139 3430 1261 3498; x_wconf 90' lang='lat' dir='ltr'><strong>argento</strong></span> <span class='ocrx_word' id='word_1_421' title='bbox 1277 3427 1410 3481; x_wconf 88' lang='lat' dir='ltr'><strong>docenter</strong></span> <span class='ocrx_word' id='word_1_422' title='bbox 1423 3426 1547 3482; x_wconf 90' lang='lat' dir='ltr'><strong>inclusit.</strong></span> 
     </span>
     <span class='ocr_line' id='line_1_36' title="bbox 145 3518 1831 3593; baseline 0.001 -15"><span class='ocrx_word' id='word_1_423' title='bbox 145 3523 281 3578; x_wconf 88' lang='lat' dir='ltr'><strong>Normanr</strong></span> <span class='ocrx_word' id='word_1_424' title='bbox 297 3522 393 3578; x_wconf 88' lang='lat' dir='ltr'><strong>Sancti</strong></span> <span class='ocrx_word' id='word_1_425' title='bbox 410 3521 554 3578; x_wconf 88' lang='lat' dir='ltr'><strong>Benedicti</strong></span> <span class='ocrx_word' id='word_1_426' title='bbox 568 3520 716 3576; x_wconf 88' lang='lat' dir='ltr'><strong>ambulare</strong></span> <span class='ocrx_word' id='word_1_427' title='bbox 729 3521 758 3576; x_wconf 91' lang='lat' dir='ltr'><strong>in</strong></span> <span class='ocrx_word' id='word_1_428' title='bbox 770 3522 834 3593; x_wconf 88' lang='lat' dir='ltr'><strong>lege</strong></span> <span class='ocrx_word' id='word_1_429' title='bbox 847 3522 962 3577; x_wconf 87' lang='lat' dir='ltr'><strong>Domini</strong></span> <span class='ocrx_word' id='word_1_430' title='bbox 1047 3519 1129 3573; x_wconf 79' lang='lat' dir='ltr'><strong>harro</strong></span> <span class='ocrx_word' id='word_1_431' title='bbox 1151 3518 1186 3573; x_wconf 90' lang='lat' dir='ltr'><strong>ah</strong></span> <span class='ocrx_word' id='word_1_432' title='bbox 1213 3519 1413 3576; x_wconf 86' lang='lat' dir='ltr'><strong>incarnatione</strong></span> <span class='ocrx_word' id='word_1_433' title='bbox 1436 3520 1552 3577; x_wconf 90' lang='lat' dir='ltr'><strong>Uomiui</strong></span> <span class='ocrx_word' id='word_1_434' title='bbox 1578 3524 1658 3591; x_wconf 79' lang='lat' dir='ltr'><strong>trau,</strong></span> <span class='ocrx_word' id='word_1_435' title='bbox 1679 3524 1831 3591; x_wconf 87' lang='lat' dir='ltr'><strong>Guarinus,</strong></span> 
     </span>
     <span class='ocr_line' id='line_1_37' title="bbox 144 3613 1830 3687; baseline 0.005 -15"><span class='ocrx_word' id='word_1_436' title='bbox 144 3616 268 3687; x_wconf 87' lang='lat' dir='ltr'><strong>digniter</strong></span> <span class='ocrx_word' id='word_1_437' title='bbox 280 3616 385 3672; x_wconf 89' lang='lat' dir='ltr'><strong>docuit.</strong></span> <span class='ocrx_word' id='word_1_438' title='bbox 400 3616 518 3683; x_wconf 84' lang='lat' dir='ltr'><strong>Deinde,</strong></span> <span class='ocrx_word' id='word_1_439' title='bbox 530 3621 561 3671; x_wconf 91' lang='lat' dir='ltr'><strong>nt</strong></span> <span class='ocrx_word' id='word_1_440' title='bbox 571 3615 600 3671; x_wconf 90' lang='lat' dir='ltr'><strong>in</strong></span> <span class='ocrx_word' id='word_1_441' title='bbox 612 3614 840 3687; x_wconf 82' lang='lat' dir='ltr'><strong>praecedentibus</strong></span> <span class='ocrx_word' id='word_1_442' title='bbox 853 3615 961 3672; x_wconf 88' lang='lat' dir='ltr'><strong>dictum</strong></span> <span class='ocrx_word' id='word_1_443' title='bbox 1012 3613 1148 3683; x_wconf 87' lang='lat' dir='ltr'><strong>septimus</strong></span> <span class='ocrx_word' id='word_1_444' title='bbox 1169 3613 1266 3680; x_wconf 91' lang='lat' dir='ltr'><strong>abbas,</strong></span> <span class='ocrx_word' id='word_1_445' title='bbox 1289 3613 1446 3669; x_wconf 72' lang='lat' dir='ltr'><strong>haebreum</strong></span> <span class='ocrx_word' id='word_1_446' title='bbox 1470 3613 1552 3681; x_wconf 66' lang='lat' dir='ltr'><strong>adili,</strong></span> <span class='ocrx_word' id='word_1_447' title='bbox 1573 3614 1621 3670; x_wconf 73' lang='lat' dir='ltr'><strong>ubi</strong></span> <span class='ocrx_word' id='word_1_448' title='bbox 1645 3617 1830 3674; x_wconf 68' lang='lat' dir='ltr'><strong>medietatem</strong></span> 
     </span>
     <span class='ocr_line' id='line_1_38' title="bbox 145 3706 1830 3784; baseline 0.001 -18"><span class='ocrx_word' id='word_1_449' title='bbox 145 3713 198 3781; x_wconf 91' lang='lat' dir='ltr'><strong>cst,</strong></span> <span class='ocrx_word' id='word_1_450' title='bbox 222 3727 294 3765; x_wconf 78' lang='lat' dir='ltr'><strong>ontis</strong></span> <span class='ocrx_word' id='word_1_451' title='bbox 316 3710 464 3782; x_wconf 88' lang='lat' dir='ltr'><strong>regiminis</strong></span> <span class='ocrx_word' id='word_1_452' title='bbox 487 3709 632 3777; x_wconf 80' lang='lat' dir='ltr'><strong>fastidivit,</strong></span> <span class='ocrx_word' id='word_1_453' title='bbox 654 3708 761 3764; x_wconf 88' lang='lat' dir='ltr'><strong>moestis</strong></span> <span class='ocrx_word' id='word_1_454' title='bbox 782 3710 959 3782; x_wconf 76' lang='lat' dir='ltr'><strong>presulibus,</strong></span> <span class='ocrx_word' id='word_1_455' title='bbox 1011 3706 1138 3777; x_wconf 88' lang='lat' dir='ltr'><strong>corporis</strong></span> <span class='ocrx_word' id='word_1_456' title='bbox 1153 3707 1243 3761; x_wconf 90' lang='lat' dir='ltr'><strong>sancti</strong></span> <span class='ocrx_word' id='word_1_457' title='bbox 1263 3707 1368 3762; x_wconf 84' lang='lat' dir='ltr'><strong>Ubrulli</strong></span> <span class='ocrx_word' id='word_1_458' title='bbox 1387 3723 1449 3763; x_wconf 90' lang='lat' dir='ltr'><strong>csse</strong></span> <span class='ocrx_word' id='word_1_459' title='bbox 1470 3709 1609 3766; x_wconf 90' lang='lat' dir='ltr'><strong>audierat.</strong></span> <span class='ocrx_word' id='word_1_460' title='bbox 1622 3711 1694 3767; x_wconf 86' lang='lat' dir='ltr'><strong>Cum</strong></span> <span class='ocrx_word' id='word_1_461' title='bbox 1711 3712 1830 3784; x_wconf 81' lang='lat' dir='ltr'><strong>praefato</strong></span> 
     </span>
     <span class='ocr_line' id='line_1_39' title="bbox 90 3799 1830 3878; baseline -0.001 -18"><span class='ocrx_word' id='word_1_462' title='bbox 90 3810 95 3817; x_wconf 94' lang='grc'><em>“</em></span> <span class='ocrx_word' id='word_1_463' title='bbox 143 3804 272 3860; x_wconf 82' lang='lat' dir='ltr'><strong>ldarrrilio</strong></span> <span class='ocrx_word' id='word_1_464' title='bbox 287 3803 510 3875; x_wconf 84' lang='lat' dir='ltr'><strong>Rotbomagensi</strong></span> <span class='ocrx_word' id='word_1_465' title='bbox 526 3809 554 3859; x_wconf 90' lang='lat' dir='ltr'><strong>et</strong></span> <span class='ocrx_word' id='word_1_466' title='bbox 567 3804 684 3874; x_wconf 89' lang='lat' dir='ltr'><strong>lingone</strong></span> <span class='ocrx_word' id='word_1_467' title='bbox 699 3803 870 3870; x_wconf 80' lang='lat' dir='ltr'><strong>Lexoviensi,</strong></span> <span class='ocrx_word' id='word_1_468' title='bbox 889 3805 961 3860; x_wconf 90' lang='lat' dir='ltr'><strong>ultro</strong></span> <span class='ocrx_word' id='word_1_469' title='bbox 1011 3800 1094 3854; x_wconf 86' lang='lat' dir='ltr'><strong>Patre</strong></span> <span class='ocrx_word' id='word_1_470' title='bbox 1114 3799 1171 3854; x_wconf 93' lang='lat' dir='ltr'><strong>dno</strong></span> <span class='ocrx_word' id='word_1_471' title='bbox 1190 3800 1322 3856; x_wconf 89' lang='lat' dir='ltr'><strong>monachi</strong></span> <span class='ocrx_word' id='word_1_472' title='bbox 1343 3800 1463 3873; x_wconf 87' lang='lat' dir='ltr'><strong>profecti</strong></span> <span class='ocrx_word' id='word_1_473' title='bbox 1480 3806 1557 3871; x_wconf 85' lang='lat' dir='ltr'><strong>sunt,</strong></span> <span class='ocrx_word' id='word_1_474' title='bbox 1572 3802 1631 3861; x_wconf 79' lang='lat' dir='ltr'><strong>oto</strong></span> <span class='ocrx_word' id='word_1_475' title='bbox 1648 3820 1773 3878; x_wconf 88' lang='lat' dir='ltr'><strong>namque</strong></span> <span class='ocrx_word' id='word_1_476' title='bbox 1793 3805 1830 3860; x_wconf 89' lang='lat' dir='ltr'><strong>de</strong></span> 
     </span>
     <span class='ocr_line' id='line_1_40' title="bbox 143 3892 1827 3969; baseline 0.001 -16"><span class='ocrx_word' id='word_1_477' title='bbox 143 3896 287 3969; x_wconf 87' lang='lat' dir='ltr'><strong>deposuit,</strong></span> <span class='ocrx_word' id='word_1_478' title='bbox 308 3903 421 3952; x_wconf 89' lang='lat' dir='ltr'><strong>terrena</strong></span> <span class='ocrx_word' id='word_1_479' title='bbox 442 3913 581 3968; x_wconf 90' lang='lat' dir='ltr'><strong>spernens</strong></span> <span class='ocrx_word' id='word_1_480' title='bbox 601 3896 730 3952; x_wconf 80' lang='lat' dir='ltr'><strong>exsilium</strong></span> <span class='ocrx_word' id='word_1_481' title='bbox 751 3897 842 3968; x_wconf 91' lang='lat' dir='ltr'><strong>petiit,</strong></span> <span class='ocrx_word' id='word_1_482' title='bbox 863 3898 959 3953; x_wconf 84' lang='lat' dir='ltr'><strong>coeles·</strong></span> <span class='ocrx_word' id='word_1_483' title='bbox 1010 3892 1170 3961; x_wconf 84' lang='lat' dir='ltr'><strong>ldosterolo,</strong></span> <span class='ocrx_word' id='word_1_484' title='bbox 1196 3897 1225 3949; x_wconf 88' lang='lat' dir='ltr'><strong>et</strong></span> <span class='ocrx_word' id='word_1_485' title='bbox 1248 3894 1388 3951; x_wconf 84' lang='lat' dir='ltr'><strong>Guarinus</strong></span> <span class='ocrx_word' id='word_1_486' title='bbox 1414 3896 1571 3968; x_wconf 84' lang='lat' dir='ltr'><strong>sagiensis,</strong></span> <span class='ocrx_word' id='word_1_487' title='bbox 1596 3900 1627 3951; x_wconf 90' lang='lat' dir='ltr'><strong>ul</strong></span> <span class='ocrx_word' id='word_1_488' title='bbox 1654 3903 1751 3953; x_wconf 87' lang='lat' dir='ltr'><strong>sancta</strong></span> <span class='ocrx_word' id='word_1_489' title='bbox 1776 3900 1827 3955; x_wconf 88' lang='lat' dir='ltr'><strong>Pa·</strong></span> 
     </span>
     <span class='ocr_line' id='line_1_41' title="bbox 144 3986 1829 4064; baseline 0.002 -20"><span class='ocrx_word' id='word_1_490' title='bbox 144 3995 262 4062; x_wconf 89' lang='lat' dir='ltr'><strong>temque</strong></span> <span class='ocrx_word' id='word_1_491' title='bbox 289 3989 447 4045; x_wconf 83' lang='lat' dir='ltr'><strong>Jerusalem</strong></span> <span class='ocrx_word' id='word_1_492' title='bbox 475 3990 649 4057; x_wconf 88' lang='lat' dir='ltr'><strong>desiderans,</strong></span> <span class='ocrx_word' id='word_1_493' title='bbox 676 3995 841 4045; x_wconf 89' lang='lat' dir='ltr'><strong>terrestrem</strong></span> <span class='ocrx_word' id='word_1_494' title='bbox 866 3990 959 4046; x_wconf 86' lang='lat' dir='ltr'><strong>videre</strong></span> <span class='ocrx_word' id='word_1_495' title='bbox 1010 3986 1061 4042; x_wconf 86' lang='lat' dir='ltr'><strong>tris</strong></span> <span class='ocrx_word' id='word_1_496' title='bbox 1080 3987 1124 4041; x_wconf 92' lang='lat' dir='ltr'><strong>sui</strong></span> <span class='ocrx_word' id='word_1_497' title='bbox 1142 3986 1265 4058; x_wconf 87' lang='lat' dir='ltr'><strong>pignora</strong></span> <span class='ocrx_word' id='word_1_498' title='bbox 1284 3996 1456 4060; x_wconf 86' lang='lat' dir='ltr'><strong>quaererent,</strong></span> <span class='ocrx_word' id='word_1_499' title='bbox 1477 3990 1605 4045; x_wconf 87' lang='lat' dir='ltr'><strong>comitati</strong></span> <span class='ocrx_word' id='word_1_500' title='bbox 1626 3997 1708 4059; x_wconf 90' lang='lat' dir='ltr'><strong>sunt;</strong></span> <span class='ocrx_word' id='word_1_501' title='bbox 1725 3993 1829 4064; x_wconf 89' lang='lat' dir='ltr'><strong>quibus</strong></span> 
     </span>
     <span class='ocr_line' id='line_1_42' title="bbox 142 4079 1827 4156; baseline 0.002 -17"><span class='ocrx_word' id='word_1_502' title='bbox 142 4083 294 4139; x_wconf 91' lang='lat' dir='ltr'><strong>laboravit.</strong></span> <span class='ocrx_word' id='word_1_503' title='bbox 321 4083 447 4138; x_wconf 87' lang='lat' dir='ltr'><strong>Tandem</strong></span> <span class='ocrx_word' id='word_1_504' title='bbox 480 4083 509 4137; x_wconf 93' lang='lat' dir='ltr'><strong>in</strong></span> <span class='ocrx_word' id='word_1_505' title='bbox 537 4085 629 4154; x_wconf 82' lang='lat' dir='ltr'><strong>Cypro</strong></span> <span class='ocrx_word' id='word_1_506' title='bbox 660 4082 753 4137; x_wconf 91' lang='lat' dir='ltr'><strong>insula</strong></span> <span class='ocrx_word' id='word_1_507' title='bbox 783 4083 813 4137; x_wconf 91' lang='lat' dir='ltr'><strong>in</strong></span> <span class='ocrx_word' id='word_1_508' title='bbox 845 4085 961 4140; x_wconf 89' lang='lat' dir='ltr'><strong>ecclesia</strong></span> <span class='ocrx_word' id='word_1_509' title='bbox 1009 4079 1142 4151; x_wconf 78' lang='lat' dir='ltr'><strong>plurima</strong></span> <span class='ocrx_word' id='word_1_510' title='bbox 1173 4081 1352 4137; x_wconf 85' lang='lat' dir='ltr'><strong>difficultates</strong></span> <span class='ocrx_word' id='word_1_511' title='bbox 1382 4083 1575 4155; x_wconf 86' lang='lat' dir='ltr'><strong>contigerunt.</strong></span> <span class='ocrx_word' id='word_1_512' title='bbox 1604 4085 1706 4140; x_wconf 87' lang='lat' dir='ltr'><strong>Natalis</strong></span> <span class='ocrx_word' id='word_1_513' title='bbox 1732 4087 1827 4156; x_wconf 91' lang='lat' dir='ltr'><strong>enim,</strong></span> 
     </span>
     <span class='ocr_line' id='line_1_43' title="bbox 144 4173 1826 4251; baseline 0.002 -19"><span class='ocrx_word' id='word_1_514' title='bbox 144 4175 238 4232; x_wconf 86' lang='lat' dir='ltr'><strong>Sancti</strong></span> <span class='ocrx_word' id='word_1_515' title='bbox 251 4175 359 4230; x_wconf 84' lang='lat' dir='ltr'><strong>Nicolai</strong></span> <span class='ocrx_word' id='word_1_516' title='bbox 371 4179 437 4230; x_wconf 90' lang='lat' dir='ltr'><strong>ante</strong></span> <span class='ocrx_word' id='word_1_517' title='bbox 455 4175 544 4231; x_wconf 86' lang='lat' dir='ltr'><strong>altare</strong></span> <span class='ocrx_word' id='word_1_518' title='bbox 559 4176 620 4230; x_wconf 85' lang='lat' dir='ltr'><strong>iial.</strong></span> <span class='ocrx_word' id='word_1_519' title='bbox 633 4176 755 4247; x_wconf 76' lang='lat' dir='ltr'><strong>Augusti</strong></span> <span class='ocrx_word' id='word_1_520' title='bbox 769 4176 849 4245; x_wconf 93' lang='lat' dir='ltr'><strong>obiit,</strong></span> <span class='ocrx_word' id='word_1_521' title='bbox 864 4177 959 4249; x_wconf 90' lang='lat' dir='ltr'><strong>ibique</strong></span> <span class='ocrx_word' id='word_1_522' title='bbox 1010 4173 1192 4229; x_wconf 84' lang='lat' dir='ltr'><strong>ilesbacensis</strong></span> <span class='ocrx_word' id='word_1_523' title='bbox 1223 4174 1324 4243; x_wconf 89' lang='lat' dir='ltr'><strong>abbas,</strong></span> <span class='ocrx_word' id='word_1_524' title='bbox 1350 4175 1462 4242; x_wconf 87' lang='lat' dir='ltr'><strong>aberat;</strong></span> <span class='ocrx_word' id='word_1_525' title='bbox 1491 4178 1621 4233; x_wconf 86' lang='lat' dir='ltr'><strong>voluntas</strong></span> <span class='ocrx_word' id='word_1_526' title='bbox 1653 4183 1826 4251; x_wconf 89' lang='lat' dir='ltr'><strong>conventus,</strong></span> 
     </span>
     <span class='ocr_line' id='line_1_44' title="bbox 145 4268 1825 4342; baseline 0.004 -18"><span class='ocrx_word' id='word_1_527' title='bbox 145 4287 163 4324; x_wconf 92' lang='lat' dir='ltr'><strong>a</strong></span> <span class='ocrx_word' id='word_1_528' title='bbox 176 4275 316 4325; x_wconf 86' lang='lat' dir='ltr'><strong>conventu</strong></span> <span class='ocrx_word' id='word_1_529' title='bbox 334 4270 536 4324; x_wconf 91' lang='lat' dir='ltr'><strong>monachorum</strong></span> <span class='ocrx_word' id='word_1_530' title='bbox 554 4269 754 4326; x_wconf 86' lang='lat' dir='ltr'><strong>venerabiliter</strong></span> <span class='ocrx_word' id='word_1_531' title='bbox 768 4271 880 4342; x_wconf 89' lang='lat' dir='ltr'><strong>sepeliri</strong></span> <span class='ocrx_word' id='word_1_532' title='bbox 896 4289 957 4327; x_wconf 89' lang='lat' dir='ltr'><strong>me·</strong></span> <span class='ocrx_word' id='word_1_533' title='bbox 1010 4284 1069 4323; x_wconf 92' lang='lat' dir='ltr'><strong>non</strong></span> <span class='ocrx_word' id='word_1_534' title='bbox 1092 4273 1122 4323; x_wconf 90' lang='lat' dir='ltr'><strong>ut</strong></span> <span class='ocrx_word' id='word_1_535' title='bbox 1142 4268 1277 4341; x_wconf 89' lang='lat' dir='ltr'><strong>hospites,</strong></span> <span class='ocrx_word' id='word_1_536' title='bbox 1301 4269 1351 4325; x_wconf 89' lang='lat' dir='ltr'><strong>sed</strong></span> <span class='ocrx_word' id='word_1_537' title='bbox 1373 4276 1405 4326; x_wconf 90' lang='lat' dir='ltr'><strong>ut</strong></span> <span class='ocrx_word' id='word_1_538' title='bbox 1426 4270 1531 4339; x_wconf 90' lang='lat' dir='ltr'><strong>hostes,</strong></span> <span class='ocrx_word' id='word_1_539' title='bbox 1555 4288 1603 4327; x_wconf 87' lang='lat' dir='ltr'><strong>eos</strong></span> <span class='ocrx_word' id='word_1_540' title='bbox 1630 4288 1730 4328; x_wconf 84' lang='lat' dir='ltr'><strong>carere</strong></span> <span class='ocrx_word' id='word_1_541' title='bbox 1755 4279 1825 4330; x_wconf 85' lang='lat' dir='ltr'><strong>erat.</strong></span> 
     </span>
     <span class='ocr_line' id='line_1_45' title="bbox 142 4360 1827 4436; baseline 0.004 -19"><span class='ocrx_word' id='word_1_542' title='bbox 142 4363 210 4432; x_wconf 90' lang='lat' dir='ltr'><strong>ruit,</strong></span> <span class='ocrx_word' id='word_1_543' title='bbox 227 4363 464 4436; x_wconf 82' lang='lat' dir='ltr'><strong>etfrequentibus</strong></span> <span class='ocrx_word' id='word_1_544' title='bbox 478 4363 622 4418; x_wconf 90' lang='lat' dir='ltr'><strong>miraculis</strong></span> <span class='ocrx_word' id='word_1_545' title='bbox 636 4363 665 4418; x_wconf 90' lang='lat' dir='ltr'><strong>in</strong></span> <span class='ocrx_word' id='word_1_546' title='bbox 684 4367 860 4436; x_wconf 73' lang='lat' dir='ltr'><strong>aegrotorum</strong></span> <span class='ocrx_word' id='word_1_547' title='bbox 878 4381 957 4420; x_wconf 89' lang='lat' dir='ltr'><strong>cura-</strong></span> <span class='ocrx_word' id='word_1_548' title='bbox 1008 4361 1063 4415; x_wconf 85' lang='lat' dir='ltr'><strong>Par</strong></span> <span class='ocrx_word' id='word_1_549' title='bbox 1082 4360 1168 4416; x_wconf 87' lang='lat' dir='ltr'><strong>etiam</strong></span> <span class='ocrx_word' id='word_1_550' title='bbox 1191 4361 1349 4417; x_wconf 88' lang='lat' dir='ltr'><strong>incolarum</strong></span> <span class='ocrx_word' id='word_1_551' title='bbox 1370 4363 1517 4432; x_wconf 89' lang='lat' dir='ltr'><strong>alienatio,</strong></span> <span class='ocrx_word' id='word_1_552' title='bbox 1537 4364 1629 4420; x_wconf 84' lang='lat' dir='ltr'><strong>verbis</strong></span> <span class='ocrx_word' id='word_1_553' title='bbox 1651 4365 1827 4423; x_wconf 88' lang='lat' dir='ltr'><strong>desolatoriis</strong></span> 
     </span>
     <span class='ocr_line' id='line_1_46' title="bbox 138 4454 1825 4531; baseline 0.001 -17"><span class='ocrx_word' id='word_1_554' title='bbox 138 4457 266 4514; x_wconf 88' lang='lat' dir='ltr'><strong>&#39;tionibus</strong></span> <span class='ocrx_word' id='word_1_555' title='bbox 291 4457 459 4513; x_wconf 83' lang='lat' dir='ltr'><strong>coruscavit.</strong></span> <span class='ocrx_word' id='word_1_556' title='bbox 488 4457 635 4513; x_wconf 89' lang='lat' dir='ltr'><strong>lleroicnm</strong></span> <span class='ocrx_word' id='word_1_557' title='bbox 662 4474 774 4530; x_wconf 89' lang='lat' dir='ltr'><strong>quoqne</strong></span> <span class='ocrx_word' id='word_1_558' title='bbox 802 4476 887 4531; x_wconf 89' lang='lat' dir='ltr'><strong>super</strong></span> <span class='ocrx_word' id='word_1_559' title='bbox 910 4454 997 4525; x_wconf 88' lang='lat' dir='ltr'><strong>illol)</strong></span> <span class='ocrx_word' id='word_1_560' title='bbox 1010 4458 1040 4509; x_wconf 90' lang='lat' dir='ltr'><strong>ut</strong></span> <span class='ocrx_word' id='word_1_561' title='bbox 1056 4454 1200 4525; x_wconf 81' lang='lat' dir='ltr'><strong>lugerent,</strong></span> <span class='ocrx_word' id='word_1_562' title='bbox 1215 4454 1388 4511; x_wconf 89' lang='lat' dir='ltr'><strong>deterrebat.</strong></span> <span class='ocrx_word' id='word_1_563' title='bbox 1406 4459 1515 4512; x_wconf 87' lang='lat' dir='ltr'><strong>Bonum</strong></span> <span class='ocrx_word' id='word_1_564' title='bbox 1532 4459 1630 4513; x_wconf 88' lang='lat' dir='ltr'><strong>tamen</strong></span> <span class='ocrx_word' id='word_1_565' title='bbox 1647 4459 1825 4516; x_wconf 88' lang='lat' dir='ltr'><strong>desideriam</strong></span> 
     </span>
     <span class='ocr_line' id='line_1_47' title="bbox 143 4547 1825 4625; baseline 0.002 -19"><span class='ocrx_word' id='word_1_566' title='bbox 143 4552 320 4625; x_wconf 87' lang='lat' dir='ltr'><strong>epitaphium</strong></span> <span class='ocrx_word' id='word_1_567' title='bbox 337 4552 377 4606; x_wconf 92' lang='lat' dir='ltr'><strong>sic</strong></span> <span class='ocrx_word' id='word_1_568' title='bbox 390 4551 487 4607; x_wconf 88' lang='lat' dir='ltr'><strong>edidi:</strong></span> <span class='ocrx_word' id='word_1_569' title='bbox 1008 4547 1084 4619; x_wconf 92' lang='lat' dir='ltr'><strong>quod</strong></span> <span class='ocrx_word' id='word_1_570' title='bbox 1105 4548 1256 4616; x_wconf 87' lang='lat' dir='ltr'><strong>habebant,</strong></span> <span class='ocrx_word' id='word_1_571' title='bbox 1277 4549 1431 4618; x_wconf 88' lang='lat' dir='ltr'><strong>crescebat,</strong></span> <span class='ocrx_word' id='word_1_572' title='bbox 1448 4566 1554 4623; x_wconf 89' lang='lat' dir='ltr'><strong>eosque</strong></span> <span class='ocrx_word' id='word_1_573' title='bbox 1575 4552 1669 4624; x_wconf 90' lang='lat' dir='ltr'><strong>magis</strong></span> <span class='ocrx_word' id='word_1_574' title='bbox 1683 4551 1721 4609; x_wconf 90' lang='lat' dir='ltr'><strong>ad</strong></span> <span class='ocrx_word' id='word_1_575' title='bbox 1741 4554 1825 4609; x_wconf 81' lang='lat' dir='ltr'><strong>ellec-</strong></span> 
     </span>
     <span class='ocr_line' id='line_1_48' title="bbox 143 4641 1826 4732; baseline 0.005 -39"><span class='ocrx_word' id='word_1_576' title='bbox 143 4667 404 4732; x_wconf 52' lang='lat' dir='ltr'><strong>Eccmfampmmu,</strong></span> <span class='ocrx_word' id='word_1_577' title='bbox 420 4668 561 4720; x_wconf 58' lang='lat' dir='ltr'><strong>mmm</strong></span> <span class='ocrx_word' id='word_1_578' title='bbox 576 4668 742 4720; x_wconf 51' lang='lat' dir='ltr'><strong><em>mmmm„</em></strong></span> <span class='ocrx_word' id='word_1_579' title='bbox 1007 4645 1068 4695; x_wconf 88' lang='lat' dir='ltr'><strong>tum</strong></span> <span class='ocrx_word' id='word_1_580' title='bbox 1101 4641 1294 4712; x_wconf 89' lang='lat' dir='ltr'><strong>pertrahebat.</strong></span> <span class='ocrx_word' id='word_1_581' title='bbox 1322 4642 1418 4698; x_wconf 79' lang='lat' dir='ltr'><strong>Abbas</strong></span> <span class='ocrx_word' id='word_1_582' title='bbox 1448 4660 1535 4716; x_wconf 87' lang='lat' dir='ltr'><strong>ergo,</strong></span> <span class='ocrx_word' id='word_1_583' title='bbox 1562 4645 1685 4700; x_wconf 90' lang='lat' dir='ltr'><strong>dimissis</strong></span> <span class='ocrx_word' id='word_1_584' title='bbox 1714 4646 1826 4704; x_wconf 84' lang='lat' dir='ltr'><strong>duobos</strong></span> 
     </span>
     <span class='ocr_line' id='line_1_49' title="bbox 142 4734 1825 4812; baseline 0.004 -22"><span class='ocrx_word' id='word_1_585' title='bbox 142 4739 225 4795; x_wconf 79' lang='lat' dir='ltr'><strong>hesit,</strong></span> <span class='ocrx_word' id='word_1_586' title='bbox 240 4743 263 4789; x_wconf 83' lang='lat' dir='ltr'><strong>ct</strong></span> <span class='ocrx_word' id='word_1_587' title='bbox 276 4739 380 4789; x_wconf 83' lang='lat' dir='ltr'><strong>edocuit</strong></span> <span class='ocrx_word' id='word_1_588' title='bbox 392 4738 463 4790; x_wconf 86' lang='lat' dir='ltr'><strong>bono</strong></span> <span class='ocrx_word' id='word_1_589' title='bbox 476 4754 534 4805; x_wconf 75' lang='lat' dir='ltr'><strong>qus</strong></span> <span class='ocrx_word' id='word_1_590' title='bbox 549 4741 626 4804; x_wconf 80' lang='lat' dir='ltr'><strong>prius</strong></span> <span class='ocrx_word' id='word_1_591' title='bbox 640 4741 696 4805; x_wconf 80' lang='lat' dir='ltr'><strong>ipsc</strong></span> <span class='ocrx_word' id='word_1_592' title='bbox 709 4742 816 4805; x_wconf 82' lang='lat' dir='ltr'><strong>percpit.</strong></span> <span class='ocrx_word' id='word_1_593' title='bbox 1007 4734 1089 4789; x_wconf 89' lang='lat' dir='ltr'><strong>sociis</strong></span> <span class='ocrx_word' id='word_1_594' title='bbox 1107 4735 1183 4806; x_wconf 89' lang='lat' dir='ltr'><strong>apud</strong></span> <span class='ocrx_word' id='word_1_595' title='bbox 1204 4736 1372 4804; x_wconf 84' lang='lat' dir='ltr'><strong>liesbacum,</strong></span> <span class='ocrx_word' id='word_1_596' title='bbox 1391 4737 1501 4808; x_wconf 74' lang='lat' dir='ltr'><strong>prelati</strong></span> <span class='ocrx_word' id='word_1_597' title='bbox 1519 4738 1664 4794; x_wconf 89' lang='lat' dir='ltr'><strong>schemate</strong></span> <span class='ocrx_word' id='word_1_598' title='bbox 1685 4740 1825 4812; x_wconf 86' lang='lat' dir='ltr'><strong>deposito,</strong></span> 
     </span>
     <span class='ocr_line' id='line_1_50' title="bbox 140 4813 1825 4904; baseline 0.007 -26"><span class='ocrx_word' id='word_1_599' title='bbox 140 4813 226 4865; x_wconf 53' lang='grc' dir='ltr'><strong>ΑΜΒ</strong></span> <span class='ocrx_word' id='word_1_600' title='bbox 238 4815 344 4865; x_wconf 57' lang='lat' dir='ltr'><strong>‘timii</strong></span> <span class='ocrx_word' id='word_1_601' title='bbox 356 4814 528 4866; x_wconf 67' lang='lat' dir='ltr'><strong>m⁰⁷¹⁰0l⁰l1¹³</strong></span> <span class='ocrx_word' id='word_1_602' title='bbox 542 4818 598 4879; x_wconf 57' lang='grc' dir='ltr'><strong>ΨΜ</strong></span> <span class='ocrx_word' id='word_1_603' title='bbox 610 4815 725 4877; x_wconf 64' lang='lat' dir='ltr'><strong>titvrem</strong></span> <span class='ocrx_word' id='word_1_604' title='bbox 1007 4828 1060 4882; x_wconf 91' lang='lat' dir='ltr'><strong>iter</strong></span> <span class='ocrx_word' id='word_1_605' title='bbox 1080 4828 1203 4900; x_wconf 90' lang='lat' dir='ltr'><strong>arripuit</strong></span> <span class='ocrx_word' id='word_1_606' title='bbox 1227 4829 1409 4899; x_wconf 88' lang='lat' dir='ltr'><strong>laboriosum,</strong></span> <span class='ocrx_word' id='word_1_607' title='bbox 1433 4835 1464 4886; x_wconf 90' lang='lat' dir='ltr'><strong>et</strong></span> <span class='ocrx_word' id='word_1_608' title='bbox 1486 4833 1568 4903; x_wconf 90' lang='lat' dir='ltr'><strong>quasi</strong></span> <span class='ocrx_word' id='word_1_609' title='bbox 1591 4848 1700 4904; x_wconf 90' lang='lat' dir='ltr'><strong>pauper</strong></span> <span class='ocrx_word' id='word_1_610' title='bbox 1722 4850 1825 4890; x_wconf 91' lang='lat' dir='ltr'><strong>mona·</strong></span> 
     </span>
    </p>
   </div>
   <div class='ocr_carea' id='block_1_5' title="bbox 143 4885 1823 5021">
    <p class='ocr_par' dir='ltr' id='par_1_5' title="bbox 143 4885 1823 5021">
     <span class='ocr_line' id='line_1_51' title="bbox 143 4885 1823 5021; baseline 0.006 -48"><span class='ocrx_word' id='word_1_611' title='bbox 143 4885 720 5021; x_wconf 44' lang='grc' dir='ltr'><strong>ἓῗέἓξ-ξῖἕέἑιῶῗ’ἓὲἓᾜοέἕζβὲζξ,Ἕκ-εἴ</strong></span> <span class='ocrx_word' id='word_1_612' title='bbox 731 4900 850 4951; x_wconf 62' lang='lat' dir='ltr'>⁰⁹⁰mm&#39;</span> <span class='ocrx_word' id='word_1_613' title='bbox 1006 4921 1077 4976; x_wconf 91' lang='lat' dir='ltr'><strong>chus</strong></span> <span class='ocrx_word' id='word_1_614' title='bbox 1096 4923 1237 4993; x_wconf 88' lang='lat' dir='ltr'><strong>equitans,</strong></span> <span class='ocrx_word' id='word_1_615' title='bbox 1254 4939 1403 4978; x_wconf 89' lang='lat' dir='ltr'><strong>occursum</strong></span> <span class='ocrx_word' id='word_1_616' title='bbox 1418 4941 1476 4980; x_wconf 90' lang='lat' dir='ltr'><strong>non</strong></span> <span class='ocrx_word' id='word_1_617' title='bbox 1495 4925 1610 4981; x_wconf 87' lang='lat' dir='ltr'><strong>crubuit</strong></span> <span class='ocrx_word' id='word_1_618' title='bbox 1629 4925 1823 4998; x_wconf 67' lang='lat' dir='ltr'><strong>obviantium</strong></span> 
     </span>
    </p>
   </div>
   <div class='ocr_carea' id='block_1_6' title="bbox 140 5014 1824 5186">
    <p class='ocr_par' dir='ltr' id='par_1_6' title="bbox 140 5014 1824 5186">
     <span class='ocr_line' id='line_1_52' title="bbox 141 5014 1824 5093; baseline 0.013 -38"><span class='ocrx_word' id='word_1_619' title='bbox 141 5029 214 5078; x_wconf 63' lang='lat' dir='ltr'><strong>pm„</strong></span> <span class='ocrx_word' id='word_1_620' title='bbox 227 5026 369 5087; x_wconf 50' lang='lat' dir='ltr'><strong>„svam</strong></span> <span class='ocrx_word' id='word_1_621' title='bbox 384 5027 429 5077; x_wconf 64' lang='lat' dir='ltr'><strong>ug,-</strong></span> <span class='ocrx_word' id='word_1_622' title='bbox 443 5041 546 5093; x_wconf 61' lang='lat' dir='ltr'><strong>paup„</strong></span> <span class='ocrx_word' id='word_1_623' title='bbox 560 5031 666 5090; x_wconf 58' lang='lat' dir='ltr'><strong>mmm-p,</strong></span> <span class='ocrx_word' id='word_1_624' title='bbox 681 5028 811 5082; x_wconf 51' lang='lat' dir='ltr'><strong>pomona,</strong></span> <span class='ocrx_word' id='word_1_625' title='bbox 1007 5014 1056 5069; x_wconf 90' lang='lat' dir='ltr'><strong>sed</strong></span> <span class='ocrx_word' id='word_1_626' title='bbox 1077 5015 1204 5071; x_wconf 82' lang='lat' dir='ltr'><strong>Natalem</strong></span> <span class='ocrx_word' id='word_1_627' title='bbox 1223 5016 1351 5072; x_wconf 88' lang='lat' dir='ltr'><strong>abbatem</strong></span> <span class='ocrx_word' id='word_1_628' title='bbox 1373 5018 1475 5075; x_wconf 85' lang='lat' dir='ltr'><strong>obnixe</strong></span> <span class='ocrx_word' id='word_1_629' title='bbox 1497 5019 1636 5092; x_wconf 74' lang='lat' dir='ltr'><strong>quesivit,</strong></span> <span class='ocrx_word' id='word_1_630' title='bbox 1655 5020 1692 5076; x_wconf 91' lang='lat' dir='ltr'><strong>ad</strong></span> <span class='ocrx_word' id='word_1_631' title='bbox 1712 5023 1824 5077; x_wconf 90' lang='lat' dir='ltr'><strong>curiam</strong></span> 
     </span>
     <span class='ocr_line' id='line_1_53' title="bbox 140 5098 1824 5186; baseline 0.018 -45"><span class='ocrx_word' id='word_1_632' title='bbox 140 5098 209 5160; x_wconf 67' lang='lat' dir='ltr'><strong>nise,</strong></span> <span class='ocrx_word' id='word_1_633' title='bbox 224 5111 306 5148; x_wconf 82' lang='lat' dir='ltr'><strong>moon</strong></span> <span class='ocrx_word' id='word_1_634' title='bbox 318 5099 432 5161; x_wconf 84' lang='lat' dir='ltr'><strong>propria</strong></span> <span class='ocrx_word' id='word_1_635' title='bbox 446 5099 582 5150; x_wconf 83' lang='lat' dir='ltr'><strong>scribendo</strong></span> <span class='ocrx_word' id='word_1_636' title='bbox 593 5100 732 5152; x_wconf 83' lang='lat' dir='ltr'><strong>volumino</strong></span> <span class='ocrx_word' id='word_1_637' title='bbox 741 5101 833 5165; x_wconf 78' lang='lat' dir='ltr'><strong>ploro,</strong></span> <span class='ocrx_word' id='word_1_638' title='bbox 1006 5107 1138 5164; x_wconf 89' lang='lat' dir='ltr'><strong>&#39;ledbaldi</strong></span> <span class='ocrx_word' id='word_1_639' title='bbox 1153 5109 1265 5164; x_wconf 90' lang='lat' dir='ltr'><strong>comitis</strong></span> <span class='ocrx_word' id='word_1_640' title='bbox 1282 5109 1353 5165; x_wconf 87' lang='lat' dir='ltr'><strong>adiit</strong></span> <span class='ocrx_word' id='word_1_641' title='bbox 1368 5111 1547 5184; x_wconf 84' lang='lat' dir='ltr'><strong>Ruginacum</strong></span> <span class='ocrx_word' id='word_1_642' title='bbox 1561 5113 1764 5186; x_wconf 87' lang='lat' dir='ltr'><strong>municipium.</strong></span> <span class='ocrx_word' id='word_1_643' title='bbox 1775 5118 1824 5171; x_wconf 88' lang='lat' dir='ltr'><strong>Se·</strong></span> 
     </span>
    </p>
   </div>
   <div class='ocr_carea' id='block_1_7' title="bbox 140 5166 1824 5308">
    <p class='ocr_par' dir='ltr' id='par_1_7' title="bbox 140 5166 1824 5308">
     <span class='ocr_line' id='line_1_54' title="bbox 140 5166 1824 5308; baseline -0.015 -19"><span class='ocrx_word' id='word_1_644' title='bbox 140 5166 590 5304; x_wconf 43' lang='grc' dir='ltr'><strong>ᾗξξιιιῖιῑᾞίαᾝρὶᾞξιᾝ</strong></span> <span class='ocrx_word' id='word_1_645' title='bbox 598 5171 803 5308; x_wconf 41' lang='lat' dir='ltr'><strong>&amp;mam</strong></span> <span class='ocrx_word' id='word_1_646' title='bbox 1006 5201 1103 5257; x_wconf 78' lang='lat' dir='ltr'><strong>carrada</strong></span> <span class='ocrx_word' id='word_1_647' title='bbox 1122 5218 1189 5257; x_wconf 88' lang='lat' dir='ltr'><strong>vero</strong></span> <span class='ocrx_word' id='word_1_648' title='bbox 1208 5203 1253 5258; x_wconf 92' lang='lat' dir='ltr'><strong>die</strong></span> <span class='ocrx_word' id='word_1_649' title='bbox 1271 5203 1308 5258; x_wconf 89' lang='lat' dir='ltr'><strong>ad</strong></span> <span class='ocrx_word' id='word_1_650' title='bbox 1326 5204 1457 5261; x_wconf 89' lang='lat' dir='ltr'><strong>abbatem</strong></span> <span class='ocrx_word' id='word_1_651' title='bbox 1475 5206 1564 5275; x_wconf 83' lang='lat' dir='ltr'><strong>venit,</strong></span> <span class='ocrx_word' id='word_1_652' title='bbox 1585 5223 1638 5264; x_wconf 90' lang='lat' dir='ltr'><strong>nec</strong></span> <span class='ocrx_word' id='word_1_653' title='bbox 1657 5207 1722 5279; x_wconf 92' lang='lat' dir='ltr'><strong>quis</strong></span> <span class='ocrx_word' id='word_1_654' title='bbox 1739 5212 1824 5278; x_wconf 90' lang='lat' dir='ltr'><strong>esset,</strong></span> 
     </span>
    </p>
   </div>
   <div class='ocr_carea' id='block_1_8' title="bbox 140 5295 1825 5464">
    <p class='ocr_par' dir='ltr' id='par_1_8' title="bbox 140 5295 1825 5464">
     <span class='ocr_line' id='line_1_55' title="bbox 140 5295 1824 5379; baseline 0 -21"><span class='ocrx_word' id='word_1_655' title='bbox 140 5309 173 5359; x_wconf 83' lang='lat' dir='ltr'><strong>lo</strong></span> <span class='ocrx_word' id='word_1_656' title='bbox 186 5309 273 5374; x_wconf 71' lang='lat' dir='ltr'><strong>cypro</strong></span> <span class='ocrx_word' id='word_1_657' title='bbox 287 5308 348 5359; x_wconf 74' lang='lat' dir='ltr'><strong>vite</strong></span> <span class='ocrx_word' id='word_1_658' title='bbox 360 5308 436 5372; x_wconf 69' lang='lat' dir='ltr'><strong>finem</strong></span> <span class='ocrx_word' id='word_1_659' title='bbox 451 5310 632 5378; x_wconf 80' lang='lat' dir='ltr'><strong>tumulumque</strong></span> <span class='ocrx_word' id='word_1_660' title='bbox 644 5316 749 5379; x_wconf 76' lang='lat' dir='ltr'><strong>recapit.</strong></span> <span class='ocrx_word' id='word_1_661' title='bbox 1005 5295 1056 5351; x_wconf 88' lang='lat' dir='ltr'><strong>scd</strong></span> <span class='ocrx_word' id='word_1_662' title='bbox 1069 5295 1138 5366; x_wconf 91' lang='lat' dir='ltr'><strong>quid</strong></span> <span class='ocrx_word' id='word_1_663' title='bbox 1151 5303 1294 5369; x_wconf 78' lang='lat' dir='ltr'><strong>quaereret</strong></span> <span class='ocrx_word' id='word_1_664' title='bbox 1306 5299 1450 5356; x_wconf 83' lang='lat' dir='ltr'><strong>indicarit.</strong></span> <span class='ocrx_word' id='word_1_665' title='bbox 1466 5301 1515 5356; x_wconf 88' lang='lat' dir='ltr'><strong>illo</strong></span> <span class='ocrx_word' id='word_1_666' title='bbox 1533 5305 1630 5358; x_wconf 88' lang='lat' dir='ltr'><strong>autem</strong></span> <span class='ocrx_word' id='word_1_667' title='bbox 1647 5301 1824 5359; x_wconf 85' lang='lat' dir='ltr'><strong>Claras-llal·</strong></span> 
     </span>
     <span class='ocr_line' id='line_1_56' title="bbox 144 5379 1825 5464; baseline 0.013 -34"><span class='ocrx_word' id='word_1_668' title='bbox 144 5379 324 5430; x_wconf 78' lang='lat' dir='ltr'><strong>Ultimoos&#39;dv&#39;t</strong></span> <span class='ocrx_word' id='word_1_669' title='bbox 337 5391 396 5429; x_wconf 82' lang='lat' dir='ltr'><strong>eum</strong></span> <span class='ocrx_word' id='word_1_670' title='bbox 414 5381 536 5446; x_wconf 78' lang='lat' dir='ltr'><strong>quintilis</strong></span> <span class='ocrx_word' id='word_1_671' title='bbox 551 5381 600 5434; x_wconf 80' lang='lat' dir='ltr'><strong>tua</strong></span> <span class='ocrx_word' id='word_1_672' title='bbox 613 5387 777 5447; x_wconf 79' lang='lat' dir='ltr'><strong>morientem,</strong></span> <span class='ocrx_word' id='word_1_673' title='bbox 1005 5389 1046 5444; x_wconf 89' lang='lat' dir='ltr'><strong>les</strong></span> <span class='ocrx_word' id='word_1_674' title='bbox 1066 5407 1095 5446; x_wconf 90' lang='lat' dir='ltr'><strong>se</strong></span> <span class='ocrx_word' id='word_1_675' title='bbox 1119 5389 1161 5446; x_wconf 91' lang='lat' dir='ltr'><strong>ire</strong></span> <span class='ocrx_word' id='word_1_676' title='bbox 1185 5393 1256 5448; x_wconf 90' lang='lat' dir='ltr'><strong>velle</strong></span> <span class='ocrx_word' id='word_1_677' title='bbox 1280 5393 1432 5464; x_wconf 83' lang='lat' dir='ltr'><strong>intimarit,</strong></span> <span class='ocrx_word' id='word_1_678' title='bbox 1457 5400 1486 5451; x_wconf 89' lang='lat' dir='ltr'><strong>et</strong></span> <span class='ocrx_word' id='word_1_679' title='bbox 1508 5396 1531 5450; x_wconf 89' lang='lat' dir='ltr'><strong>si</strong></span> <span class='ocrx_word' id='word_1_680' title='bbox 1555 5411 1652 5451; x_wconf 84' lang='lat' dir='ltr'><strong>secum</strong></span> <span class='ocrx_word' id='word_1_681' title='bbox 1675 5395 1716 5452; x_wconf 88' lang='lat' dir='ltr'><strong>ira</strong></span> <span class='ocrx_word' id='word_1_682' title='bbox 1740 5397 1825 5453; x_wconf 89' lang='lat' dir='ltr'><strong>vellet</strong></span> 
     </span>
    </p>
   </div>
   <div class='ocr_carea' id='block_1_9' title="bbox 141 5449 1824 5560">
    <p class='ocr_par' dir='ltr' id='par_1_9' title="bbox 141 5449 1824 5560">
     <span class='ocr_line' id='line_1_57' title="bbox 141 5449 1824 5560; baseline 0.023 -52"><span class='ocrx_word' id='word_1_683' title='bbox 141 5451 221 5512; x_wconf 70' lang='lat' dir='ltr'><strong>Quem</strong></span> <span class='ocrx_word' id='word_1_684' title='bbox 232 5449 320 5513; x_wconf 68' lang='lat' dir='ltr'><strong>lomi</strong></span> <span class='ocrx_word' id='word_1_685' title='bbox 334 5449 454 5504; x_wconf 55' lang='lat' dir='ltr'><strong>Olmii&amp;</strong></span> <span class='ocrx_word' id='word_1_686' title='bbox 469 5453 557 5518; x_wconf 61' lang='lat' dir='ltr'><strong>immi</strong></span> <span class='ocrx_word' id='word_1_687' title='bbox 572 5455 601 5505; x_wconf 59' lang='lat' dir='ltr'><strong>‘&#39;st</strong></span> <span class='ocrx_word' id='word_1_688' title='bbox 615 5455 732 5508; x_wconf 59' lang='lat' dir='ltr'><strong>‘halwil&#39;</strong></span> <span class='ocrx_word' id='word_1_689' title='bbox 746 5458 909 5519; x_wconf 53' lang='lat' dir='ltr'><strong>mimum*</strong></span> <span class='ocrx_word' id='word_1_690' title='bbox 1005 5483 1116 5539; x_wconf 86' lang='lat' dir='ltr'><strong>annuit.</strong></span> <span class='ocrx_word' id='word_1_691' title='bbox 1130 5485 1220 5541; x_wconf 81' lang='lat' dir='ltr'><strong>ambo</strong></span> <span class='ocrx_word' id='word_1_692' title='bbox 1235 5486 1332 5560; x_wconf 87' lang='lat' dir='ltr'><strong>itaque</strong></span> <span class='ocrx_word' id='word_1_693' title='bbox 1344 5504 1411 5544; x_wconf 88' lang='lat' dir='ltr'><strong>cnm</strong></span> <span class='ocrx_word' id='word_1_694' title='bbox 1425 5487 1483 5545; x_wconf 87' lang='lat' dir='ltr'><strong>suis</strong></span> <span class='ocrx_word' id='word_1_695' title='bbox 1495 5488 1611 5555; x_wconf 78' lang='lat' dir='ltr'><strong>famulis</strong></span> <span class='ocrx_word' id='word_1_696' title='bbox 1624 5489 1824 5547; x_wconf 83' lang='lat' dir='ltr'><strong>Clarae-Valles</strong></span> 
     </span>
    </p>
   </div>
   <div class='ocr_carea' id='block_1_10' title="bbox 140 5566 1823 5746">
    <p class='ocr_par' dir='ltr' id='par_1_10' title="bbox 140 5566 1823 5746">
     <span class='ocr_line' id='line_1_58' title="bbox 140 5566 1823 5659; baseline 0.011 -36"><span class='ocrx_word' id='word_1_697' title='bbox 140 5566 194 5625; x_wconf 84' lang='lat' dir='ltr'><strong>xv.</strong></span> <span class='ocrx_word' id='word_1_698' title='bbox 211 5568 343 5627; x_wconf 82' lang='lat' dir='ltr'><strong>Uticenses</strong></span> <span class='ocrx_word' id='word_1_699' title='bbox 355 5570 481 5627; x_wconf 75' lang='lat' dir='ltr'><strong>monacis·</strong></span> <span class='ocrx_word' id='word_1_700' title='bbox 496 5572 631 5643; x_wconf 82' lang='lat' dir='ltr'><strong>quosdam</strong></span> <span class='ocrx_word' id='word_1_701' title='bbox 638 5579 753 5646; x_wconf 76' lang='lat' dir='ltr'><strong>patrem</strong></span> <span class='ocrx_word' id='word_1_702' title='bbox 766 5579 811 5634; x_wconf 75' lang='lat' dir='ltr'><strong>aas·</strong></span> <span class='ocrx_word' id='word_1_703' title='bbox 824 5580 957 5652; x_wconf 52' lang='lat' dir='ltr'><strong>recantas</strong></span> <span class='ocrx_word' id='word_1_704' title='bbox 1005 5576 1148 5647; x_wconf 88' lang='lat' dir='ltr'><strong>abierunt,</strong></span> <span class='ocrx_word' id='word_1_705' title='bbox 1158 5578 1286 5653; x_wconf 85' lang='lat' dir='ltr'><strong>benigna</strong></span> <span class='ocrx_word' id='word_1_706' title='bbox 1296 5598 1313 5637; x_wconf 86' lang='lat' dir='ltr'><strong>a</strong></span> <span class='ocrx_word' id='word_1_707' title='bbox 1325 5581 1461 5639; x_wconf 85' lang='lat' dir='ltr'><strong>iratribus</strong></span> <span class='ocrx_word' id='word_1_708' title='bbox 1472 5580 1548 5639; x_wconf 81' lang='lat' dir='ltr'><strong>illins</strong></span> <span class='ocrx_word' id='word_1_709' title='bbox 1559 5582 1682 5640; x_wconf 75' lang='lat' dir='ltr'><strong>caenobii</strong></span> <span class='ocrx_word' id='word_1_710' title='bbox 1694 5585 1823 5659; x_wconf 69' lang='lat' dir='ltr'><strong>sumpti</strong></span> 
     </span>
     <span class='ocr_line' id='line_1_59' title="bbox 242 5648 1821 5746; baseline 0.011 -28"><span class='ocrx_word' id='word_1_711' title='bbox 242 5648 373 5705; x_wconf 52' lang='lat' dir='ltr'><strong>illm&amp;</strong></span> <span class='ocrx_word' id='word_1_712' title='bbox 386 5651 523 5708; x_wconf 63' lang='lat' dir='ltr'><strong>S¹⁴⁰⁰⁰⁸⁸l⁰</strong></span> <span class='ocrx_word' id='word_1_713' title='bbox 540 5654 704 5711; x_wconf 64' lang='lat' dir='ltr'><strong>Ulliemt‘ttm</strong></span> <span class='ocrx_word' id='word_1_714' title='bbox 715 5656 855 5715; x_wconf 65' lang='lat' dir='ltr'><strong>atoma.</strong></span> <span class='ocrx_word' id='word_1_715' title='bbox 1004 5674 1081 5740; x_wconf 84' lang='lat' dir='ltr'><strong>sunt,</strong></span> <span class='ocrx_word' id='word_1_716' title='bbox 1096 5672 1147 5745; x_wconf 89' lang='lat' dir='ltr'><strong>qui</strong></span> <span class='ocrx_word' id='word_1_717' title='bbox 1162 5673 1301 5746; x_wconf 79' lang='lat' dir='ltr'><strong>Regulam</strong></span> <span class='ocrx_word' id='word_1_718' title='bbox 1313 5674 1406 5732; x_wconf 72' lang='lat' dir='ltr'><strong>macti</strong></span> <span class='ocrx_word' id='word_1_719' title='bbox 1418 5674 1564 5734; x_wconf 79' lang='lat' dir='ltr'><strong>Benedicti</strong></span> <span class='ocrx_word' id='word_1_720' title='bbox 1580 5676 1701 5735; x_wconf 87' lang='lat' dir='ltr'><strong>omnino</strong></span> <span class='ocrx_word' id='word_1_721' title='bbox 1718 5678 1756 5735; x_wconf 83' lang='lat' dir='ltr'><strong>ad</strong></span> <span class='ocrx_word' id='word_1_722' title='bbox 1772 5678 1821 5735; x_wconf 89' lang='lat' dir='ltr'><strong>iit·</strong></span> 
     </span>
    </p>
   </div>
   <div class='ocr_carea' id='block_1_11' title="bbox 173 5738 1821 5843">
    <p class='ocr_par' dir='ltr' id='par_1_11' title="bbox 173 5738 1821 5843">
     <span class='ocr_line' id='line_1_60' title="bbox 173 5738 1821 5843; baseline 0.013 -34"><span class='ocrx_word' id='word_1_723' title='bbox 173 5750 316 5810; x_wconf 81' lang='lat' dir='ltr'><strong>Uticenses</strong></span> <span class='ocrx_word' id='word_1_724' title='bbox 331 5752 465 5810; x_wconf 87' lang='lat' dir='ltr'><strong>monachi</strong></span> <span class='ocrx_word' id='word_1_725' title='bbox 478 5738 582 5829; x_wconf 86' lang='lat' dir='ltr'><strong>corpus</strong></span> <span class='ocrx_word' id='word_1_726' title='bbox 594 5757 708 5827; x_wconf 90' lang='lat' dir='ltr'><strong>patroni</strong></span> <span class='ocrx_word' id='word_1_727' title='bbox 723 5759 767 5815; x_wconf 89' lang='lat' dir='ltr'><strong>sni</strong></span> <span class='ocrx_word' id='word_1_728' title='bbox 780 5774 840 5816; x_wconf 91' lang='lat' dir='ltr'><strong>non</strong></span> <span class='ocrx_word' id='word_1_729' title='bbox 858 5776 888 5819; x_wconf 89' lang='lat' dir='ltr'><strong>se</strong></span> <span class='ocrx_word' id='word_1_730' title='bbox 900 5761 955 5818; x_wconf 87' lang='lat' dir='ltr'><strong>ba·</strong></span> <span class='ocrx_word' id='word_1_731' title='bbox 1003 5770 1095 5824; x_wconf 84' lang='lat' dir='ltr'><strong>teram</strong></span> <span class='ocrx_word' id='word_1_732' title='bbox 1109 5766 1258 5825; x_wconf 84' lang='lat' dir='ltr'><strong>observare</strong></span> <span class='ocrx_word' id='word_1_733' title='bbox 1277 5772 1420 5843; x_wconf 79' lang='lat' dir='ltr'><strong>satagam.</strong></span> <span class='ocrx_word' id='word_1_734' title='bbox 1440 5770 1596 5827; x_wconf 84' lang='lat' dir='ltr'><strong>bominum</strong></span> <span class='ocrx_word' id='word_1_735' title='bbox 1614 5786 1684 5829; x_wconf 82' lang='lat' dir='ltr'><strong>raro</strong></span> <span class='ocrx_word' id='word_1_736' title='bbox 1703 5772 1821 5831; x_wconf 74' lang='lat' dir='ltr'><strong>bernar</strong></span> 
     </span>
    </p>
   </div>
   <div class='ocr_carea' id='block_1_12' title="bbox 0 0 1880 6046">
    <p class='ocr_par' dir='ltr' id='par_1_12' title="bbox 0 0 1880 6046">
     <span class='ocr_line' id='line_1_61' title="bbox 0 0 1880 6046; baseline 0 5"><span class='ocrx_word' id='word_1_737' title='bbox 0 0 1880 6046; x_wconf 95' lang='lat' dir='ltr'><strong> </strong></span> 
     </span>
    </p>
   </div>
  </div>
 </body>
</html>
