3750 6046
131 172 182 239 lid
818 186 979 247 onounlct
998 185 1127 246 vivitis
1767 180 1821 245 ild

130 310 298 383 tamorice,
323 314 518 387 Apollinarem
542 317 697 390 Ravenna,
720 318 865 377 Valerium
885 321 949 376 Tse·
958 317 1084 407 Abram
1096 315 1197 386 edidit,
1211 315 1386 390 heroicoque
1403 318 1500 372 metro
1518 313 1717 388 apostolorum
1735 317 1820 371 Actus
1862 322 1869 375 ἓ

131 406 206 461 veris
227 413 256 463 et
275 407 345 465 aiios
367 411 477 482 plures,
503 413 552 485 qui
577 413 696 471 diversis
716 415 746 470 in
770 414 837 471 locis
858 414 949 471 multa
998 411 1099 468 devote
1112 411 1228 481 cecinit,
1245 414 1275 466 et
1286 411 1364 467 Pauli
1377 426 1484 484 agones
1497 413 1528 467 et
1542 408 1738 478 tolerantiam,
1751 424 1821 465 nan·
1858 420 1869 461 s

133 499 164 559 iu
193 501 310 573 nomine
335 504 438 562 Christi
464 507 602 564 miracula
630 508 775 577 lecerunt,
801 515 830 565 et
854 510 948 581 piures
999 505 1181 578 iragiumque
1205 505 1312 562 retulit.
1337 504 1475 570 Quasdam
1497 503 1638 562 lectorum
1663 503 1729 576 ejus
1752 503 1820 560 inde
1857 518 1868 555 s

130 593 331 669 maximosque
346 602 434 655 cmtus
453 601 603 672 gentilium
619 602 657 659 ad
678 602 746 659 ildei
767 603 867 660 iumen
888 619 950 675 per·
998 598 1122 655 breviter
1142 604 1279 671 excerpta
1292 598 1321 655 iu
1337 597 1565 671 precedentibus
1586 597 1731 666 adnomvi,
1750 614 1820 670 quo-
1859 608 1869 651 t

130 689 293 758 traxerunt,
304 693 391 765 atque
401 695 474 750 sacri
483 695 661 767 baptismatis
674 697 751 752 unda
763 701 948 770 regeneratos
998 708 1063 748 rum
1077 692 1124 748 hic
1139 709 1196 749 non
1207 709 1255 750 me
1267 692 1353 750 tedes
1366 692 1472 749 iterum
1487 691 1525 748 ad
1541 691 1659 748 laudem
1677 691 1820 749 creatoris
1861 704 1869 744 s

130 781 162 838 in
176 782 241 839 sinn
254 784 308 857 pia
322 787 424 842 matris
437 788 568 844 iicclesies
579 789 798 847 collocaverunt.
1001 785 1161 844 reminisci.

168 877 317 943 Quondam
331 879 441 948 ltomae,
454 882 523 938 dum
536 882 654 955 plurimi
668 884 772 942 iratres
785 885 948 943 simulreil·
1034 862 1146 950 Saulus,
1160 879 1210 954 qui
1227 885 1256 937 et
1272 881 1386 952 Paulus,
1402 880 1510 952 Spiritu
1528 884 1627 937 sancto
1642 881 1819 937 admonente
1860 906 1864 915 ·

132 975 240 1040 carent,
255 973 332 1029 Titus
344 973 416 1032 dixit
435 976 563 1048 apostolo
580 979 664 1035 Petro
680 995 687 1034 :
702 999 717 1031 a
734 979 805 1036 Cum
824 979 951 1036 universi
998 979 1183 1048 segregatus,
1210 975 1300 1048 Paphi
1329 974 1509 1049 predicavit,
1539 976 1668 1048 Elymem
1698 990 1819 1047 magum
1861 994 1869 1029 a

132 1070 193 1121 ate
216 1066 359 1123 salventur
379 1068 496 1141 iniirmi,
511 1086 600 1144 quare
618 1072 801 1129 Petronillam
820 1074 950 1146 paralyti-
1000 1068 1094 1125 verbis
1106 1069 1174 1126 fidei
1187 1069 1368 1127 resistentem
1376 1069 1458 1142 jussu
1472 1069 1600 1137 cacavit,
1618 1072 1649 1126 et
1664 1084 1821 1140 proconsu·
1860 1088 1869 1125 r

132 1160 301 1231 cumjacere
321 1162 486 1233 permittis?
504 1184 519 1214 u
537 1166 686 1236 Apostolus
705 1182 773 1223 vero
789 1167 850 1223 ait:
868 1188 882 1217 a
905 1167 950 1224 Sic
1000 1162 1057 1219 lem
1068 1164 1187 1219 Paulum
1199 1164 1236 1219 ad
1251 1162 1339 1219 lldem
1353 1163 1505 1220 convertit.
1521 1162 1681 1220 Antiochia
1694 1178 1821 1236 synago·

132 1253 249 1325 expedit
262 1254 300 1310 ei.
324 1255 381 1312 Sed
403 1273 441 1314 ne
462 1257 642 1314 existimetur
661 1259 871 1332 impossibilitas
888 1262 951 1335 ejus
1001 1273 1068 1329 gam
1080 1257 1236 1330 ingrersus,
1249 1273 1337 1315 mauu
1349 1257 1496 1314 silentium
1508 1256 1622 1326 indixit,
1635 1256 1738 1330 ibique
1751 1273 1822 1330 qua·

131 1345 338 1405 incolumitatis
359 1351 485 1407 excusari
506 1352 580 1408 meis
600 1353 795 1427 sermonibus,
819 1377 833 1405 »
855 1355 895 1411 ait
915 1355 951 1411 ad
1000 1352 1067 1407 liter
1084 1352 1238 1408 israelitica
1252 1351 1333 1424 plebs
1355 1335 1391 1407 de
1411 1353 1533 1425 AEgypto
1549 1367 1602 1424 per
1615 1366 1697 1407 mare
1707 1350 1823 1425 exiitet
1864 1372 1869 1409 t

133 1456 218 1497 cam:
235 1442 365 1518 «Surge,
379 1445 551 1515 Petronilia3
566 1446 649 1504 nobis
664 1448 833 1504 ministra.»
847 1450 951 1507 Statim
1001 1445 1036 1501 de
1050 1445 1167 1501 diversis
1186 1445 1456 1519 mirabilibusque
1475 1445 1506 1500 in
1524 1445 1638 1501 deserto
1653 1445 1728 1502 iacta
1742 1450 1821 1517 suut,
1864 1468 1869 1505 ι

135 1552 204 1591 sana
224 1538 346 1593 eumenii
363 1543 391 1594 et
414 1539 597 1596 ministravit.
614 1540 769 1599 llinisterio
789 1548 886 1600 autern
906 1560 952 1599 ex·
1001 1539 1176 1595 locutionem
1196 1539 1273 1596 lecit.
1295 1539 1359 1595 Alio
1374 1555 1490 1612 quoque
1511 1538 1634 1595 Sabbato
1656 1538 1822 1611 pudorem
1866 1574 1869 1583 ·

135 1629 225 1700 picto,
245 1630 334 1702 jussit
351 1649 417 1689 eam
438 1633 531 1691 redire
555 1634 592 1692 ad
613 1637 775 1708 grabatum.
795 1641 830 1695 At
853 1637 903 1693 ubi
922 1638 952 1693 in
1001 1633 1105 1690 Christi
1123 1640 1151 1690 et
1168 1634 1406 1690 resurrectionem
1425 1632 1673 1704 commemoravit,
1694 1634 1821 1706 prophe·

136 1723 186 1778 liei
212 1725 318 1781 timore
339 1727 425 1800 coepit
446 1745 506 1785 esse
530 1730 673 1802 perlecta,
698 1748 756 1787 nou
779 1732 872 1788 solum
893 1705 1065 1804 ipsaBticis
1088 1727 1293 1785 assertionibus
1313 1728 1455 1800 allegavit,
1476 1732 1506 1785 et
1528 1726 1660 1800 plurimis
1684 1726 1823 1784 credenti

135 1817 241 1874 salvata
255 1822 309 1891 est,
328 1822 377 1878 sed
392 1822 478 1878 ctiam
499 1823 630 1895 plurimis
646 1825 678 1881 iu
697 1827 799 1882 melius
816 1825 873 1883 suis
892 1842 953 1883 ora·
1003 1824 1057 1880 bus
1069 1824 1202 1881 Ecclesia
1215 1838 1333 1897 gregem
1347 1821 1557 1895 augmentavit.
1568 1821 1675 1895 hystria
1686 1822 1824 1879 claudunt

135 1910 261 1969 tionibus
271 1914 422 1973 sanitatem
434 1918 624 1991 recuperavit.
873 1952 879 1961 ·
1003 1935 1038 1976 ex
1058 1921 1141 1974 utero
1163 1917 1273 1985 meum,
1294 1916 1493 1973 intendentem
1512 1916 1608 1972 verbis
1626 1914 1686 1984 liei,
1704 1915 1823 1988 curavit,

447 2062 481 2118 w
573 2064 584 2119 l
1003 2017 1078 2069 etex
1092 2011 1182 2067 veteri
1201 2010 1404 2083 superstitione
1419 2009 1575 2083 Lycaonius
1590 2008 1645 2066 sibi
1663 2009 1824 2067 mcmflcare

484 2105 490 2119 '
510 2065 570 2121 Pau
583 2079 624 2120 ω’
1003 2105 1140 2176 volentes,
1153 2104 1246 2163 scissis
1259 2104 1384 2161 vestibus
1395 2106 1427 2160 et
1438 2104 1560 2161 iocunda
1571 2103 1682 2161 ratione
1698 2104 1822 2177 prolata,

172 2198 296 2271 insignis
320 2201 429 2258 athleta
456 2203 674 2276 crmctipotentis
700 2205 810 2261 Adonai
835 2206 953 2274 Paulus,
1003 2199 1187 2273 compescuit.
1202 2201 1269 2257 Post
1282 2199 1416 2256 multain
1434 2197 1636 2271 predicatione
1651 2198 1822 2270 certamina,

135 2307 184 2347 vas
196 2293 355 2363 electionis,
368 2295 468 2352 doctor
480 2296 622 2370 gentium,
634 2298 805 2371 predicator
817 2298 953 2370 veritatis,
1003 2292 1193 2367 questionem
1204 2292 1337 2351 atudreis
1349 2291 1496 2364 baptizatis
1507 2292 1636 2365 pertulit,
1650 2308 1688 2348 ne
1703 2292 1824 2351 creden·

135 2385 186 2457 qui
209 2387 347 2444 thronum
369 2388 445 2446 inter
465 2392 605 2463 apostolos
626 2392 732 2449 meruit
750 2392 954 2450 duodecimum
1003 2390 1046 2446 tes
1059 2404 1094 2444 es
1107 2387 1243 2461 gentibus
1260 2387 1473 2460 baptizarentur
1490 2386 1658 2459 priusquam
1677 2385 1825 2443 circumci-

136 2480 286 2551 possidere
306 2486 335 2539 et
352 2482 382 2538 in
399 2484 531 2556 paradiso
547 2490 644 2557 ruptus
661 2502 765 2543 orccac
779 2489 871 2553 umbe,
894 2503 955 2559 que
1004 2481 1152 2538 derantur.
1165 2481 1270 2538 Paulus
1283 2496 1353 2553 ergo
1373 2480 1547 2553 legationem
1564 2479 1693 2536 fidelium
1713 2480 1824 2537 Jerusa-

137 2576 269 2632 nonlicet
287 2578 390 2632 hoedos·
408 2578 618 2651 toquiillcor„
638 2596 688 2648 xu,
703 2581 743 2651 i),
764 2580 873 2649 audire,
888 2597 954 2638 vere
1005 2577 1062 2633 lem
1082 2575 1195 2647 detulit,
1208 2577 1323 2631 Petrum
1345 2580 1374 2631 et
1387 2574 1526 2631 iacobum
1545 2573 1675 2648 aliosque
1695 2574 1824 2631 seniores

137 2667 225 2740 digne
248 2675 292 2727 est
313 2670 516 2743 glorificandus
538 2676 567 2729 et
588 2689 606 2728 a
624 2672 692 2729 llliis
715 2673 845 2731 Ecclesia
868 2674 955 2731 veluti
1006 2669 1163 2739 consuluit,
1188 2684 1343 2742 eorumque
1370 2668 1571 2725 diffinitionem
1598 2684 1650 2740 per
1673 2668 1825 2742 epistolam

138 2762 227 2817 solers
247 2764 421 2837 pedagogus
436 2765 548 2839 jugiter
568 2766 762 2824 honorandus.
781 2767 829 2823 iiic
844 2768 954 2838 mulus,
1003 2764 1104 2821 retulit
1116 2767 1147 2819 ut
1154 2762 1335 2819 abstinerent
1346 2779 1376 2818 se
1387 2761 1592 2819 abimmolstis
1600 2762 1824 2819 simulacrorum

136 2856 167 2912 id
180 2859 346 2914 esttevstutio
361 2858 506 2931 hebraice,
521 2860 612 2917 dictus
627 2865 681 2930 est,
696 2877 730 2918 eo
748 2862 825 2935 quod
846 2862 875 2918 iu
895 2865 955 2920 ten·
1004 2865 1033 2917 et
1044 2858 1185 2931 sanguine
1201 2863 1229 2913 et
1243 2855 1381 2913 suffocato
1394 2862 1424 2913 et
1435 2856 1635 2913 fornicatione.

139 2950 245 3007 tatione
259 2954 366 3007 sancire
385 2953 484 3010 matris
503 2954 634 3011 Ecclesiae
654 2955 733 3028 prius
754 2959 882 3013 versatus
901 2962 953 3013 est.
1040 2952 1483 3028 Philippisapuellapythonissa
1495 2952 1627 3026 spiritum
1640 2953 1824 3011 immundum

138 3045 249 3114 Postea,
272 3049 384 3103 mutato
412 3048 541 3119 nomine,
566 3049 601 3107 de
622 3051 705 3107 Saulo
724 3050 839 3118 Paulus,
862 3050 890 3106 id
912 3054 993 3151 estc
1005 3049 1122 3123 expulit,
1138 3052 1178 3117 et,
1190 3048 1283 3122 ejecto
1300 3048 1433 3104 demone
1450 3046 1500 3120 qui
1518 3063 1658 3120 responsa
1678 3047 1826 3122 inquiren·

137 3140 281 3209 meabitis,
295 3140 386 3197 dictus
398 3147 450 3213 est,
469 3142 599 3217 miroque
619 3145 705 3201 modo
721 3144 758 3201 de
773 3145 870 3219 rapaci
887 3146 955 3217 lupo
1005 3143 1082 3199 tibus
1100 3143 1195 3211 dabat,
1209 3142 1305 3198 avidos
1324 3147 1479 3215 questoree
1499 3141 1593 3213 pretio
1614 3141 1825 3200 divinitationis

139 3232 216 3289 mitis
234 3250 325 3307 agnus
344 3235 434 3292 lactus
453 3241 506 3293 est.
521 3238 620 3295 Latine
637 3244 733 3295 autem
751 3239 855 3296 Paulus
874 3239 954 3311 quasi
1004 3236 1136 3311 privavit.
1161 3236 1242 3293 Unde
1265 3236 1301 3292 ab
1324 3235 1434 3292 eisdem
1456 3239 1605 3292 accusatus
1628 3240 1659 3292 et
1678 3243 1824 3310 precepto

136 3343 240 3398 porcus
258 3328 351 3385 dictus
365 3333 421 3400 est;
444 3331 520 3388 unde
535 3331 595 3405 ipse
614 3331 708 3404 palam
729 3332 765 3389 de
784 3349 814 3388 se
835 3337 954 3389 testatus
1004 3331 1163 3404 primorum
1190 3329 1269 3386 urbis
1296 3329 1326 3386 in
1351 3344 1496 3386 carcerem
1523 3330 1641 3400 missus,
1671 3334 1761 3387 noctu
1788 3331 1825 3388 sd

138 3423 183 3477 est
197 3438 204 3476 ε
218 3424 275 3493 lipo
287 3439 347 3480 sum
362 3427 489 3483 mistum
501 3426 682 3497 reportaturum
696 3427 719 3495 (Ι
732 3429 805 3490 Cor„
819 3443 863 3495 xv,
877 3427 918 3497 tl).
1004 3424 1160 3481 Dominum
1178 3425 1249 3481 lucis
1261 3424 1369 3480 orando
1382 3422 1525 3494 clamavit,
1541 3427 1571 3480 et
1589 3422 1734 3496 benignus
1755 3424 1827 3481 iide-

173 3516 258 3572 Ortus
272 3521 317 3573 est
331 3517 368 3574 de
393 3518 469 3574 tribu
490 3518 646 3593 benjamin,
664 3536 696 3577 cs
715 3520 865 3577 Phariseis
886 3521 954 3578 Phn-
1003 3519 1075 3575 lium
1097 3518 1272 3591 suffragator
1297 3517 1379 3573 ilium
1403 3517 1537 3574 celeriter
1560 3518 1714 3575 exaudivit.
1741 3519 1825 3587 Nam,

137 3609 247 3680 naeus,
266 3613 350 3669 Tarso
366 3612 472 3670 Ciliciae
492 3620 586 3683 natus,
605 3614 786 3688 ierosolymis
800 3632 817 3672 a
831 3615 955 3688 pueritia
1004 3616 1171 3670 terremotu
1191 3612 1277 3682 iacto,
1298 3612 1430 3669 omnium
1451 3612 1562 3669 vincula
1583 3611 1676 3669 soluta
1695 3619 1774 3682 sunt,
1795 3616 1827 3669 et

139 3704 263 3762 nutritus
286 3709 316 3761 et
334 3706 364 3762 in
387 3707 451 3779 lege
473 3708 521 3765 oei
538 3708 722 3766 aGamaliele
743 3709 881 3766 eruditus.
904 3709 954 3767 ilic
1005 3707 1124 3764 carceris
1148 3707 1264 3763 custode
1289 3723 1355 3763 cuns
1381 3706 1439 3762 suis
1467 3705 1622 3779 baptizato,
1648 3705 1724 3763 servi
1748 3706 1828 3779 regis

137 3800 262 3856 secundo
275 3804 341 3873 post
352 3802 550 3858 ascensionem
565 3803 680 3860 Domini
694 3819 783 3872 arsuo,
802 3803 872 3860 dum
890 3804 955 3878 plus
1003 3801 1125 3859 Sabaoth
1144 3800 1249 3857 Paulus
1267 3804 1297 3856 et
1315 3800 1388 3856 Silas
1402 3800 1484 3857 liberi
1503 3799 1584 3856 abire
1602 3799 1734 3872 permissi
1747 3806 1826 3857 sunt.

132 3894 211 3966 justo
228 3899 415 3966 paternarum
434 3896 620 3953 traditionum
641 3897 793 3953 emulator
810 3896 953 3967 existeret,
1003 3895 1107 3952 Paulus
1129 3893 1250 3950 Athenis
1272 3893 1440 3966 praedicans,
1462 3894 1665 3951 seminiverbius
1681 3909 1699 3949 a
1716 3894 1827 3967 populo

135 3987 261 4061 ideoque
274 3988 304 4044 in
324 3989 497 4047 Christianos
518 3990 673 4047 admodum
694 3990 817 4062 seviret,
839 3995 869 4047 et
889 4007 954 4047 cum
1003 3988 1224 4062 cognominatus
1241 3991 1295 4056 est,
1309 3993 1338 4042 et
1355 3987 1395 4043 sic
1414 3987 1520 4043 idoneo
1541 3987 1577 4042 ab
1598 3986 1764 4045 errantibus
1782 4005 1830 4045 vo-

136 4081 273 4154 principis
292 4083 472 4140 secerdotum
485 4083 655 4155 epistolisin
672 4084 910 4140 Danxascumiret
924 4091 955 4140 ut
1004 4083 1104 4139 cabulo
1122 4081 1282 4154 appellatus
1300 4087 1351 4137 est.
1366 4081 1482 4153 Ecujus
1496 4080 1591 4137 verbis
1608 4081 1673 4137 lons
1694 4081 1760 4138 vitre
1780 4099 1831 4155 pe·

137 4192 238 4233 omnes
263 4176 303 4233 ihi
327 4176 509 4234 Christicolas
531 4178 700 4246 trucidaret,
723 4178 955 4252 appropinquans
1004 4177 1101 4233 renuis
1122 4174 1281 4232 sitientibus
1301 4174 1457 4243 oriebatur,
1473 4178 1504 4230 et
1517 4174 1616 4231 salutis
1639 4191 1739 4231 semen
1762 4193 1826 4232 om·

137 4270 212 4340 urbi,
228 4271 323 4327 subito
337 4271 451 4329 insolita
465 4272 527 4328 luce
540 4272 734 4329 circumdatos
747 4279 833 4346 atque
847 4273 953 4329 coelesti
1005 4270 1090 4326 nibus
1111 4269 1253 4342 suscipere
1274 4268 1502 4326 desiderantibus
1516 4268 1604 4342 gratis
1625 4269 1827 4342 spargebatur.

137 4381 204 4420 voce
220 4365 410 4421 Dominitesu
423 4381 457 4421 ex
471 4366 616 4439 insperato
630 4369 788 4439 correptus,
804 4366 956 4423 salubriter
1003 4366 1074 4422 Cum
1103 4364 1248 4437 Epicureis
1274 4368 1304 4420 et
1327 4363 1427 4419 Stoicis
1452 4362 1631 4435 philosophis
1658 4362 1826 4433 decertavit,

137 4457 175 4514 ad
188 4465 296 4516 terram
313 4459 429 4529 corruit,
443 4460 602 4533 amissaque
622 4460 742 4532 pristina
758 4460 872 4517 feritate
891 4476 953 4516 sur·
963 4450 994 4523 D
1004 4474 1164 4532 verumque
1181 4459 1282 4527 iteum,
1301 4473 1391 4530 quem
1408 4456 1575 4529 Cecropidae
1589 4457 1722 4530 ignotum
1735 4458 1827 4514 Mum

138 4552 219 4624 rexit,
235 4553 308 4609 etin
325 4556 492 4610 Damascum
507 4553 687 4611 acomitibue
705 4553 817 4610 itineris
837 4554 957 4627 perduc·
1005 4552 1220 4624 nuncupabant,
1234 4551 1402 4624 eloquenter
1415 4550 1455 4606 cis
1467 4550 1658 4607 annuntiavit.
1673 4550 1829 4629 Dionysius

139 4649 200 4716 tus,
223 4648 313 4704 tribus
336 4647 376 4704 ihi
396 4647 498 4704 diebus
521 4647 616 4720 impos
637 4649 682 4705 sui
704 4648 813 4721 deguit.
838 4648 954 4715 lieinde,
1005 4646 1191 4720 Areopagita,
1204 4662 1271 4702 cum
1285 4645 1398 4701 [tamari
1416 4660 1504 4701 uxore
1524 4661 1584 4713 sua,
1598 4644 1719 4701 credens
1736 4645 1830 4719 bapti·

136 4741 258 4814 jubente
273 4743 337 4811 lico,
351 4747 417 4816 post
433 4748 493 4799 tres
507 4742 543 4799 ab
564 4742 677 4800 Ananis
698 4743 758 4799 dies
773 4742 913 4813 visitatus,
926 4741 958 4797 li·
1007 4745 1084 4797 zatus
1096 4744 1149 4811 est,
1163 4746 1193 4797 et
1211 4740 1295 4796 Paulo
1310 4738 1386 4795 iuter
1399 4738 1569 4811 precipuos,
1585 4743 1703 4811 propter
1715 4740 1830 4812 sapien·

141 4834 220 4903 dem,
242 4849 330 4906 quam
351 4836 579 4909 impugnaverat,
601 4836 727 4908 suscepit
750 4839 780 4892 et
799 4836 958 4909 baptizatus
1006 4835 1055 4891 tire
1075 4834 1254 4909 justitiaque
1278 4833 1511 4906 prerogativam,
1538 4832 1647 4890 amicos
1671 4833 1830 4890 associatus

141 4927 272 4983 eamdem
294 4928 398 4985 induis
419 4933 447 4986 et
468 4931 602 5002 gentihus
625 4929 763 4986 audacter
783 4929 955 5002 predicavit,
1007 4933 1060 4986 est.
1084 4928 1133 4985 liic
1153 4928 1348 5001 postmodum,
1369 4930 1402 4982 ut
1422 4926 1560 4983 Aristides
1580 4926 1762 4983 Atheniensis
1787 4944 1831 4983 as·

139 5020 335 5095 incipiensque
347 5038 365 5076 a
377 5023 535 5080 ierusalem
549 5040 638 5095 usque
650 5023 688 5080 od
702 5024 847 5096 illyricum
863 5027 892 5079 et
908 5025 958 5079 lta·
1006 5023 1087 5092 serit,
1107 5022 1257 5096 episcopus
1275 5021 1312 5077 ab
1330 5022 1435 5078 eodem
1456 5020 1586 5093 apostolo
1605 5020 1831 5078 Atheniensibus

140 5114 217 5181 liam,
236 5115 436 5189 Hispaniasque
456 5117 555 5189 (Rom,
570 5134 616 5185 xv,
637 5120 672 5174 ii
694 5121 723 5175 et
743 5118 787 5191 28)
810 5117 955 5191 processit,
1008 5116 1159 5173 ordinatus
1171 5122 1225 5186 est,
1243 5120 1272 5173 et
1288 5121 1352 5187 post
1371 5115 1460 5172 multa
1479 5113 1619 5172 virtutum
1639 5114 1768 5188 insignia
1788 5115 1832 5171 in·

140 5226 172 5265 ac
191 5225 299 5265 nomen
316 5209 420 5267 Christi
439 5211 594 5267 muitarum
609 5211 722 5284 populis
737 5210 880 5286 gentium,
895 5212 958 5285 qui·
1007 5211 1083 5284 signi
1102 5211 1238 5283 martyrio
1260 5212 1415 5266 coronatus
1437 5213 1490 5267 cst.
1515 5209 1582 5266 inde
1603 5209 1707 5265 Paulus
1730 5209 1832 5266 Corin·

139 5304 193 5360 bus
204 5319 264 5361 non
279 5304 374 5360 iuerat
385 5304 577 5374 declaratum,
590 5306 796 5363 manifestavit.
1007 5305 1091 5362 thum
1104 5303 1193 5372 veuit,
1206 5302 1338 5378 Aquilam
1356 5320 1423 5360 oum
1441 5303 1569 5361 Priscilla
1585 5318 1672 5360 uxore
1692 5318 1745 5358 sua
1759 5319 1833 5376 pres·

176 5399 266 5455 Lucas
279 5397 468 5471 Evangeiista,
487 5398 566 5455 Pauli
584 5416 681 5457 comes
693 5403 723 5458 et
744 5400 875 5458 laborum
896 5416 958 5473 par-
1008 5399 1152 5456 dicantem
1171 5398 1291 5470 invenit,
1307 5397 1385 5471 apud
1409 5413 1497 5470 quem
1515 5396 1636 5470 degens,
1658 5396 1834 5455 scenoiacto·

139 5492 240 5564 ticeps,
253 5493 290 5549 de
304 5492 367 5566 ipso
379 5508 469 5566 usque
489 5493 520 5549 in
534 5493 624 5550 linem
638 5494 793 5567 diligenter
810 5494 959 5568 digneque
1009 5493 1084 5550 riam
1096 5496 1190 5550 artem
1208 5492 1239 5549 in
1253 5508 1312 5565 qua
1324 5491 1410 5565 periti
1421 5496 1514 5562 crant,
1529 5489 1667 5547 exercuit
1687 5488 1728 5546 ibi
1739 5490 1834 5547 Cirris·

141 5587 252 5642 locutus
269 5591 323 5657 est,
345 5593 375 5644 et
395 5588 458 5659 ejus
481 5588 625 5661 precipue
647 5593 735 5661 gasto,
758 5588 872 5645 omissis
885 5588 957 5658 aliis,
1009 5592 1055 5644 tus
1076 5586 1158 5643 illvm
1176 5585 1330 5643 admonuit
1351 5600 1390 5643 ne
1408 5584 1565 5659 praedicare
1584 5586 1719 5653 cesmxet,
1738 5599 1833 5658 coque

142 5679 284 5739 subtiliter
306 5686 472 5755 prosecutus
497 5686 551 5739 est.
574 5684 676 5739 Arator
700 5699 832 5756 quoque,
854 5686 959 5741 sancta
1007 5680 1134 5739 fideliter
1147 5680 1336 5754 obsequente,
1348 5679 1433 5737 multi
1445 5678 1575 5737 conversi
1585 5679 1665 5737 sunt.

142 5774 280 5836 hostanes
292 5775 426 5839 seroie
437 5776 640 5852 ιώᾱίιωιιιιο,
654 5775 815 5839 meandum
832 5775 902 5841 inde
913 5776 959 5839 ii·
1045 5774 1152 5855 Ephesi
1171 5773 1324 5839 doodmim
1344 5773 1424 5847 viris,
1443 5789 1518 5852 qnos
1537 5772 1641 5841 aeuus
1658 5771 1691 5833 ia
1709 5770 1832 5835 uomina
