3750 6046
157 248 204 300 nn
842 240 1001 298 eaoaaici
1021 230 1150 298 vitans
1788 232 1840 295 ιιι·

155 368 376 423 commendabat
395 383 461 422 eum
483 364 594 439 populis
609 382 683 437 spes,
698 381 786 437 quam
806 381 858 421 sua
871 371 970 421 virtus.
982 367 1124 455 Adieqne
1138 365 1240 420 anxius
1260 365 1363 437 cogito.
1381 362 1473 419 llultis
1490 360 1670 420 sermonibus
1687 360 1734 417 hie
1754 363 1841 417 modo

155 464 186 516 ln
200 462 334 516 coerrobiis
351 463 559 516 rrronarlrorunr
573 476 622 514 sen
637 460 815 528 clericorum,
836 460 883 513 uhi
898 460 969 513 sole·
1022 477 1080 513 non
1097 475 1167 530 opus
1183 463 1235 513 cst.
1255 458 1331 515 Bene
1346 459 1437 513 nostis
1460 475 1467 513 ε
1486 458 1646 529 imperator
1664 461 1764 511 noster
1781 455 1840 509 sinc

151 554 201 610 bat
218 555 366 626 hospitari,
383 555 578 627 supcrllnitate
597 570 657 621 sua,
676 554 740 608 licet
760 553 889 619 extorris,
909 553 972 624 plns
1022 553 1101 624 prole
1114 553 1264 609 defunctus
1283 556 1335 621 est,
1353 552 1397 607 cui
1418 554 1473 607 Deo
1491 550 1584 606 fidelis
1601 556 1630 605 et
1644 549 1775 617 devotus,
1792 550 1839 603 Ec-

153 653 216 704 erat
228 649 307 703 oneri
325 665 410 720 quam
432 649 544 715 honori,
565 646 780 718 innumerisque
800 645 970 701 cohaerenti-
1021 646 1169 717 etesiaeque
1182 646 1248 700 liliis
1261 646 1399 701 utillimus
1418 660 1562 701 successor
1581 643 1731 716 sapienter
1746 642 1839 714 inqui·

153 742 272 810 basilii,
291 743 413 797 miseriae
437 741 526 812 magis
549 757 637 812 quam
655 741 747 795 saluti.
772 740 922 795 llultorum
941 739 969 793 in
1021 739 1128 795 rendus
1150 747 1203 795 est.
1227 740 1417 810 Quadraginta
1438 739 1526 811 igitur
1547 754 1580 793 ex
1600 737 1681 793 vobis
1700 736 1841 808 sapientes

153 835 203 890 illo
217 835 330 891 errabat
344 834 449 905 opinio,
467 841 496 888 ut
509 833 658 888 evidenter
671 832 852 905 postmodum
866 832 970 886 coelesti
1021 838 1050 888 et
1064 834 1184 905 legitimi
1203 834 1308 889 milites
1328 833 1479 904 eligantur,
1498 838 1526 887 et
1545 847 1674 886 seorsum
1696 833 1778 897 eant,
1800 830 1840 901 ip-

154 930 254 999 patuit,
282 935 313 983 ut
338 929 366 982 in
395 928 469 983 calce
495 928 581 998 hujus
608 927 695 982 libelli
720 926 856 982 veraciter
881 926 970 981 decla·
1020 926 1100 998 sique
1115 929 1270 982 secundum
1286 926 1373 983 fidem
1392 943 1475 981 suum
1491 928 1520 980 et
1539 924 1748 981 conscientiam
1768 924 1842 995 opti·

151 1024 230 1078 rabo.
1020 1036 1100 1075 nrum
1126 1021 1326 1093 imperatorem
1352 1020 1475 1091 eligant,
1501 1018 1549 1090 qni
1573 1018 1678 1073 merito
1698 1018 1839 1072 virtutum

152 1134 205 1191 XX.
238 1135 390 1191 ansoaldus
424 1135 636 1204 archiepiscopus
664 1135 806 1188 nemeina.
835 1133 969 1188 Honorius
1020 1110 1692 1185 1¹¹¹ltt³¹l⁰Ilt'tlfffl'tttlllr⁰¹¹¹¹¹i<l¹¹tit⁰lltll⁰stbi
1713 1110 1839 1182 ⁵⁰b10⁶¹⁰

186 1230 261 1285 papia
285 1217 321 1268 ll.
346 1214 564 1269 Caroli-Heorta
585 1214 756 1282 imperatoris
771 1226 852 1266 mors.
872 1212 969 1266 hotha-
1019 1223 1201 1278 summopere
1224 1206 1429 1279 patrocinetur!
1454 1226 1469 1256 a
1490 1205 1535 1261 Sic
1556 1204 1592 1259 ab
1613 1204 1752 1260 omnibns
1772 1220 1838 1258 cen·

190 1296 247 1350 ’tut
262 1297 409 1364 ‘'mitt’'stttt
422 1295 540 1361 eliditur·
1019 1317 1129 1355 cessmn
1145 1305 1196 1356 est.
1210 1301 1251 1355 lbi
1264 1316 1368 1372 nempe
1387 1301 1450 1371 plus
1468 1314 1557 1370 qnam
1572 1314 1604 1353 ιι
1619 1298 1711 1352 millia
1724 1313 1839 1370 pugna·

189 1398 219 1451 ln
239 1396 338 1451 diebus
352 1397 416 1463 illis,
438 1396 593 1450 multorum
613 1393 775 1465 principum
794 1393 968 1448 mutationes
1019 1398 1114 1450 torum
1135 1396 1263 1462 aderant,
1280 1398 1318 1463 ct,
1333 1394 1361 1449 in
1379 1393 1489 1449 diversa
1508 1392 1645 1460 nitentes,
1668 1391 1778 1447 exitum
1800 1391 1839 1445 rei

150 1488 232 1545 laetae
252 1494 328 1558 sunt,
343 1490 445 1561 quibus
464 1490 493 1544 in
510 1489 579 1544 locis
594 1504 692 1543 eorum
714 1487 847 1542 moderni
865 1486 966 1541 snbro·
1018 1487 1246 1544 considerabant.

46 1650 49 1654 ,
149 1584 207 1656 gati
218 1589 293 1638 sunt.
310 1582 453 1650 liudulfus,
468 1587 662 1654 cognomento
675 1580 789 1648 Viridis,
806 1582 966 1636 Remorum
1054 1581 1182 1653 Denique
1200 1580 1370 1654 spectabiles
1389 1579 1534 1653 sophista,
1549 1579 1597 1652 qui
1618 1578 1654 1634 de
1673 1581 1718 1634 tot
1738 1577 1835 1633 militi·

149 1677 389 1748 archiepiscopus,
406 1675 565 1731 eruditione
583 1679 612 1730 ct
626 1673 760 1729 facundia
778 1673 854 1728 iuter
872 1677 967 1745 patres
1017 1673 1070 1729 bus
1086 1675 1224 1747 segregati
1243 1676 1368 1743 luerunt,
1384 1677 1449 1747 post
1462 1673 1604 1728 diutinam
1617 1672 1836 1728 collocutionem

49 1830 52 1835 ⁴
149 1771 319 1842 praecipuus,
337 1769 494 1841 studiisque
511 1769 593 1824 honis
608 1774 705 1824 nostro
724 1772 851 1839 tempore
870 1766 965 1822 lauda·
977 1767 1005 1840 Β
1018 1769 1132 1836 reversi,
1148 1767 1301 1824 dixerunt:
1319 1789 1332 1818 «
1347 1767 1526 1823 Fredericum
1543 1766 1647 1822 ducem
1661 1766 1836 1822 Alamanno-

148 1865 245 1919 biliter
260 1863 382 1932 deditus,
403 1868 483 1934 pater
503 1868 531 1917 et
546 1862 692 1916 institutor
711 1860 916 1916 monachorum
937 1863 968 1913 et
1017 1878 1081 1916 rum
1102 1863 1256 1918 llenricum
1282 1862 1384 1917 ducem
1407 1860 1660 1932 Lethariugurum,
1683 1865 1712 1914 et
1733 1858 1836 1915 botha-

149 1958 326 2024 clericorum,
341 1959 478 2028 patronus
493 1959 521 2011 et
540 1955 673 2011 defensor
685 1970 845 2026 pauperum
860 1956 889 2007 et
902 1969 965 2008 om·
1017 1956 1092 2010 rium
1118 1956 1218 2011 ducem
1245 1956 1389 2011 Saxonum
1417 1954 1575 2022 laudamus,
1602 1959 1630 2009 et
1653 1952 1837 2008 honorabiles

151 2051 230 2105 nium
251 2050 303 2105 sibi
319 2050 520 2121 subjectorum,
538 2049 701 2120 postmulta
714 2047 864 2102 laudabilia
878 2062 966 2117 opera
1016 2050 1105 2119 viros,
1137 2049 1313 2122 imperioque
1339 2049 1442 2120 dignos
1467 2047 1667 2120 predicamus.
1697 2047 1759 2102 lloc
1785 2062 1835 2119 pra

149 2146 178 2201 in
198 2148 341 2199 senectute
364 2144 438 2198 bona
461 2143 613 2197 detunctus
635 2145 685 2197 est.
708 2143 878 2212 Postquam
899 2141 965 2196 lini·
1016 2147 1105 2210 certo,
1132 2159 1190 2198 non
1215 2142 1350 2214 peculiari
1375 2142 1472 2198 favore
1500 2141 1601 2208 illecti,
1624 2139 1762 2209 dicimus,
1787 2140 1835 2196 sed

150 2238 260 2306 ualdus,
276 2237 497 2308 andegavorum
511 2235 667 2307 episcopus,
682 2236 711 2290 in
730 2233 860 2306 pluribus
877 2233 965 2305 priori
1017 2237 1167 2292 universali
1186 2238 1277 2291 salute
1298 2241 1458 2309 perspecta,
1472 2241 1557 2306 prout
1572 2233 1657 2289 nobis
1676 2233 1770 2290 risum
1783 2240 1834 2304 est,

150 2333 258 2403 dispar,
275 2331 372 2385 sedem
392 2331 511 2401 adeptas
533 2334 584 2385 est.
605 2328 816 2399 audegavensis
834 2344 900 2382 roro
921 2343 964 2382 ec·
1016 2330 1181 2385 asserimus.
1197 2331 1235 2384 [te
1255 2329 1298 2384 his
1318 2329 1408 2385 tribus
1428 2343 1627 2401 quemcunque
1646 2328 1834 2384 volueritisin

149 2427 243 2480 clasiae
262 2424 393 2495 regimen
414 2423 543 2494 Ulgcrius
559 2421 690 2493 suscepit,
711 2423 792 2493 cnjus
811 2422 877 2488 vita,
897 2420 964 2475 reli·
1016 2423 1132 2478 nominc
1148 2423 1259 2478 Domini
1274 2423 1387 2490 sumite,
1403 2422 1468 2494 quia
1484 2438 1594 2491 onmes,
1607 2424 1638 2476 ut
1648 2420 1710 2492 jam
1726 2421 1834 2476 dudum

151 2518 236 2591 gione
261 2524 289 2573 ct
311 2517 426 2573 scientia
450 2518 562 2585 cluens,
585 2516 697 2588 populis
721 2516 821 2571 lumen
842 2514 966 2570 veritatis
1016 2517 1167 2588 probatum
1189 2522 1241 2586 est,
1265 2516 1420 2572 laudabiles
1440 2519 1507 2570 sunt
1526 2531 1665 2587 personae,
1681 2518 1711 2571 et
1734 2516 1833 2571 merito

149 2604 287 2683 suggerit.
548 2620 551 2625 ·
1016 2610 1192 2666 strenuitatis
1222 2611 1274 2665 toti
1308 2610 1427 2677 mundo,
1453 2614 1484 2664 nt
1510 2609 1694 2678 arbitramur,
1723 2626 1832 2681 prapa-

185 2711 265 2763 ltnno
286 2705 321 2760 ab
343 2704 539 2760 incarnatione
564 2702 680 2758 Domini
706 2706 788 2770 llas,
811 2701 965 2756 indictione
1016 2704 1130 2759 nendae.
1151 2727 1164 2755 n

149 2816 195 2868 ιιι,
223 2800 350 2856 calixtus
375 2815 449 2869 papa
474 2798 623 2852 defunctus
648 2800 705 2864 est,
732 2799 761 2849 et
788 2794 964 2863 Lambertns,
1052 2797 1098 2852 llis
1116 2796 1229 2865 auditis,
1252 2778 1479 2868 archiepiscopus
1501 2795 1569 2851 dixit
1591 2813 1629 2851 :a
1645 2797 1698 2851 Vos
1720 2796 1832 2868 gloriosi

150 2894 286 2949 Ostiensis
298 2893 453 2963 episcopus,
468 2891 497 2944 in
511 2906 613 2960 papam
630 2889 784 2943 Honorium
804 2893 965 2958 assumptus
1015 2890 1157 2962 principes
1178 2891 1227 2962 qui
1248 2891 1389 2946 nominati
1413 2891 1490 2960 estis,
1517 2890 1649 2945 alacriter
1672 2890 1724 2958 ite,
1749 2893 1779 2945 et
1800 2890 1831 2946 de

151 2993 202 3042 cst.
220 2987 267 3041 llic
280 3001 367 3041 senex
382 2983 598 3049 eruditissimus,
615 2986 644 3037 et
661 2982 690 3036 in
706 2981 898 3037 observatione
919 2996 963 3035 sa·
1014 2985 1094 3039 vobis
1113 2985 1201 3039 tribus
1219 3001 1310 3040 unum
1326 2984 1433 3056 eligite.
1455 2985 1497 3038 llli
1516 2987 1611 3039 autem
1630 3000 1830 3055 quemcunque

149 3097 204 3136 crae
217 3080 289 3151 legis
303 3077 425 3134 fervidus
439 3077 502 3144 luit,
516 3077 725 3147 Ecclesiamque
739 3077 898 3131 Romanam
914 3090 965 3129 sex
1015 3079 1157 3150 elegeritis
1178 3078 1372 3150 subjiciemur,
1396 3077 1513 3133 nomine
1537 3077 1587 3132 bei
1612 3077 1829 3150 omnipotentis.

149 3174 233 3230 annis
250 3173 332 3227 rexit.
357 3170 462 3225 Eadem
485 3170 569 3224 etiarn
591 3170 751 3241 septimana
770 3185 826 3240 qua
840 3136 1001 3223 CalixtusC
1015 3174 1109 3239 Porro,
1135 3173 1159 3226 si
1183 3173 1246 3244 quis
1270 3178 1432 3228 restrnma
1455 3171 1603 3227 communi
1627 3170 1830 3245 discrepaverit

148 3284 223 3340 papa
237 3266 382 3321 heminam
396 3263 523 3333 excessit,
538 3263 719 3333 Gislebertns,
733 3261 905 3317 Turonensis
918 3278 963 3316 ar·
1014 3266 1117 3335 edicto,
1137 3267 1292 3322 decolletur
1311 3266 1457 3334 continuo,
1479 3281 1516 3321 ue
1541 3281 1593 3337 per
1612 3264 1700 3321 unius
1723 3272 1828 3338 proter·

148 3360 354 3431 chiapiscopus,
371 3358 420 3428 qni
435 3374 487 3428 pro
501 3356 694 3412 ecclesiasticis
707 3356 828 3427 negotiis
842 3356 964 3411 Romam
1014 3360 1088 3414 viam
1107 3360 1336 3416 Christianorum
1357 3359 1543 3432 perturbetur
1563 3362 1663 3415 sancta
1682 3361 1794 3415 concio.
1814 3378 1827 3409 a

148 3456 324 3526 perrexerat,
352 3451 407 3506 illic
431 3451 510 3506 obiit.
538 3450 618 3515 tluod
645 3450 792 3505 audientes
817 3447 961 3515 turonici,
1013 3454 1139 3509 ltnimosi
1155 3454 1283 3525 praesulis
1302 3453 1395 3525 rigida
1413 3452 1536 3509 conditio
1558 3453 1669 3508 cunctis
1689 3453 1828 3509 formida·

148 3548 329 3616 ildebertum,
355 3546 599 3601 Cenomanensem
621 3544 773 3616 probatum
799 3543 962 3614 praesulem,
1013 3546 1075 3602 bilis
1101 3548 1217 3616 exstitit,
1243 3564 1296 3603 nec
1316 3548 1344 3602 in
1366 3549 1444 3602 tanta
1466 3546 1651 3603 multitudine
1675 3547 1825 3620 quisquam

147 3642 201 3697 sibi
215 3642 384 3710 asciverunt,
395 3643 434 3710 ct,
449 3638 565 3694 llonorii
578 3654 659 3709 papae
675 3636 824 3708 permissu,
838 3636 964 3707 gauden-

147 3739 189 3790 tes
214 3735 242 3789 in
265 3734 409 3789 Turonicae
432 3731 600 3803 metropolis
622 3731 786 3786 cathedram
810 3729 960 3785 transtule-

146 3833 225 3884 runt.
241 3828 282 3883 tbi
296 3828 355 3884 lere
369 3843 406 3882 vn
421 3825 503 3880 annis
517 3824 673 3879 honorilice
690 3824 768 3893 vixit,
789 3829 817 3879 et
831 3822 963 3894 subjectis

145 3923 275 3993 proiecit.
293 3919 461 3976 Cenomanis
475 3933 542 3972 vere
556 3917 721 3973 Gnimarum
740 3917 887 3973 britonem
901 3920 960 3990 epi-

147 4031 265 4087 scopum
284 4013 469 4068 consecravit.

181 4108 288 4163 Eodem
301 4122 387 4170 anno,
400 4106 429 4160 in
445 4104 623 4160 hebdomada
643 4107 830 4175 pentecostes,
844 4096 961 4162 Carolus

147 4202 281 4258 ilenricus
295 4199 422 4273 quintus,
432 4198 595 4270 imperator,
608 4205 737 4254 mortuus
753 4203 805 4269 est,
819 4203 847 4255 et
860 4200 960 4271 Spirae,

144 4294 297 4367 metropoli
313 4292 484 4359 Germania,
500 4292 625 4362 sepultus
641 4295 692 4347 est.
711 4293 824 4364 imperii
839 4310 906 4348 vcro
922 4293 962 4348 in-

145 4390 240 4460 signia
255 4387 381 4443 moriens
395 4387 489 4442 Caesar
508 4386 682 4457 imperatrici
701 4386 824 4442 blathildi
840 4388 959 4454 dimisit,

1013 3645 1113 3698 contra
1125 3642 1272 3713 praelatum
1286 3641 1389 3696 mutire
1403 3640 1596 3713 praesumpsit.

1049 3736 1138 3808 Igitur
1162 3736 1328 3809 praetitulati
1353 3734 1438 3790 duces
1465 3750 1593 3791 seorsum
1619 3734 1765 3805 abierunt,
1791 3740 1826 3803 et,

1012 3808 1214 3886 circumstarite
1230 3829 1377 3902 legionum
1395 3844 1511 3899 corona,
1525 3829 1555 3884 in
1574 3828 1671 3885 medio
1692 3829 1826 3886 eonstite-

1012 3931 1088 3992 runt,
1110 3940 1229 3995 seseque
1243 3923 1361 3979 invicem
1376 3925 1543 3978 contuentes
1561 3921 1727 3993 aliquandiu
1748 3923 1828 3977 siluc-

1012 4023 1087 4074 runt.
1105 4018 1230 4073 Tandem
1251 4016 1326 4072 binis
1348 4016 1507 4085 silentibus,
1531 4015 1670 4072 Hearicus
1691 4017 1771 4087 rupit
1790 4014 1826 4071 si·

1011 4112 1131 4168 lentium
1154 4112 1262 4183 primus
1286 4129 1293 4166 ι
1323 4131 1337 4159 «
1362 4110 1433 4175 Ouid
1456 4109 1511 4178 hic,
1536 4109 1672 4177 saniores,
1697 4109 1828 4181 agimus?

1012 4204 1146 4278 Nunqnid
1168 4205 1223 4260 buc
1247 4204 1347 4260 directi
1368 4220 1467 4258 sumus
1490 4206 1521 4258 ut
1540 4203 1730 4259 taciturnitati
1753 4219 1828 4259 race-

1012 4300 1094 4355 mus?
1112 4303 1214 4370 ingens
1235 4298 1384 4369 negotium
1405 4297 1487 4352 nobis
1507 4297 1670 4368 injunctum
1692 4302 1745 4353 est.
1767 4298 1826 4353 Nou

1012 4400 1043 4448 ut
1057 4397 1223 4460 taceremus,
1238 4392 1286 4446 sed
1301 4395 1330 4446 nt
1344 4392 1378 4447 dc
1393 4391 1519 4447 marimo
1541 4390 1616 4446 bono
1631 4390 1824 4463 loqueremur,

145 4484 249 4555 quibus
259 4480 456 4554 postmodnm,
468 4480 535 4550 quia
547 4479 626 4534 nulla
639 4479 747 4534 soboles
759 4479 798 4534 illi
809 4480 957 4551 superfuit,
968 4504 999 4577 D
1011 4488 1066 4542 hun
1084 4484 1278 4541 convenimus.
1297 4487 1360 4540 lum
1383 4490 1504 4540 vestrum
1528 4484 1594 4539 satis
1617 4484 1762 4557 tnqnnlnm
1783 4500 1827 4540 nn.

143 4578 304 4642 lutharius,
332 4575 387 4630 dux
412 4575 568 4638 Semnum,
596 4574 723 4644 generali
750 4573 839 4645 plebis
866 4575 958 4630 edicto
1008 4582 1145 4653 spectavi.
1162 4580 1402 4652 Nunquidtotum
1424 4579 1501 4634 diem
1522 4578 1716 4650 transigemus
1737 4577 1826 4635 muti?

143 4671 328 4726 intronizatus
350 4668 491 4723 successit.
516 4667 696 4738 Magantinus
718 4668 796 4722 enim
816 4667 957 4738 arehiepi·
1010 4676 1049 4730 [te
1070 4678 1159 4729 tractu
1185 4674 1266 4729 nubis
1292 4675 1420 4744 injuncto
1445 4673 1579 4745 cogitate,
1604 4675 1634 4727 nt
1655 4673 1726 4745 quid
1751 4672 1824 4728 uobis

143 4782 253 4837 scopus,
270 4764 319 4835 qui
336 4762 463 4834 potentia
475 4766 504 4817 ct
523 4762 689 4817 strenuitate
708 4761 845 4832 pollebat,
862 4764 957 4832 provi·
1008 4768 1145 4841 placuerit
1159 4768 1269 4823 edicite.
1286 4789 1299 4817 n
1315 4768 1406 4823 soniis
1424 4766 1616 4822 annuentibus
1637 4772 1667 4822 nt
1684 4768 1825 4838 proferunt

143 4860 297 4930 dentisque
310 4873 360 4912 sna
378 4873 415 4912 ne
433 4856 556 4911 schisma
575 4856 619 4910 vel
634 4854 793 4910 inordinata
812 4856 958 4927 subreptio
1007 4862 1077 4936 qiud
1098 4862 1162 4929 sibi,
1186 4862 1235 4933 qni
1256 4862 1353 4917 senior
1373 4864 1443 4929 erat,
1467 4862 1595 4932 placeret
1609 4876 1616 4914 :
1632 4880 1646 4909 ι(
1667 4860 1823 4933 Optimum,

142 4953 257 5023 imperii
283 4952 363 5006 lieret
387 4949 582 5021 precavebat,
606 4948 752 5019 episcopos
775 4951 804 5003 et
826 4966 959 5020 proceres
1008 4956 1111 5027 inquit,
1134 4972 1209 5010 nnnc
1232 4956 1311 5010 ducet
1336 4964 1464 5009 nostrum
1487 4970 1548 5009 usse
1570 4953 1734 5024 consilinm,
1762 4953 1825 5026 qnia

143 5047 230 5101 totins
250 5045 342 5116 regni,
356 5060 420 5099 cum
436 5043 604 5098 exercitibus
617 5042 686 5110 suis,
702 5044 864 5098 convocavit
870 5060 878 5111 ;
894 5060 958 5098 cum
1008 5050 1094 5105 modu
1107 5050 1141 5104 ad
1155 5052 1285 5105 nostrum
1298 5052 1357 5104 tota
1369 5048 1505 5105 Latinitas
1517 5047 1640 5119 suspirat
1659 5047 1822 5103 arbitrium,

142 5139 245 5211 quibus
269 5154 326 5194 nna
352 5137 490 5206 collectis,
515 5137 549 5191 de
571 5139 742 5208 imperatore
762 5137 958 5193 constituendo
1008 5144 1128 5201 Oramus
1141 5159 1209 5215 ergo
1222 5142 1374 5198 Dominum
1389 5142 1489 5209 Deum,
1504 5140 1552 5213 qui
1568 5142 1684 5212 lloyseu
1699 5139 1823 5197 ltebraeis

143 5233 280 5287 tractavit.
299 5231 423 5303 Insignin
443 5230 582 5302 siqnidem
601 5230 637 5285 ab
653 5231 835 5302 imperatrice
854 5247 956 5303 procu·
1008 5238 1146 5311 proiecit,
1167 5236 1251 5309 eique
1268 5236 1449 5292 victoriosum
1467 5250 1659 5291 successorem
1677 5235 1763 5290 tosnc
1782 5250 1824 5288 re-

142 5331 255 5380 laverat
264 5329 430 5380 ornamenta
440 5324 565 5395 imperii,
579 5330 734 5396 antequam
749 5326 783 5380 dc
796 5328 874 5380 tanto
887 5341 958 5396 prae·
1007 5332 1118 5400 velavit,
1139 5336 1171 5387 ut
1191 5330 1252 5404 ipse
1276 5330 1400 5386 clemens
1422 5334 1590 5400 cooperator
1609 5328 1760 5384 nobiscum
1781 5327 1824 5394 sit,

141 5418 307 5491 sumpsisset
330 5417 445 5489 negotio
466 5418 519 5473 lari
534 5440 540 5472 :
557 5418 831 5489 «quxcellentissimi,
853 5419 957 5491 inquit,
1008 5427 1081 5481 sicut
1093 5426 1149 5481 luit
1160 5441 1226 5481 num
1239 5424 1371 5481 samuele
1385 5423 1422 5480 ad
1436 5422 1604 5496 ungendum
1615 5420 1647 5478 ia
1659 5438 1761 5496 regem
1774 5422 1826 5477 lla·

140 5514 272 5582 barones,
287 5512 336 5584 qni
357 5510 486 5567 assistitis
505 5511 535 5566 in
554 5512 608 5567 hac
627 5512 754 5584 planitie,
772 5529 826 5583 me,
845 5528 957 5585 quaeso,
1007 5519 1064 5576 vid.
1081 5540 1096 5569 n
1111 5520 1159 5577 His
1181 5520 1220 5575 itu
1242 5519 1333 5587 dietis,
1355 5532 1494 5591 genarum
1515 5532 1601 5573 sunm
1620 5515 1711 5589 elegit
1729 5515 1825 5572 tutha

123 5606 253 5659 solerlol'
262 5605 370 5675 audite,
386 5609 425 5674 et,
440 5605 603 5677 prudenter
617 5607 812 5676 intendentes,
832 5606 875 5662 his
892 5622 958 5680 qttae
1007 5614 1093 5670 rium,
1113 5615 1200 5670 Porro
1217 5613 1316 5669 turtius
1335 5610 1532 5669 contradicere
1551 5609 1700 5679 formidat,
1716 5608 1821 5666 veritus

106 5694 206 5751 dicam
224 5698 354 5755 obedite.
374 5700 432 5756 Pro
446 5701 661 5761 commoditate
680 5702 816 5762 omnium
834 5706 967 5763 restrum
1014 5701 1479 5775 sentenhamqtumarehiurasnt
1492 5702 1640 5757 sanxerat.
1659 5696 1769 5757 lleiude
1785 5696 1823 5753 ad

83 5787 340 5859 etplutimorum
366 5794 421 5869 qui
442 5814 507 5856 non
533 5798 658 5874 adsunt,
682 5801 802 5873 laboro,
822 5806 854 5862 et
872 5805 975 5878 nocte,
1025 5802 1206 5859 conuentum
1223 5794 1335 5853 reuersi
1348 5796 1427 5849 suut.
1439 5790 1826 5863 haudquamfflwa
