3750 6046
27 192 91 265 ἰιι
448 202 599 264 tirasona
620 204 887 263 acanususucs.
903 232 938 244 -
958 202 1044 258 ruas
1063 200 1106 257 ιιι.
1122 231 1156 243 -
1176 196 1239 257 niu.
1261 200 1291 257 ι.
1669 202 1720 261 ιιι

40 334 180 391 eumalio
202 339 231 388 et
251 332 381 389 horribili
404 332 550 388 clamore:
572 334 637 389 Eece
657 348 707 388 rec
720 331 798 387 moda
819 346 859 387 re·
870 328 957 419 Auis
974 328 1026 383 sub
1049 331 1130 400 patre
1151 344 1202 383 suo
1219 329 1382 396 tenuerunt,
1397 327 1571 399 observaret,
1588 333 1617 384 et
1636 329 1721 385 abba·

40 433 131 485 centes
148 429 229 484 habet
249 442 364 495 carnes;
382 427 544 496 deferrentur
564 428 601 483 ad
617 429 771 497 coquinam,
789 431 819 480 ut
835 428 859 480 ei
909 426 966 478 tem
987 422 1050 478 sine
1073 422 1192 493 alicujus
1210 420 1342 477 navitatis
1360 421 1509 477 exactione
1529 430 1719 481 consecraret.

39 522 223 578 cohibeantur
249 520 287 576 ad
317 536 427 577 amram
454 520 643 576 contristatus
676 519 764 592 igitur
796 535 858 585 rcx,
908 516 1001 572 iussio
1027 515 1104 588 regis
1130 515 1165 570 ab
1191 514 1279 571 invito
1302 515 1423 586 praesule
1448 532 1582 571 concessa
1607 521 1664 586 est,
1691 521 1721 573 ei

40 616 199 688 optimates
217 631 283 671 suos
298 630 427 670 seorsum
443 613 619 680 convocavit,
633 618 805 685 acceptoque
823 612 858 667 ab
909 609 1044 683 pristinus
1059 626 1120 664 mos
1134 608 1263 665 coeuabio
1277 608 1463 665 confirmatus
1475 612 1519 665 esi
1533 610 1599 682 (³7).
1613 610 1719 667 Radal-

39 708 83 765 eis
96 709 228 779 consilio,
244 708 458 764 suasinvceium
472 707 597 763 diluculo
613 707 693 763 abira
713 706 857 779 praecopii.
909 704 964 772 lus,
990 702 1076 759 abbas
1097 703 1249 775 sagiensis,
1277 703 1398 759 eiectum
1420 703 1541 760 fratrom
1568 705 1722 762 lexovium

38 803 200 860 Prudentcs
222 802 300 858 euim
321 800 475 857 consiliarii
503 801 617 873 provide
644 800 860 857 considerabant
909 796 998 867 duxit,
1021 802 1049 854 el
1072 796 1253 866 electionem,
1275 797 1334 852 vice
1358 797 1527 853 monachilis
1555 805 1719 868 conventus,

39 896 121 969 quod
135 896 164 951 in
181 895 341 952 munitione
359 895 532 951 validissima
551 894 730 967 magnanimi
748 893 860 967 pugiles
909 890 1032 947 dictavit.
1058 891 1217 947 Radbertus
1242 894 1350 959 autam,
1377 890 1522 963 Sagieusis
1550 893 1720 961 monachus,

38 989 226 1057 resistebant,
249 990 412 1063 munitique
437 989 527 1044 sirmis
548 988 736 1057 conclavibus,
759 992 859 1044 contra
908 985 1028 1056 scriptor
1040 985 1170 1056 eximius,
1185 985 1313 1042 chartam
1328 984 1501 1057 conscripsit,
1518 991 1547 1042 et
1559 986 1721 1057 llerluiuus,

39 1085 169 1140 detectos
196 1083 402 1156 multiplicibus
427 1083 521 1139 modis
545 1083 627 1139 facile
651 1082 857 1156 praevalebaut.
909 1078 1036 1152 episcopi
1052 1078 1226 1150 capellanus,
1241 1081 1411 1136 cunctorum
1430 1078 1462 1134 in
1476 1078 1632 1149 audientia,
1648 1080 1724 1136 ciero

38 1178 172 1235 Solerlcs
199 1194 268 1250 ergo
293 1176 452 1233 auricularii
484 1177 553 1233 utile
584 1177 729 1233 decretum
761 1175 857 1249 palam
908 1173 1019 1243 edente,
1034 1171 1234 1229 sicrecitavit:

38 1270 197 1339 dederunt,
213 1276 242 1326 ct
255 1270 309 1326 boc
319 1287 380 1326 esse
394 1270 527 1343 subjectis
537 1270 693 1326 inermibus
705 1270 739 1326 ad
753 1269 859 1325 instans
945 1267 1068 1323 Christus
1085 1269 1211 1323 assbhns
1235 1268 1363 1338 pontisas
1384 1271 1410 1322 et
1431 1272 1527 1338 pastor
1550 1267 1724 1324 ecclesiastici

36 1364 198 1438 negotium
220 1363 333 1420 salubre
357 1369 539 1435 censuerunt,
564 1371 594 1421 ut
613 1365 706 1421 salsus
727 1364 859 1437 princeps
908 1364 996 1432 gregis
1017 1366 1043 1417 et
1065 1367 1216 1432 prisionem,
1231 1362 1301 1416 sicut
1324 1376 1403 1416 suum
1422 1376 1456 1416 ca·
1478 1362 1639 1416 mortalibus
1659 1378 1721 1417 eore-

38 1475 109 1515 eum
135 1457 297 1531 insignibus
324 1458 444 1514 catervis
470 1458 537 1514 inda
564 1457 718 1527 recederet,
746 1458 859 1529 alioque
909 1458 989 1511 tinua
1002 1457 1163 1511 successione
1179 1460 1342 1526 perpetuum
1364 1456 1448 1524 efficit
1466 1470 1579 1524 precem,
1596 1458 1646 1519 tta,
1663 1472 1723 1511 evim

28 1552 203 1609 ulciscendi
217 1568 322 1625 genero
338 1552 466 1607 inimicos
479 1552 605 1624 puniret,
623 1557 651 1608 et
663 1552 702 1607 sic
712 1569 770 1609 saraa
781 1552 859 1625 genti
908 1552 943 1605 sit
955 1552 1042 1604 uirtus
1055 1556 1080 1603 et
1092 1551 1228 1630 sapientia
1243 1551 1302 1611 liei,
1317 1551 1399 1603 etiam
1410 1548 1576 1619 pastoralem
1590 1552 1652 1620 ipsa
1662 1567 1725 1621 pcr-

39 1646 222 1719 saspitatem,
238 1652 267 1701 et
282 1646 406 1703 hostium
425 1645 615 1718 dejectionem
636 1645 736 1701 callide
755 1662 858 1718 procu·
906 1645 1041 1714 petuitate
1055 1645 1197 1698 continuat
1210 1642 1344 1711 ordinem,
1357 1643 1449 1713 piures
1462 1645 1627 1699 constituens
1640 1660 1725 1701 sacer-

40 1746 135 1797 raret.
149 1741 229 1796 Uene
247 1740 343 1813 itaque
361 1741 467 1796 cclcres
485 1742 680 1810 surrexerunt,
694 1756 728 1795 ac
742 1736 995 1811 diversisssdates,
1009 1752 1039 1792 eo
1058 1737 1130 1806 quod
1154 1741 1238 1793 morte
1256 1735 1455 1807 prohibeantur
1471 1751 1639 1806 pmmartere.
1660 1738 1726 1804 Quo

40 1833 81 1891 ad
95 1834 299 1890 desolationem
308 1834 417 1890 hostilis
426 1833 526 1905 patriae
536 1832 717 1889 ferramentis
728 1833 772 1886 nsi
782 1837 859 1887 sunt.
910 1846 971 1886 rum
996 1832 1220 1885 aomemationem
1249 1845 1300 1901 per
1331 1832 1512 1886 ministerium
1543 1832 1726 1902 episcoporum

40 1926 148 1984 Vincas
172 1927 250 1983 euim
278 1927 528 1998 exstirpaverunt,
557 1923 718 1982 lruc'tileras
743 1925 861 1981 arbores
910 1924 1053 1995 spirituaii
1074 1924 1256 1981 benedictione
1278 1940 1295 1978 a
1318 1927 1371 1980 ileo
1391 1926 1451 1995 tlers'
1471 1940 1525 1980 non
1547 1924 1724 1995 dubitamus3

41 2020 241 2085 succiderunt,
260 2020 398 2077 macerias
422 2023 449 2076 et
473 2020 596 2093 parietes
618 2021 794 2093 dejecerunt,
819 2022 860 2074 to·
911 2018 1089 2073 nibilominus
1104 2024 1130 2073 et
1151 2019 1303 2074 electionem
1319 2034 1369 2090 per
1387 2033 1436 2074 ora
1450 2019 1622 2075 subditorum
1636 2020 1727 2075 eadem
1787 2058 1790 2065 -

42 2119 164 2186 tamque
178 2114 337 2187 regionem,
348 2130 411 2185 quae
424 2113 569 2169 uberrima
583 2117 652 2182 erat,
665 2114 733 2187 igne
744 2115 774 2169 et
786 2113 861 2168 lerro
912 2113 1017 2182 Spiritu
1037 2117 1129 2167 sancto
1149 2112 1303 2183 dispensari
1318 2116 1420 2168 emtum
1444 2117 1574 2170 tenentes.
1596 2115 1728 2181 Quocirca

42 2208 259 2264 desolaverunt.
277 2207 382 2263 Deinde
403 2223 452 2261 rcx
471 2206 661 2262 Ceuomannis
683 2206 863 2278 triumphans
912 2205 990 2260 Beati
1003 2206 1108 2275 Ebruip
1121 2207 1292 2274 concrepatio
1305 2208 1454 2270 unanimis,
1467 2208 1590 2277 eaesnpla
1602 2222 1725 2278 sequens,

42 2303 173 2371 accessit,
188 2306 217 2357 et
231 2301 383 2357 muitarum
401 2299 531 2356 tribubus
549 2299 759 2371 provinciarum
773 2299 861 2355 licen·
915 2298 1129 2369 traditionesque
1159 2299 1337 2370 aspostolicae,
1366 2306 1426 2370 posi
1457 2300 1602 2356 discessum
1632 2302 1725 2357 Patris

43 2397 119 2452 tiam
134 2396 283 2452 remeandi
298 2395 332 2450 ad
348 2412 396 2450 sua
412 2394 539 2450 donavit.
913 2397 1002 2450 nostri
1015 2395 1152 2457 Uainerii,
1171 2395 1254 2448 Patre
1270 2408 1373 2464 quoque
1391 2398 1483 2449 nosue
1495 2394 1593 2449 domno
1613 2395 1726 2451 Sartona

83 2491 149 2546 itae
168 2506 245 2545 anno
264 2489 419 2545 [lominica
444 2488 648 2544 incarnationis
672 2490 750 2555 tosa,
772 2486 862 2542 indic·
912 2492 944 2545 in
956 2491 1107 2560 episcopum
1121 2492 1267 2557 assumpta,
1279 2488 1374 2543 divium
1387 2488 1725 2559 preeuntemisericordia,

43 2584 300 2648 tionevn,mense
318 2582 391 2638 lulio
412 2583 484 2637 iacta
504 2588 579 2637 sunt.
599 2583 676 2637 Tune
696 2581 863 2649 Jerusalem,
914 2582 944 2633 in
968 2579 1090 2634 abbatem
1117 2580 1244 2649 elegimus
1275 2579 1403 2634 domnum
1430 2580 1581 2647 heremum,
1610 2581 1727 2646 tratrem

44 2675 204 2735 Gentilibus
224 2677 312 2744 victis,
328 2676 377 2748 qui
397 2693 461 2731 eam
484 2676 533 2731 diu
557 2680 716 2743 tenuerant,
730 2693 746 2731 a
761 2675 865 2730 sanctis
915 2678 1045 2735 nostrum,
1071 2675 1271 2728 conuersatione
1297 2675 1447 2739 cognitum,
1472 2674 1641 2742 professione
1668 2688 1727 2729 con·

46 2770 220 2843 peregrinis,
243 2775 272 2825 ut
293 2771 321 2825 iu
345 2772 518 2842 praecedenti
542 2770 613 2825 libro
637 2770 801 2840 dilucidavi,
817 2787 865 2827 ιιιι
910 2767 1049 2835 iunctum,
1061 2768 1208 2836 prasentia
1222 2770 1247 2820 et
1266 2765 1407 2835 suffragiis
1424 2767 1592 2836 egregiorum
1608 2766 1725 2835 suffulti,

49 2865 116 2919 idus
134 2864 202 2919 luiii
225 2868 309 2935 capta
332 2868 384 2919 est.
400 2864 533 2919 Urbanus
548 2864 634 2920 etiam
653 2881 734 2937 papa,
755 2865 866 2921 reddito
913 2862 1028 2931 praemii
1045 2860 1167 2914 uidelicet
1188 2861 1305 2930 episcopi
1324 2860 1453 2923 sarlonis,
1470 2860 1578 2915 abbatis
1595 2862 1729 2916 descensis

45 2958 225 3014 Christicolis
250 2958 352 3013 Christi
376 2958 503 3030 sepulcra
527 2962 623 3014 sancte
652 2959 823 3031 tripudians,
850 2976 867 3013 v
916 2955 1046 3017 anselmi,
1069 2954 1206 3024 sagiensis
1226 2953 1347 3022 liudulfi,
1372 2955 1545 3009 iboamensis
1569 2954 1686 3023 Annuit,
1704 2960 1729 3009 ct

48 3050 196 3107 liniendas
221 3051 339 3124 Augusti
365 3052 445 3107 obiit.
472 3052 522 3109 Cui
551 3052 693 3108 Paschaiis
715 3070 796 3125 papo,
820 3069 866 3108 xvv
917 3052 1091 3114 wittorum?
1111 3048 1441 3117 superuacaneum
1459 3046 1728 3118 sidnacestrensis,

48 3145 97 3201 die
114 3145 323 3201 inthronizatus
335 3162 352 3200 a
365 3146 486 3202 transitu
500 3146 612 3219 prioris,
627 3147 771 3203 successit.
876 3115 949 3195 Cet
961 3143 1137 3197 imirtttiimte
1155 3141 1280 3211 AP⁰³i⁰ii
1299 3142 1464 3198 immilem
1479 3155 1599 3212 imm
1616 3148 1731 3198 Mittit·

46 3266 93 3323 lx·
117 3267 191 3324 sm,
218 3271 244 3322 e,
270 3267 399 3337 Romus
422 3268 568 3338 sappensis
589 3254 700 3324 abbam·
724 3270 865 3325 mim&
912 3235 1032 3305 piantes,
1056 3237 1146 3290 uirum
1169 3236 1331 3290 assumimus
1354 3235 1524 3299 catholicum,
1551 3235 1649 3291 diuina
1674 3236 1730 3306 lepe

84 3346 279 3403 commem
302 3348 373 3401 ,mer
396 3347 539 3402 monach„
563 3352 589 3403 ει
611 3350 764 3419 episcopum
786 3349 867 3404 gem,
916 3329 1063 3391 anditum,
1086 3333 1199 3396 castum,
1225 3328 1355 3391 sobrium,
1383 3329 1519 3394 humilem,
1545 3332 1729 3393 mansuetum,

83 3433 201 3486 oiemem
215 3435 324 3485 cnortae.
343 3431 473 3486 Uticensis
486 3431 601 3487 ecclesus
615 3434 787 3488 consecratio.
915 3423 1121 3485 misericordem
1138 3422 1290 3491 beneficum,
1305 3426 1332 3476 el
1350 3424 1451 3477 celeris
1471 3423 1657 3492 pastoralibus
1672 3439 1732 3479 eon·

85 3532 269 3601 Gislebertus,
289 3532 468 3588 lexoviensis
493 3534 651 3606 episcopus,
677 3552 693 3589 a
719 3532 868 3589 monacbis
916 3518 1058 3571 ”mimmii
1083 3515 1240 3587 Piaediillm·
1266 3519 1351 3577 ⁸¹⁰¹ss»
1377 3517 1469 3586 iiiiii
1494 3517 1605 3572 eiectum
1628 3516 1731 3572 tillim

50 3625 232 3684 Uticensibus
255 3626 400 3683 multoties
426 3628 580 3699 requisitus
604 3627 659 3683 luit
680 3630 713 3682 nt
735 3627 868 3682 abbatem
918 3611 1056 3681 Mssiiiilii
1089 3609 1298 3665 mellidium
1329 3609 1477 3679 ‘Ultimis
1502 3611 1616 3680 imili
1641 3614 1732 3667 ²²⁰⁸it⁰

50 3737 137 3776 suum
157 3720 351 3776 benediceret.
365 3720 447 3785 Quod
462 3722 507 3776 iiie
524 3722 620 3776 renuit
639 3736 736 3792 agere,
750 3720 804 3775 nisi
818 3720 867 3774 ab·
919 3706 1073 3761 imiimi
1087 3704 1232 3761 Gssieielw
1243 3709 1448 3774 Pl'aeiiniamlli·
1460 3705 1640 3774 Pffliiiiwiim
1652 3706 1731 3760 2⁰⁶¹&

51 3814 105 3870 ιη,
116 3812 169 3869 sibi
185 3814 408 3887 chirographum
425 3815 569 3870 canonicae
587 3815 771 3887 pmfessjonj,
785 3814 867 3869 exhi.
917 3801 1106 3855 siasticomore
1116 3798 1524 3869 postulantesconsecrationern,
1534 3802 1559 3853 et
1572 3801 1731 3855 canonicam

48 3909 143 3965 berei.
158 3910 234 3964 inter
245 3925 292 3964 eos
304 3909 372 3965 inde
391 3912 488 3964 mutua
513 3925 563 3981 per
581 3925 597 3966 ιι
614 3925 705 3964 annos
721 3908 869 3965 altercatio
920 3893 1138 3949 benediiiiffltem·

51 4002 230 4076 perduravit,
246 4007 273 4058 et
286 4007 387 4058 naviter
404 4002 479 4059 vinci
494 4002 615 4075 patiens,
632 4009 772 4076 tropeum
792 4002 867 4075 quis·
955 3998 1011 4053 liae
1021 3995 1116 4068 itaque
1130 3995 1335 4052 monachorum
1351 3994 1485 4052 electione
1498 3994 1652 4068 diligenter
1663 4012 1730 4069 per·

52 4112 111 4168 que
129 4097 262 4169 speravit.
278 4097 348 4152 h'am
370 4096 460 4166 Serio,
481 4096 530 4170 qui
552 4100 619 4170 post
639 4095 806 4151 iiainerium
832 4096 870 4152 ad
919 4089 1003 4159 lecta,
1019 4094 1047 4145 et
1072 4096 1130 4146 tam
1153 4106 1170 4145 a
1193 4088 1313 4162 presule
1332 4106 1421 4162 quam
1446 4106 1463 4145 a
1484 4089 1560 4146 ciero
1584 4094 1731 4163 gratanter

52 4189 176 4246 abbatiae
202 4191 332 4262 regimen
359 4192 464 4248 eiectus
489 4191 553 4259 luit,
581 4190 728 4247 coeuobitis
757 4190 869 4246 duobus
919 4188 1059 4256 suscepta,
1080 4183 1219 4256 iiogerius
1239 4183 1269 4239 in
1289 4182 1480 4241 decollatione
1502 4184 1591 4241 sancti
1610 4184 1730 4242 loannis

52 4283 139 4339 annis
164 4283 226 4339 sine
252 4283 452 4341 benedictione
479 4284 610 4358 praeluit,
633 4285 702 4357 quia
729 4283 870 4340 insolitam
921 4278 1053 4351 Baptistae
1072 4277 1157 4333 abbas
1177 4281 1359 4333 consecratus
1375 4279 1427 4346 ast,
1445 4282 1475 4333 et
1489 4279 1519 4333 in
1541 4280 1731 4337 crastinuma

52 4376 179 4434 Uticensi
207 4379 332 4435 ecclesia
358 4379 564 4452 protessionem
590 4379 683 4435 iacere
718 4379 868 4435 recusavit,
920 4372 1057 4427 iratribus
1077 4371 1149 4427 Utici
1169 4370 1325 4427 honorilice
1345 4377 1493 4444 susceptus
1514 4377 1565 4428 est.
1589 4376 1651 4446 ipso
1671 4375 1729 4445 dic,

52 4472 191 4529 Similiter
204 4474 343 4545 hogerius
356 4474 509 4546 Sappcnsis
531 4475 593 4546 plns
617 4490 705 4545 qnam
730 4490 764 4529 ιιι
788 4474 908 4565 annisD
921 4466 989 4522 dum
1004 4466 1104 4522 iratres
1119 4464 1156 4520 ad
1175 4464 1347 4537 colloquium
1364 4465 1393 4520 in
1410 4465 1530 4522 claustro
1545 4466 1687 4537 sederent,
1703 4471 1732 4524 et

53 4566 189 4622 iratribus
210 4566 335 4639 prefuit.
350 4568 402 4623 Sed
425 4567 558 4640 episcopo
577 4567 760 4639 pertinaciter
777 4567 868 4641 persi·
919 4559 1043 4632 piurima
1061 4557 1202 4614 subtiliter
1221 4557 1393 4630 indagantes
1412 4559 1534 4615 vicissim
1556 4559 1729 4632 conterrent,

53 4664 148 4717 stante
162 4660 191 4715 in
206 4677 256 4716 suo
270 4678 365 4728 sensu,
380 4663 548 4733 pastoralem
563 4662 725 4717 cambutam
738 4678 869 4733 nonpor-
919 4652 1075 4724 inspirante
1099 4652 1166 4721 Deo,
1190 4658 1220 4707 ut
1244 4652 1362 4721 aestimo,
1387 4653 1422 4709 de
1447 4654 1584 4710 Uticensis
1606 4654 1732 4711 ecciesiae

53 4754 135 4810 tavit.
149 4754 210 4819 Qua
222 4754 258 4810 de
271 4771 302 4810 re
318 4757 421 4828 regalis
434 4760 567 4828 potestas,
585 4756 763 4811 amonacbis
778 4754 871 4828 requi·
921 4746 1100 4803 dedicatione
1123 4752 1185 4802 oria
1206 4752 1249 4802 est
1268 4746 1468 4817 confabulatio,
1482 4751 1511 4804 et
1528 4748 1631 4820 ingens
1649 4748 1734 4805 ardor

54 4848 119 4917 sita,
129 4849 195 4920 jure
208 4849 365 4920 prevaluit,
380 4853 410 4904 ei
423 4848 558 4921 pertinaci
572 4849 705 4921 episcopo
719 4848 870 4921 imperarit
920 4842 950 4898 id
979 4842 1083 4915 agendi
1106 4840 1238 4897 omnibus
1266 4842 1354 4898 crevit
1381 4842 1567 4915 multiloquio.
1589 4843 1731 4913 Tandem,

55 4948 88 4998 ut
116 4957 219 5011 mores,
246 4958 318 5014 quos
350 4948 545 4999 antecessores
577 4943 638 5014 ejus
671 4943 700 4998 in
727 4944 870 4999 Norman·
922 4935 1111 5008 gaudentibus
1136 4935 1234 4991 amicis
1261 4938 1292 4991 et
1319 4936 1555 5006 confortantibus,
1581 4936 1734 4993 consilium

87 5134 259 5201 retrursus
282 5151 314 5189 ac
336 5139 464 5191 diuturna
484 5138 545 5202 suit,
571 5139 662 5205 inquil
683 5136 872 5199 idabiilonius‚
921 5144 995 5211 lagia
1008 5144 1175 5196 libertatisa
1195 5142 1329 5196 Romanis
1351 5140 1533 5208 pontificibus
1556 5141 1736 5196 obtinuerant

55 5207 356 5262 diaconissarum.
379 5212 408 5261 in
425 5215 531 5276 partem
550 5225 568 5273 ι,
589 5211 687 5263 saculi
707 5210 756 5272 Vl,
773 5225 799 5276 p.
823 5211 871 5274 iit,
922 5222 1006 5283 atque
1027 5217 1112 5267 etiam
1138 5229 1186 5268 aas
1206 5215 1254 5281 qui
1276 5214 1328 5265 soii
1348 5216 1405 5280 regi
1428 5228 1460 5267 aa
1481 5214 1608 5267 subditos
1624 5215 1735 5281 proiite·

53 5278 88 5330 ab
108 5284 220 5331 seruate
239 5282 334 5333 seculo
353 5282 451 5334 decimo
474 5284 667 5343 controuersia,
690 5286 751 5332 orta
776 5283 872 5347 spisco-
923 5290 1191 5349 bantur301tarum
1218 5291 1338 5350 quatuor
1364 5285 1452 5339 luisse
1480 5288 1604 5340 maxima
1630 5300 1694 5352 quae
1718 5301 1735 5339 a

52 5364 103 5417 pos
121 5351 191 5402 inter
209 5356 289 5418 atquc
300 5352 405 5405 abbates
417 5354 560 5406 nonnullos
572 5353 604 5404 ob
620 5353 789 5418 subjectionis
807 5368 872 5419 pro-
922 5360 1096 5412 manasteriis
1109 5359 1163 5410 sibi
1181 5359 1315 5423 subjectis
1334 5358 1444 5423 exigere
1456 5358 1583 5409 solebant
1599 5359 1734 5423 episcopi,

53 5420 205 5487 {mimis
224 5436 306 5488 quam
327 5426 444 5488 episcopi
468 5424 501 5475 ab
524 5425 572 5483 eis,
595 5438 651 5474 cum
667 5425 814 5477 ordinandi
833 5440 872 5477 es·
923 5431 1055 5482 nimirum
1076 5429 1273 5491 obedientiam,
1296 5442 1413 5481 censum
1434 5442 1560 5480 annuum
1582 5442 1665 5494 quem
1691 5430 1737 5493 jus

53 5500 112 5545 md
134 5495 253 5555 libbam,
276 5496 425 5559 wldeham·
453 5497 635 5548 Luculentum
662 5496 782 5549 subinde
806 5498 874 5548 texit
923 5500 1057 5567 synodale
1070 5514 1119 5552 seu
1132 5500 1249 5552 ciriadas
1262 5500 1449 5565 appellabant,
1466 5504 1673 5568 procurationes
1685 5512 1735 5551 sau

54 5569 255 5620 eonsmvsrsiae
281 5569 366 5634 buius
392 5570 545 5632 historiam,
565 5584 600 5622 ex
623 5584 678 5635 qua
701 5575 777 5636 patet
794 5572 874 5622 victis
915 5575 967 5637 ‘jus
996 5572 1110 5637 hospitii
1139 5573 1168 5622 in
1196 5573 1251 5622 iilis
1276 5573 1462 5632 monasteriis,
1489 5577 1517 5624 et
1547 5572 1737 5629 processiones

55 5640 172 5693 tandem
199 5641 348 5693 abbatibus
370 5643 419 5707 qui
441 5643 484 5692 vel
513 5643 601 5693 solam
630 5642 873 5705 consuetudinem,
923 5644 1073 5706 solemnes,
1084 5643 1112 5694 id
1125 5647 1168 5695 ast
1180 5644 1225 5707 jus
1243 5642 1402 5694 celebrandi
1422 5644 1521 5694 missas
1537 5646 1563 5694 et
1583 5645 1737 5693 conventus

54 5714 100 5763 vet
119 5712 205 5763 attam
220 5711 374 5763 simoniam
390 5714 575 5777 proterebant,
592 5713 662 5764 alios
680 5718 793 5765 sirenue
811 5727 873 5779 per·
924 5716 1063 5768 solemnes
1074 5716 1104 5766 in
1118 5728 1215 5767 eorum
1226 5714 1361 5766 aeclesiis.

54 5785 161 5839 stitisse
184 5786 215 5837 tn
237 5784 365 5851 nammis
389 5784 580 5851 promissione,
602 5798 703 5853 nempe
720 5786 768 5853 qui
786 5786 875 5852 privt-
1185 5786 1258 5839 Dam
1271 5784 1659 5851 Bououxa,tib.x,p.b¹tu.
