3750 6046
134 184 186 243 805
820 186 982 245 onnnmct
1001 184 1129 243 vitans·
1760 184 1812 243 tet

134 314 309 373 utabbetem
322 334 406 373 suum
424 317 568 391 suscipere
583 319 790 386 decreverunt,·
810 319 859 376 alii
880 336 948 376 vero
959 318 1062 405 rim
1088 320 1127 373 De
1155 317 1329 372 monasteriis
1353 314 1520 379 Grnlrrndia,
1553 312 1673 371 Uticensi
1700 318 1727 369 et
1751 315 1811 385 qui·

133 410 361 467 contradicentes
383 413 487 469 obnixe
501 396 791 471 restiterunt.ililitcs
804 419 901 471 autem
920 418 951 470 et
1035 398 1150 454 illim
1183 397 1256 453 “iiii-
1278 398 1317 451 ⁰0
1349 396 1581 467 “WWPWP‘M
1608 393 1810 451 ommim·

134 504 398 577 comprovinciales,
426 511 484 562 tam
499 508 596 563 rustici
614 524 701 580 quam
715 507 884 580 burgenses,
899 508 949 565 illo
1033 479 1158 535 summ
1175 478 1328 548 mmm
1344 476 1563 546 ‘mmmm‘
1576 476 1671 545 sm·

133 598 267 654 veniente
290 599 379 672 gavisi
397 605 473 670 sunt,
488 618 573 674 quem
594 618 647 673 pro
659 601 827 657 affabilitate
858 606 951 658 suaet
1033 598 1192 655 indictione
1207 614 1264 667 xnr,
1278 597 1324 655 die
1338 597 1493 665 [lominica.
1508 596 1583 653 circa
1596 594 1726 663 tertiam,
1745 594 1813 653 dum

134 692 297 763 dapsilitate
311 694 417 766 oppido
442 695 616 750 dilexerunt.
639 695 685 751 llii
699 694 845 765 nimirum,
859 695 948 751 schis·
998 692 1093 749 missae
1119 696 1300 758 canerentur,
1332 708 1360 747 1v
1393 690 1537 747 Kalendas
1562 688 1694 746 Octobris
1722 686 1811 763 [ilfi]

134 792 211 842 mate
227 787 434 844 monachorum
457 792 615 860 comperto,
639 789 668 843 in
683 788 890 845 monasterium
914 789 949 846 ir·
998 793 1082 843 terra
1094 790 1189 843 motus
1211 785 1243 842 in
1256 785 1358 857 anglia
1370 800 1491 857 magnus
1511 784 1604 840 factus
1616 786 1672 851 est,
1686 784 1716 839 et
1728 782 1812 852 muri,

134 886 264 949 ruerunt,
279 887 308 937 et
322 881 469 951 Poncium,
480 882 545 937 ticet
561 883 622 956 ipsc
633 884 687 939 hoc
702 885 851 951 noluisset,
866 900 948 940 suos·
998 880 1186 953 maceriaeque
1200 880 1378 936 basilicarum
1391 896 1442 951 per
1448 895 1477 936 iv
1486 877 1636 935 comitatus
1649 876 1725 933 lissae
1738 879 1813 933 sunt.

135 989 191 1045 quc
205 975 344 1030 violenter
357 975 588 1033 introduxerunt.
600 978 674 1033 Proh
688 977 787 1034 dolor!
800 977 948 1035 furibundi
998 976 1056 1031 lloc
1068 991 1172 1048 nempe
1182 975 1277 1031 Cestra
1291 978 1319 1030 et
1330 972 1536 1040 Scrobesburia,
1546 970 1686 1028 llerforda
1696 974 1726 1026 et
1736 970 1814 1026 Glou·

134 1069 293 1124 monastica
307 1074 386 1141 septa
411 1070 586 1142 irruperunt,
611 1077 650 1135 et,
675 1072 752 1127 velut
765 1072 836 1128 urbe
860 1073 948 1128 armis
996 1074 1099 1138 cestra,
1114 1068 1384 1142 cisqucadjaceutes
1396 1066 1548 1140 provincie
1559 1065 1696 1121 viderunt
1709 1068 1738 1121 et
1749 1081 1812 1121 sen·

134 1166 215 1234 capta
239 1162 364 1218 hostium
379 1164 494 1232 viribus,
508 1165 544 1220 ad
555 1165 683 1238 praedam
699 1171 896 1235 cucurrerunt,
915 1184 949 1223 ac
997 1170 1107 1234 serunt,
1122 1163 1269 1235 nimioque
1283 1164 1392 1218 terrore
1406 1176 1565 1232 exsangues
1579 1159 1681 1216 incolas
1701 1161 1812 1215 conhe

134 1255 339 1326 supellectilem
367 1261 397 1313 et
425 1259 558 1314 utensilia
581 1276 725 1315 servorum
747 1261 796 1315 liei
819 1260 949 1333 nequiter
998 1262 1144 1313 muerunt.
1169 1255 1308 1329 Sequenti
1335 1260 1472 1327 tempore,
1506 1253 1604 1326 plures
1627 1252 1813 1309 ecclesiarum

134 1348 325 1421 diripuerunt.
355 1351 562 1408 Bormitorium
576 1356 604 1409 et
617 1354 814 1409 crontochium
836 1358 866 1410 et
879 1355 947 1410 reli·
997 1350 1156 1407 hierarcha
1171 1350 1200 1406 in
1224 1349 1329 1422 anglia
1354 1350 1398 1404 vel
1421 1346 1552 1404 Naustris
1565 1347 1775 1419 migraverunt,
1787 1351 1815 1402 et

135 1460 192 1515 quc
218 1444 427 1500 coenobitarum
440 1446 547 1515 abdita,
571 1464 636 1519 quae
661 1448 798 1504 hactenus
809 1447 892 1503 laicos
905 1449 947 1504 la·
998 1443 1063 1499 aliis
1087 1460 1158 1500 onus
1170 1443 1352 1516 praelationis,
1366 1443 1442 1515 qnod
1453 1441 1535 1498 avide
1549 1442 1747 1515 gestaverant,
1761 1439 1815 1496 dis-

134 1542 261 1608 tuerunt,
288 1555 365 1593 nunc
387 1538 454 1594 viris
481 1543 510 1595 et
523 1540 701 1609 mulieribus,
717 1558 774 1596 non
787 1543 879 1598 solum
893 1542 946 1598 ho·
998 1543 1121 1610 ponente
1137 1538 1204 1606 lieo,
1220 1538 1400 1593 dimiserunt.

134 1630 232 1700 uestis,
247 1632 295 1687 sed
305 1632 391 1688 etiam
403 1633 505 1688 scurris
515 1650 546 1688 ac
560 1634 768 1704 meretricibus,
782 1641 945 1707 patuerunt.
1035 1629 1198 1688 Goisfredus
1222 1631 1444 1697 Aurelianensis,
1471 1629 1632 1705 Crulandiae
1660 1628 1759 1699 abbas,
1774 1629 1815 1685 vir

133 1724 198 1794 Ipsa
213 1723 259 1779 die
282 1724 411 1780 terribile
435 1726 600 1798 prodigium
623 1728 681 1782 illic
696 1728 827 1800 contigit.
844 1711 987 1801 lugensss
998 1725 1062 1799 pius
1074 1725 1261 1797 etjucundus,
1272 1724 1444 1781 Nonistunii
1451 1725 1585 1796 migravit
1591 1742 1600 1793 ;
1610 1724 1656 1780 cui
1666 1723 1815 1779 Guallevus

37 1812 40 1817 ’
132 1815 255 1873 basilicas
277 1817 366 1887 navis,
388 1835 452 1891 que
476 1836 568 1892 nuper
589 1821 667 1876 edita
690 1821 792 1891 fuerat,
820 1822 945 1892 corruit;
996 1820 1085 1875 frater
1098 1819 1160 1875 Gaii
1174 1818 1293 1892 patricii,
1314 1819 1350 1874 de
1367 1818 1455 1874 nobili
1480 1818 1638 1891 auglorum
1666 1818 1813 1891 prosapia,

134 1909 195 1979 sed,
212 1913 383 1983 protegente
398 1912 464 1980 Beo,
479 1912 625 1969 neminem
648 1914 729 1970 lesit.
748 1914 794 1970 Sic
813 1915 945 1987 piusDo-
997 1912 1141 1968 successit.
1168 1912 1292 1969 sinodus
1323 1912 1407 1968 etima
1437 1911 1721 1984 Hierosolymitsnus,
1750 1912 1814 1967 Bec-

135 2002 230 2059 miuus
253 2021 352 2062 omnes
377 2022 429 2078 pro
457 2008 607 2062 temeraria
633 2008 778 2064 invasione
802 2009 947 2083 insperata
996 2006 1087 2061 mosis
1112 2006 1280 2075 monachus,
1297 2005 1392 2062 Sancti
1416 2005 1568 2074 Edmundi,
1593 2006 1716 2078 regiset
1739 2021 1813 2061 mar-

133 2097 217 2153 ruina
230 2098 343 2168 terruit,
368 2103 528 2156 suetamen
545 2117 645 2157 omnes
667 2102 947 2175 immensabenigni-
996 2098 1076 2171 tyris,
1101 2096 1137 2155 ¹de
1162 2098 1356 2156 Badrin-Bure
1376 2098 1474 2165 abbas,
1495 2098 1588 2155 subito
1609 2104 1745 2154 mortuus
1761 2104 1812 2155 est.

132 2194 191 2247 tate
202 2191 329 2249 salvavit.
344 2193 467 2266 Populus
481 2194 576 2267 itaque
591 2195 708 2251 diffusus
722 2196 826 2269 ubique
838 2197 944 2253 discur-
996 2194 1061 2247 Post
1075 2208 1159 2265 quem
1173 2192 1333 2262 Anselmns,
1347 2192 1472 2248 Anselmi
1487 2192 1696 2266 archiepiscopi
1711 2209 1812 2266 nepos,

133 2284 225 2353 rchat,
256 2292 285 2342 et
321 2286 504 2359 impudenter
536 2287 635 2344 illicita
666 2289 823 2347 exercebat.
857 2293 945 2347 Porro
995 2286 1126 2357 regimen
1151 2287 1273 2358 plurimo
1299 2291 1430 2358 tempore
1452 2286 1568 2343 sortitus
1594 2292 1648 2343 est.
1674 2287 1813 2344 Defuncto

133 2378 231 2435 divina
244 2397 331 2436 manu
356 2381 391 2437 ab
406 2381 538 2438 immanis
553 2400 633 2438 casus
656 2384 828 2440 contritione
841 2385 946 2442 illaesns
995 2380 1138 2437 liudberto
1149 2380 1185 2437 de
1198 2380 1329 2451 Limcsia,
1343 2380 1512 2437 llerciorum
1524 2381 1669 2454 episcopo,
1684 2381 1812 2437 liodber-

132 2473 228 2543 cvasit,
254 2475 383 2547 miroque
410 2476 496 2532 modo
520 2483 690 2546 reservatus,
713 2479 852 2551 poenitere
870 2484 946 2552 post·
996 2477 1041 2530 tus
1054 2479 1247 2546 cognomento
1261 2476 1425 2542 Peccatum,
1438 2475 1579 2530 successit.
1602 2475 1663 2540 Quo
1685 2478 1811 2546 mortuo,

132 2567 250 2623 rrrodum
266 2569 366 2640 potnit.
376 2571 473 2626 Pctrns
487 2587 554 2626 vero
567 2571 655 2627 abbas
670 2572 773 2627 absens
786 2578 857 2641 erat,
873 2579 901 2629 ct
914 2575 945 2631 iu
995 2568 1144 2640 hogerius,
1174 2584 1261 2639 nepos
1284 2568 1423 2625 Goistrodi
1451 2569 1487 2625 do
1509 2568 1651 2636 Choloua,
1679 2568 1812 2641 regimen

130 2659 304 2734 longinquas
318 2663 453 2735 regiones
462 2664 579 2731 abierat,
593 2666 809 2735 promultorum
824 2667 945 2725 utilitate
996 2662 1130 2735 suscepit.
1154 2664 1221 2718 Post
1245 2662 1354 2718 obitum
1380 2663 1505 2731 Turoldi,
1536 2662 1689 2735 Burgensis
1713 2662 1810 2734 abbas,

131 2753 263 2825 fratrum,
287 2773 408 2828 quorum
422 2773 521 2811 curam
548 2764 717 2830 susceperat.
732 2759 871 2832 Adquem
886 2778 945 2818 suae
995 2755 1131 2827 egregius
1151 2756 1271 2811 ldathics
1293 2756 1329 2811 de
1355 2760 1451 2813 monte
1476 2756 1570 2813 Sancti
1584 2756 1728 2812 Michaelis
1741 2773 1812 2829 pree«

131 2848 219 2920 partis
244 2848 378 2905 monachi
396 2850 613 2921 festinaverunt,
630 2855 659 2907 et
672 2851 777 2907 damna
792 2871 857 2910 cum
872 2855 944 2927 inju·
994 2850 1057 2906 fuit.
1074 2850 1125 2907 Cui
1136 2851 1269 2919 loannes,
1283 2850 1425 2923 sagiensis
1444 2851 1611 2920 monachus,
1629 2850 1734 2906 litteris
1758 2850 1811 2906 ad·

130 2942 179 2996 riis
195 2941 245 2996 Dei
269 2943 355 2998 servis
382 2944 504 3015 turpiter
528 2944 614 3013 illata,
644 2945 770 3002 seriatim
796 2947 944 3004 intimave·
993 2944 1111 2999 modum
1137 2944 1299 3012 instructus,
1326 2944 1468 3000 successit.
1495 2945 1556 3010 Quo
1583 2943 1729 3011 defuncto,
1762 2961 1811 3001 rex

131 3038 207 3089 runt.
224 3036 274 3090 llle
286 3041 384 3091 autcm
397 3053 456 3092 uon
475 3037 713 3107 Cluuianum,sed
727 3041 848 3096 Romam
862 3042 944 3114 impl·
994 3037 1122 3105 ilenrico,
1149 3044 1271 3109 cognato
1298 3053 1348 3092 suo
1379 3039 1505 3109 Burgum
1538 3038 1736 3107 commendat,
1763 3039 1811 3112 qui

131 3143 183 3199 grc
210 3129 345 3200 perrexit,
369 3136 398 3186 et
423 3148 504 3203 papae
529 3132 662 3203 [Honorio
688 3134 721 3205 ll]
739 3151 799 3190 rem
822 3140 942 3208 gestam,
954 3080 981 3155 C
994 3130 1087 3187 Sancti
1101 3131 1217 3187 ioannis
1238 3131 1370 3203 Baptistae
1382 3130 1526 3203 angeliaci
1540 3131 1627 3187 abbas
1642 3133 1809 3202 exstiterat3

130 3223 329 3279 attestantibus
342 3225 488 3280 monachis
502 3242 566 3298 quea
578 3228 705 3299 perpessi
720 3228 843 3298 fuerant,
859 3231 943 3285 eluci·
993 3224 1044 3279 sed
1060 3241 1076 3280 a
1099 3224 1246 3280 monachis
1262 3227 1290 3280 el
1311 3242 1328 3279 a
1350 3225 1512 3295 Guillelssw,
1535 3224 1691 3281 Pietavensi
1725 3226 1810 3297 duce,

131 3315 217 3372 davit.
247 3317 327 3382 Quod
351 3319 469 3375 audiens
487 3337 571 3392 papa,
592 3320 679 3376 nimis
692 3323 875 3378 contristatus
890 3327 942 3393 est,
994 3319 1126 3390 expulsus
1151 3317 1257 3374 fuerat.
1285 3320 1350 3374 Post
1379 3318 1597 3387 fulcheredum,
1624 3320 1675 3391 qui
1700 3320 1810 3391 primus

130 3414 189 3465 tam
214 3426 266 3482 pro
292 3411 433 3468 dedecore
450 3414 668 3484 monachorum,
685 3431 771 3487 quam
793 3433 845 3489 pro
862 3424 945 3473 reatu
994 3411 1080 3466 abbas
1106 3411 1362 3468 scrobesburiense
1379 3411 1539 3467 omnobium
1554 3411 1583 3467 iu
1599 3411 1649 3467 nei
1662 3414 1743 3469 cultu
1768 3430 1811 3469 or·

129 3504 238 3576 populi,
265 3504 314 3577 qui
343 3506 437 3578 legem
466 3506 515 3563 Dei
537 3507 737 3579 praevaricatus
758 3515 810 3565 est.
837 3511 944 3567 Deinde
994 3503 1809 3578 dinavit,Gndefredus,sagiensismonachus,pastoralem

129 3597 264 3654 Poncium
280 3599 408 3671 protinus
427 3600 566 3669 accersiit,
582 3602 621 3657 ad
641 3619 762 3659 examen
782 3604 944 3675 apostolicae
992 3615 1089 3654 turam
1102 3599 1235 3671 Suscepit·
1253 3599 1315 3663 0u⁰
1329 3599 1413 3671 poulo
1435 3607 1499 3672 9⁰⁵2
1523 3604 1614 3655 morlo
1632 3599 1727 3655 sublit
1740 3617 1809 3672 ΡΜ·

129 3691 203 3749 sedis
229 3696 323 3749 astare
345 3695 490 3766 praecepit,
514 3696 655 3752 rationem
680 3697 842 3753 redditurus
867 3698 943 3755 unde
993 3695 1088 3763 vento,
1101 3693 1252 3748 llerbertus
1262 3693 1489 3765 gubernaculum
1505 3693 1581 3748 rudis
1592 3692 1715 3749 abbatiae
1730 3711 1810 3750 usur·

129 3784 275 3859 impetitus
298 3787 393 3843 fuerit.
418 3791 454 3845 At
475 3789 525 3845 ille
549 3792 670 3847 Romam
686 3791 812 3859 veniens,
836 3808 943 3863 papam
992 3787 1080 3858 pavit.
1097 3786 1808 3855 Guntmdoeutem,Torneiensisecclesieestrenuo

129 3879 209 3935 adire
223 3880 333 3937 distulit
357 3881 460 3954 dicque
475 3883 660 3941 denominato
674 3884 709 3940 ad
724 3885 861 3957 placitum
874 3886 942 3942 sub·
992 3883 1112 3948 ῐθῡῑθΐθ,
1142 3880 1286 3950 defu¹1⁰¹02
1313 3880 1471 3938 R⁰db0¹i⁰⁵
1490 3880 1689 3937 Pfflssfflssffils
1712 3881 1809 3938 Subli>

130 3973 255 4029 monitus
266 3975 364 4031 venire
379 3976 484 4032 renuit.
992 3978 1075 4045 gatus
1087 3976 1139 4044 est,
1153 3974 1202 4046 qui
1217 3974 1252 4029 de
1265 3974 1390 4030 Uticensi
1402 3973 1542 4044 caenobio,
1557 3974 1625 4047 quia
1642 3974 1721 4031 bene
1734 3976 1808 4032 litte·

165 4062 311 4118 Romanus
335 4064 424 4135 igitur
445 4066 575 4137 pontifex
588 4068 702 4123 Petrum
729 4084 793 4124 cum
815 4068 943 4140 apicibus
993 4072 1071 4122 ratus
1085 4072 1114 4123 et
1127 4069 1263 4140 eloquens
1272 4085 1304 4124 ac
1316 4068 1452 4125 honestus
1462 4074 1534 4139 erat,
1546 4068 1583 4124 ed
1594 4069 1723 4125 ecclenm
1735 4069 1808 4142 regi-

130 4155 292 4227 cpostolicis
318 4161 346 4214 et
371 4157 558 4231 dignitatibus
588 4160 754 4218 Cluuiarum
781 4161 941 4231 destinavit,
993 4178 1060 4217 men
1076 4166 1239 4234 assumptus
1252 4167 1305 4218 est.

127 4249 331 4323 monachisque
344 4257 376 4306 ut
400 4251 429 4307 iu
443 4253 575 4309 omnibus
596 4254 621 4308 ci
636 4255 792 4313 secundnm
815 4257 944 4329 regulam
1027 4258 1169 4328 Tempore
1183 4256 1327 4312 Paschclis
1340 4272 1432 4329 pepae,
1458 4256 1604 4327 liedulfus,
1620 4259 1805 4317 Boroberniaa

128 4343 219 4400 sancti
244 4344 334 4401 Patris
356 4346 498 4403 Benedicti
523 4348 758 4420 obsequerentur,
785 4351 940 4407 mandavit.
992 4349 1232 4424 archiepiscopus,
1259 4350 1295 4406 ad
1316 4366 1415 4422 regem
1440 4349 1469 4405 in
1492 4351 1653 4406 h'eustriam
1673 4354 1763 4425 venit,
1779 4358 1808 4412 et

127 4442 162 4495 ut
175 4437 225 4507 illi,
248 4438 329 4509 jussa
352 4441 539 4513 complentes,
552 4442 687 4499 abbatem
701 4444 820 4501 victoria
832 4446 939 4501 elatum
951 4451 980 4524 Ι)
992 4444 1059 4501 inde
1072 4446 1200 4512 Romam,
1214 4444 1280 4500 licet
1289 4445 1351 4516 jam
1361 4448 1472 4499 tumore
1485 4444 1591 4516 pedum
1600 4444 1805 4517 infirmaretur,

127 4536 322 4604 suscepemnt,
336 4535 417 4607 cujus
432 4534 544 4609 imperii
553 4536 669 4609 jugum,
691 4537 794 4594 divinae
808 4538 864 4611 legi
883 4539 941 4595 lau·
991 4538 1129 4612 proficisci
1141 4539 1236 4609 coepit.
1261 4538 1412 4607 Craterum,
1428 4536 1521 4593 obiter
1532 4538 1637 4593 auditis
1651 4539 1688 4595 de
1704 4557 1806 4598 occasu

126 4625 261 4682 debiliter
272 4627 434 4699 militantes,
449 4629 504 4684 huc
518 4647 607 4702 usque
618 4631 774 4703 perferunt.
789 4634 942 4705 Contemp-
991 4650 1072 4705 papae
1085 4632 1257 4700 rumoribus,
1274 4632 1384 4704 legatos
1410 4633 1531 4687 Romam
1560 4632 1721 4690 destinavit.
1742 4638 1805 4708 lpse

128 4723 218 4776 torem
232 4737 298 4777 rero
313 4722 449 4777 Puncium
463 4729 526 4795 post
541 4723 652 4797 aliquot
664 4726 734 4795 dics,
751 4726 844 4781 missis
858 4727 941 4782 satel-
991 4742 1056 4783 vero
1070 4726 1281 4797 ltothomagum
1296 4725 1440 4794 remeavit,
1455 4725 1557 4781 elfere
1571 4725 1755 4784 tribusannis
1775 4728 1805 4785 iu

125 4812 223 4869 litibus
247 4816 314 4884 suis,
338 4817 570 4888 comprehendit,
592 4825 621 4873 et
634 4818 662 4874 in
680 4835 790 4875 carcere
807 4822 938 4891 retrusit;
990 4820 1166 4877 lt'ormnnnia
1187 4819 1295 4892 deguit.
1317 4818 1359 4874 lbi
1374 4819 1519 4891 quondam
1532 4819 1602 4875 dum
1630 4829 1804 4891 moraretur,

124 4907 247 4979 quinon
263 4910 352 4964 multo
365 4916 437 4982 post,
454 4911 564 4967 enormi
575 4929 696 4969 moerorc
708 4914 834 4985 allectus,
850 4932 940 4987 aegro·
989 4916 1018 4970 in
1036 4913 1219 4971 transtatione
1235 4913 1328 4969 Sancti
1355 4912 1510 4983 Benedicti,
1536 4929 1601 4986 quea
1623 4932 1640 4970 a
1656 4917 1805 4973 monachis

126 5001 203 5069 tavit,
218 5002 325 5075 ibique,
340 5004 439 5060 multis
453 5004 532 5060 illum
546 5006 723 5078 lugentibus,
736 5007 823 5064 vitem
838 5008 937 5065 linivit.
989 5008 1086 5065 festive
1098 5008 1203 5080 egitur,
1215 5008 1296 5063 finita
1309 5006 1404 5078 missa,
1420 5007 1489 5062 dum
1501 5007 1679 5064 vestimentis
1689 5026 1804 5069 exuere

126 5095 225 5166 igitur,
245 5102 278 5151 ut
291 5097 408 5169 quidam
423 5098 508 5155 dicit:
989 5108 1046 5172 tur,
1070 5106 1152 5157 acuta
1168 5102 1299 5174 passione
1321 5100 1414 5157 subito
1435 5117 1588 5173 percussus
1602 5100 1758 5173 obmutuit,
1777 5109 1806 5161 et

232 5192 401 5262 Principium
414 5195 536 5263 {interiet
550 5196 640 5264 imper
653 5211 722 5267 sepe
733 5197 831 5261 uidet,
988 5200 1053 5269 post
1074 5197 1182 5269 aliquot
1207 5195 1278 5264 dies,
1294 5200 1356 5251 arte
1372 5195 1549 5251 medicorum
1563 5195 1590 5251 ei
1608 5196 1805 5271 multipliciter

126 5280 247 5355 quisque
262 5283 347 5340 debet
373 5285 503 5357 precibus
517 5292 546 5342 et
559 5287 631 5343 votis
648 5292 717 5360 Bco,
730 5290 779 5362 qui
794 5307 939 5348 summum
989 5291 1125 5363 impensa,
1134 5290 1212 5362 loqui
1222 5289 1324 5362 coepit3
1338 5289 1389 5344 sed
1401 5289 1507 5361 linguae
1518 5288 1645 5345 officium
1655 5308 1803 5365 nunquam

124 5374 233 5431 bonum
256 5379 479 5447 est,medullitus
492 5383 697 5450 commendari,
723 5386 756 5438 ut
782 5384 831 5458 qui
853 5386 939 5457 coepit
988 5385 1070 5458 plene
1085 5388 1183 5456 postea
1198 5383 1384 5456 recuperavit.
1400 5382 1509 5439 Deinde
1523 5383 1635 5441 duobus
1655 5385 1739 5442 annis
1751 5404 1801 5460 pn-

124 5467 154 5522 in
167 5468 249 5525 nobis
271 5470 389 5542 bonurn,
412 5474 547 5545 perficiat,
571 5475 731 5546 confirmet,
756 5494 788 5534 ac
804 5478 880 5533 inter
892 5479 939 5535 nd·
988 5479 1072 5551 ralysi
1087 5479 1245 5553 aegrotavit,
1261 5481 1290 5533 et
1305 5476 1436 5533 vehiculo
1451 5477 1518 5533 satis
1531 5484 1692 5551 opportune
1704 5483 1802 5553 aptato

124 5578 204 5617 versa
216 5580 265 5619 seu
281 5580 417 5638 prospera
439 5572 582 5640 protegat,
605 5571 854 5643 quatenusfldelis
871 5589 938 5645 ago·
989 5573 1118 5641 delatus,
1147 5572 1185 5628 ad
1212 5570 1309 5628 sedem
1338 5586 1419 5627 susm
1451 5570 1528 5627 inter
1552 5588 1671 5629 snorum
1701 5590 1802 5631 manus

13 5666 17 5671 ·
103 5652 220 5752 aethela
241 5656 376 5716 hravr'um
391 5678 529 5737 supernas
551 5664 865 5727 hoercdihtisfclicitcr
878 5684 941 5745 per·
991 5666 1137 5725 decubuit.

84 5742 185 5813 ⁶¹l²12²lo
1032 5762 1184 5835 landem,
1208 5776 1287 5819 anno
1312 5757 1350 5817 ab
1368 5757 1568 5815 incarnatione
1585 5759 1705 5815 bomilia
1722 5764 1811 5833 tm,
