<?xml version="1.0" encoding="UTF-8"?>
<!DOCTYPE html PUBLIC "-//W3C//DTD XHTML 1.0 Transitional//EN"
    "http://www.w3.org/TR/xhtml1/DTD/xhtml1-transitional.dtd">
<html xmlns="http://www.w3.org/1999/xhtml" xml:lang="en" lang="en">
 <head>
  <title>
</title>
<meta http-equiv="Content-Type" content="text/html;charset=utf-8" />
  <meta name='ocr-system' content='tesseract 3.04.00' />
  <meta name='ocr-capabilities' content='ocr_page ocr_carea ocr_par ocr_line ocrx_word'/>
</head>
<body>
  <div class='ocr_page' id='page_1' title='image "./patrologiaecurs67unkngoog_0172.png"; bbox 0 0 3750 6046; ppageno 0'>
   <div class='ocr_carea' id='block_1_1' title="bbox 89 207 1782 274">
    <p class='ocr_par' dir='ltr' id='par_1_1' title="bbox 89 207 1782 274">
     <span class='ocr_line' id='line_1_1' title="bbox 89 207 1782 274; baseline 0.005 -9"><span class='ocrx_word' id='word_1_1' title='bbox 89 207 147 265; x_wconf 75' lang='grc'><strong><em>337</em></strong></span> <span class='ocrx_word' id='word_1_2' title='bbox 517 210 674 269; x_wconf 73' lang='lat' dir='ltr'>HISTORIA</span> <span class='ocrx_word' id='word_1_3' title='bbox 693 211 962 271; x_wconf 77' lang='lat' dir='ltr'><strong><em>uectusrasuca.</em></strong></span> <span class='ocrx_word' id='word_1_4' title='bbox 979 241 1013 255; x_wconf 88' lang='lat'><strong><em>·-</em></strong></span> <span class='ocrx_word' id='word_1_5' title='bbox 1027 211 1114 270; x_wconf 76' lang='lat' dir='ltr'><strong><em>PARS</em></strong></span> <span class='ocrx_word' id='word_1_6' title='bbox 1132 211 1165 268; x_wconf 86' lang='grc' dir='ltr'><strong><em>ΙΙ.</em></strong></span> <span class='ocrx_word' id='word_1_7' title='bbox 1184 241 1218 252; x_wconf 93' lang='grc'>-</span> <span class='ocrx_word' id='word_1_8' title='bbox 1236 213 1300 269; x_wconf 88' lang='lat' dir='ltr'><strong><em>LlB.</em></strong></span> <span class='ocrx_word' id='word_1_9' title='bbox 1320 213 1364 269; x_wconf 89' lang='lat' dir='ltr'><strong><em>lV.</em></strong></span> <span class='ocrx_word' id='word_1_10' title='bbox 1730 213 1782 274; x_wconf 76' lang='grc'><strong><em>338</em></strong></span> 
     </span>
    </p>
   </div>
   <div class='ocr_carea' id='block_1_2' title="bbox 88 327 1874 5728">
    <p class='ocr_par' dir='ltr' id='par_1_2' title="bbox 90 327 1781 592">
     <span class='ocr_line' id='line_1_2' title="bbox 91 327 1781 419; baseline 0.005 -37"><span class='ocrx_word' id='word_1_11' title='bbox 91 327 221 383; x_wconf 68' lang='lat' dir='ltr'><strong><em>aurine.</em></strong></span> <span class='ocrx_word' id='word_1_12' title='bbox 232 328 294 387; x_wconf 82' lang='lat' dir='ltr'><strong><em>Non</em></strong></span> <span class='ocrx_word' id='word_1_13' title='bbox 304 344 352 385; x_wconf 90' lang='lat' dir='ltr'><strong><em>vos</em></strong></span> <span class='ocrx_word' id='word_1_14' title='bbox 364 327 499 400; x_wconf 87' lang='lat' dir='ltr'><strong><em>decipiant</em></strong></span> <span class='ocrx_word' id='word_1_15' title='bbox 510 330 665 387; x_wconf 88' lang='lat' dir='ltr'><strong><em>adulatores</em></strong></span> <span class='ocrx_word' id='word_1_16' title='bbox 675 349 748 387; x_wconf 89' lang='lat' dir='ltr'><strong><em>vana</em></strong></span> <span class='ocrx_word' id='word_1_17' title='bbox 761 335 914 397; x_wconf 77' lang='lat' dir='ltr'><strong><em>securitate,</em></strong></span> <span class='ocrx_word' id='word_1_18' title='bbox 927 346 955 419; x_wconf 73' lang='grc' dir='ltr'>Α</span> <span class='ocrx_word' id='word_1_19' title='bbox 967 338 1131 389; x_wconf 73' lang='lat' dir='ltr'><strong><em>terremotus</em></strong></span> <span class='ocrx_word' id='word_1_20' title='bbox 1151 335 1245 402; x_wconf 73' lang='lat' dir='ltr'><strong><em>rnrrqni</em></strong></span> <span class='ocrx_word' id='word_1_21' title='bbox 1259 349 1310 403; x_wconf 86' lang='lat' dir='ltr'><strong><em>per</em></strong></span> <span class='ocrx_word' id='word_1_22' title='bbox 1332 335 1389 388; x_wconf 89' lang='lat' dir='ltr'><strong><em>loca</em></strong></span> <span class='ocrx_word' id='word_1_23' title='bbox 1411 336 1436 389; x_wconf 89' lang='lat' dir='ltr'><strong><em>et</em></strong></span> <span class='ocrx_word' id='word_1_24' title='bbox 1455 333 1617 404; x_wconf 78' lang='lat' dir='ltr'><strong><em>pestilentia</em></strong></span> <span class='ocrx_word' id='word_1_25' title='bbox 1638 339 1663 389; x_wconf 91' lang='lat' dir='ltr'><strong><em>et</em></strong></span> <span class='ocrx_word' id='word_1_26' title='bbox 1682 336 1781 402; x_wconf 72' lang='lat' dir='ltr'><strong><em>termes,</em></strong></span> 
     </span>
     <span class='ocr_line' id='line_1_3' title="bbox 90 423 1780 496; baseline 0.001 -20"><span class='ocrx_word' id='word_1_27' title='bbox 90 437 141 476; x_wconf 82' lang='lat' dir='ltr'><strong><em>uec</em></strong></span> <span class='ocrx_word' id='word_1_28' title='bbox 163 424 310 478; x_wconf 87' lang='lat' dir='ltr'><strong><em>insolenter</em></strong></span> <span class='ocrx_word' id='word_1_29' title='bbox 328 439 381 494; x_wconf 87' lang='lat' dir='ltr'><strong><em>pro</em></strong></span> <span class='ocrx_word' id='word_1_30' title='bbox 402 425 526 480; x_wconf 88' lang='lat' dir='ltr'><strong><em>secundis</em></strong></span> <span class='ocrx_word' id='word_1_31' title='bbox 544 427 682 481; x_wconf 77' lang='lat' dir='ltr'><strong><em>eventibus</em></strong></span> <span class='ocrx_word' id='word_1_32' title='bbox 696 429 839 496; x_wconf 78' lang='lat' dir='ltr'><strong><em>praesentis</em></strong></span> <span class='ocrx_word' id='word_1_33' title='bbox 854 431 917 483; x_wconf 86' lang='lat' dir='ltr'><strong><em>vitae</em></strong></span> <span class='ocrx_word' id='word_1_34' title='bbox 967 428 1132 494; x_wconf 77' lang='lat' dir='ltr'><strong><em>terroresque</em></strong></span> <span class='ocrx_word' id='word_1_35' title='bbox 1146 423 1179 477; x_wconf 88' lang='lat' dir='ltr'><strong><em>dc</em></strong></span> <span class='ocrx_word' id='word_1_36' title='bbox 1193 423 1268 487; x_wconf 88' lang='lat' dir='ltr'><strong><em>coelo,</em></strong></span> <span class='ocrx_word' id='word_1_37' title='bbox 1284 429 1309 478; x_wconf 88' lang='lat' dir='ltr'><strong><em>ct</em></strong></span> <span class='ocrx_word' id='word_1_38' title='bbox 1323 424 1402 492; x_wconf 84' lang='lat' dir='ltr'><strong><em>siqua</em></strong></span> <span class='ocrx_word' id='word_1_39' title='bbox 1415 436 1516 493; x_wconf 88' lang='lat' dir='ltr'><strong><em>maqna</em></strong></span> <span class='ocrx_word' id='word_1_40' title='bbox 1531 427 1610 478; x_wconf 88' lang='lat' dir='ltr'><strong><em>erunt</em></strong></span> <span class='ocrx_word' id='word_1_41' title='bbox 1623 424 1710 494; x_wconf 82' lang='lat' dir='ltr'><strong><em>(Luc,</em></strong></span> <span class='ocrx_word' id='word_1_42' title='bbox 1724 438 1780 492; x_wconf 79' lang='lat' dir='ltr'><strong><em>xxi,</em></strong></span> 
     </span>
     <span class='ocr_line' id='line_1_4' title="bbox 90 514 1051 592; baseline 0.011 -22"><span class='ocrx_word' id='word_1_43' title='bbox 90 531 139 571; x_wconf 85' lang='lat' dir='ltr'><strong><em>ros</em></strong></span> <span class='ocrx_word' id='word_1_44' title='bbox 155 517 295 572; x_wconf 73' lang='lat' dir='ltr'><strong><em>lethaliter</em></strong></span> <span class='ocrx_word' id='word_1_45' title='bbox 308 519 460 573; x_wconf 81' lang='lat' dir='ltr'><strong><em>obdormire</em></strong></span> <span class='ocrx_word' id='word_1_46' title='bbox 472 520 606 575; x_wconf 90' lang='lat' dir='ltr'><strong><em>suadeant</em></strong></span> <span class='ocrx_word' id='word_1_47' title='bbox 619 522 648 574; x_wconf 91' lang='lat' dir='ltr'><strong><em>iu</em></strong></span> <span class='ocrx_word' id='word_1_48' title='bbox 660 521 800 576; x_wconf 81' lang='lat' dir='ltr'><strong><em>inundana</em></strong></span> <span class='ocrx_word' id='word_1_49' title='bbox 810 537 918 592; x_wconf 86' lang='lat' dir='ltr'><strong><em>prospe·</em></strong></span> <span class='ocrx_word' id='word_1_50' title='bbox 968 514 1022 581; x_wconf 80' lang='grc' dir='ltr'><strong><em>Η)·</em></strong></span> <span class='ocrx_word' id='word_1_51' title='bbox 1039 531 1051 563; x_wconf 80' lang='lat'><strong><em>‘¹</em></strong></span> 
     </span>
    </p>

    <p class='ocr_par' dir='ltr' id='par_1_3' title="bbox 88 605 1874 5728">
     <span class='ocr_line' id='line_1_5' title="bbox 92 605 1720 685; baseline -0.003 -21"><span class='ocrx_word' id='word_1_52' title='bbox 92 613 190 666; x_wconf 88' lang='lat' dir='ltr'><strong><em>ritate.</em></strong></span> <span class='ocrx_word' id='word_1_53' title='bbox 213 612 246 668; x_wconf 90' lang='lat' dir='ltr'><strong><em>Si</em></strong></span> <span class='ocrx_word' id='word_1_54' title='bbox 262 614 367 667; x_wconf 87' lang='lat' dir='ltr'><strong><em>vicistis</em></strong></span> <span class='ocrx_word' id='word_1_55' title='bbox 390 614 494 681; x_wconf 80' lang='lat' dir='ltr'><strong><em>Anqlos</em></strong></span> <span class='ocrx_word' id='word_1_56' title='bbox 513 616 543 667; x_wconf 89' lang='lat' dir='ltr'><strong><em>in</em></strong></span> <span class='ocrx_word' id='word_1_57' title='bbox 563 617 753 683; x_wconf 62' lang='lat' dir='ltr'><strong><em>congressione,</em></strong></span> <span class='ocrx_word' id='word_1_58' title='bbox 772 630 853 685; x_wconf 90' lang='lat' dir='ltr'><strong><em>super</em></strong></span> <span class='ocrx_word' id='word_1_59' title='bbox 870 615 917 670; x_wconf 88' lang='lat' dir='ltr'><strong><em>hoe</em></strong></span> <span class='ocrx_word' id='word_1_60' title='bbox 1030 605 1157 661; x_wconf 76' lang='lat' dir='ltr'><strong><em>Cladibus</em></strong></span> <span class='ocrx_word' id='word_1_61' title='bbox 1171 609 1317 662; x_wconf 79' lang='lat' dir='ltr'><strong><em>innumeris</em></strong></span> <span class='ocrx_word' id='word_1_62' title='bbox 1327 610 1512 678; x_wconf 76' lang='lat' dir='ltr'><strong><em>prensitursic</em></strong></span> <span class='ocrx_word' id='word_1_63' title='bbox 1522 608 1626 678; x_wconf 72' lang='lat' dir='ltr'><strong><em>iupiter</em></strong></span> <span class='ocrx_word' id='word_1_64' title='bbox 1639 609 1720 663; x_wconf 86' lang='lat' dir='ltr'><strong><em>vrbis.</em></strong></span> 
     </span>
     <span class='ocr_line' id='line_1_6' title="bbox 90 704 1781 778; baseline 0.004 -20"><span class='ocrx_word' id='word_1_65' title='bbox 90 704 234 774; x_wconf 75' lang='lat' dir='ltr'><strong><em>superbire</em></strong></span> <span class='ocrx_word' id='word_1_66' title='bbox 257 706 354 772; x_wconf 87' lang='lat' dir='ltr'><strong><em>nolite;</em></strong></span> <span class='ocrx_word' id='word_1_67' title='bbox 375 707 423 761; x_wconf 91' lang='lat' dir='ltr'><strong><em>sed</em></strong></span> <span class='ocrx_word' id='word_1_68' title='bbox 441 708 595 777; x_wconf 86' lang='lat' dir='ltr'><strong><em>spiritualis</em></strong></span> <span class='ocrx_word' id='word_1_69' title='bbox 616 711 743 778; x_wconf 75' lang='lat' dir='ltr'><strong><em>nequitie</em></strong></span> <span class='ocrx_word' id='word_1_70' title='bbox 758 712 868 776; x_wconf 81' lang='lat' dir='ltr'><strong><em>qruvius</em></strong></span> <span class='ocrx_word' id='word_1_71' title='bbox 887 725 918 764; x_wconf 86' lang='lat' dir='ltr'><strong><em>ac</em></strong></span> <span class='ocrx_word' id='word_1_72' title='bbox 1003 709 1051 762; x_wconf 86' lang='lat' dir='ltr'><strong><em>His</em></strong></span> <span class='ocrx_word' id='word_1_73' title='bbox 1066 714 1091 764; x_wconf 88' lang='lat' dir='ltr'><strong><em>et</em></strong></span> <span class='ocrx_word' id='word_1_74' title='bbox 1102 711 1194 764; x_wconf 76' lang='lat' dir='ltr'><strong><em>inultis</em></strong></span> <span class='ocrx_word' id='word_1_75' title='bbox 1207 710 1391 778; x_wconf 86' lang='lat' dir='ltr'><strong><em>hujuscemodi</em></strong></span> <span class='ocrx_word' id='word_1_76' title='bbox 1405 711 1538 766; x_wconf 88' lang='lat' dir='ltr'><strong><em>rotatibus</em></strong></span> <span class='ocrx_word' id='word_1_77' title='bbox 1551 713 1581 764; x_wconf 86' lang='lat' dir='ltr'><strong><em>iu</em></strong></span> <span class='ocrx_word' id='word_1_78' title='bbox 1593 713 1673 766; x_wconf 80' lang='lat' dir='ltr'><strong><em>nebris</em></strong></span> <span class='ocrx_word' id='word_1_79' title='bbox 1684 712 1781 766; x_wconf 91' lang='lat' dir='ltr'><strong><em>huma·</em></strong></span> 
     </span>
     <span class='ocr_line' id='line_1_7' title="bbox 88 799 1782 873; baseline 0.005 -23"><span class='ocrx_word' id='word_1_80' title='bbox 88 799 273 868; x_wconf 87' lang='lat' dir='ltr'><strong><em>periculosius</em></strong></span> <span class='ocrx_word' id='word_1_81' title='bbox 285 804 420 854; x_wconf 87' lang='lat' dir='ltr'><strong><em>certamen</em></strong></span> <span class='ocrx_word' id='word_1_82' title='bbox 433 802 542 855; x_wconf 89' lang='lat' dir='ltr'><strong><em>cautius</em></strong></span> <span class='ocrx_word' id='word_1_83' title='bbox 555 803 639 869; x_wconf 82' lang='lat' dir='ltr'><strong><em>oqite,</em></strong></span> <span class='ocrx_word' id='word_1_84' title='bbox 651 803 724 871; x_wconf 89' lang='lat' dir='ltr'><strong><em>quod</em></strong></span> <span class='ocrx_word' id='word_1_85' title='bbox 733 806 817 857; x_wconf 89' lang='lat' dir='ltr'><strong><em>restat</em></strong></span> <span class='ocrx_word' id='word_1_86' title='bbox 828 803 917 857; x_wconf 86' lang='lat' dir='ltr'><strong><em>adhue</em></strong></span> <span class='ocrx_word' id='word_1_87' title='bbox 966 805 1009 856; x_wconf 90' lang='lat' dir='ltr'><strong><em>nis</em></strong></span> <span class='ocrx_word' id='word_1_88' title='bbox 1031 802 1141 857; x_wconf 83' lang='lat' dir='ltr'><strong><em>solerter</em></strong></span> <span class='ocrx_word' id='word_1_89' title='bbox 1161 804 1298 873; x_wconf 87' lang='lat' dir='ltr'><strong><em>inspeetis,</em></strong></span> <span class='ocrx_word' id='word_1_90' title='bbox 1321 819 1375 857; x_wconf 90' lang='lat' dir='ltr'><strong><em>non</em></strong></span> <span class='ocrx_word' id='word_1_91' title='bbox 1395 806 1425 857; x_wconf 86' lang='lat' dir='ltr'><strong><em>in</em></strong></span> <span class='ocrx_word' id='word_1_92' title='bbox 1443 819 1470 858; x_wconf 90' lang='lat' dir='ltr'><strong><em>se</em></strong></span> <span class='ocrx_word' id='word_1_93' title='bbox 1488 804 1619 873; x_wconf 87' lang='lat' dir='ltr'><strong><em>qlorietur</em></strong></span> <span class='ocrx_word' id='word_1_94' title='bbox 1641 805 1728 858; x_wconf 88' lang='lat' dir='ltr'><strong><em>vietor</em></strong></span> <span class='ocrx_word' id='word_1_95' title='bbox 1749 803 1782 859; x_wconf 89' lang='lat' dir='ltr'><strong><em>de</em></strong></span> 
     </span>
     <span class='ocr_line' id='line_1_8' title="bbox 92 894 1782 967; baseline 0.003 -21"><span class='ocrx_word' id='word_1_96' title='bbox 92 898 117 946; x_wconf 92' lang='lat' dir='ltr'><strong><em>et</em></strong></span> <span class='ocrx_word' id='word_1_97' title='bbox 130 894 257 947; x_wconf 84' lang='lat' dir='ltr'><strong><em>imminet</em></strong></span> <span class='ocrx_word' id='word_1_98' title='bbox 274 894 350 948; x_wconf 88' lang='lat' dir='ltr'><strong><em>vobis</em></strong></span> <span class='ocrx_word' id='word_1_99' title='bbox 370 894 501 963; x_wconf 87' lang='lat' dir='ltr'><strong><em>quotidie.</em></strong></span> <span class='ocrx_word' id='word_1_100' title='bbox 522 897 685 949; x_wconf 78' lang='lat' dir='ltr'><strong><em>Mutritiones</em></strong></span> <span class='ocrx_word' id='word_1_101' title='bbox 702 911 846 965; x_wconf 80' lang='lat' dir='ltr'><strong><em>coquorum</em></strong></span> <span class='ocrx_word' id='word_1_102' title='bbox 864 899 918 963; x_wconf 79' lang='lat' dir='ltr'><strong><em>fre·</em></strong></span> <span class='ocrx_word' id='word_1_103' title='bbox 965 897 1047 949; x_wconf 88' lang='lat' dir='ltr'><strong><em>ruina</em></strong></span> <span class='ocrx_word' id='word_1_104' title='bbox 1065 899 1212 966; x_wconf 89' lang='lat' dir='ltr'><strong><em>comparis‚·</em></strong></span> <span class='ocrx_word' id='word_1_105' title='bbox 1233 898 1298 966; x_wconf 86' lang='lat' dir='ltr'><strong><em>quia</em></strong></span> <span class='ocrx_word' id='word_1_106' title='bbox 1321 912 1368 951; x_wconf 90' lang='lat' dir='ltr'><strong><em>nec</em></strong></span> <span class='ocrx_word' id='word_1_107' title='bbox 1390 900 1445 966; x_wconf 90' lang='lat' dir='ltr'><strong><em>ipse</em></strong></span> <span class='ocrx_word' id='word_1_108' title='bbox 1463 898 1556 960; x_wconf 87' lang='lat' dir='ltr'><strong><em>stabit,</em></strong></span> <span class='ocrx_word' id='word_1_109' title='bbox 1577 899 1630 952; x_wconf 91' lang='lat' dir='ltr'><strong><em>nisi</em></strong></span> <span class='ocrx_word' id='word_1_110' title='bbox 1649 900 1782 967; x_wconf 88' lang='lat' dir='ltr'><strong><em>quantum</em></strong></span> 
     </span>
     <span class='ocr_line' id='line_1_9' title="bbox 92 986 1783 1059; baseline 0.003 -20"><span class='ocrx_word' id='word_1_111' title='bbox 92 990 209 1054; x_wconf 75' lang='lat' dir='ltr'><strong><em>quanter</em></strong></span> <span class='ocrx_word' id='word_1_112' title='bbox 228 986 312 1052; x_wconf 76' lang='lat' dir='ltr'><strong><em>factae</em></strong></span> <span class='ocrx_word' id='word_1_113' title='bbox 331 990 396 1041; x_wconf 89' lang='lat' dir='ltr'><strong><em>sunt</em></strong></span> <span class='ocrx_word' id='word_1_114' title='bbox 414 989 444 1040; x_wconf 86' lang='lat' dir='ltr'><strong><em>in</em></strong></span> <span class='ocrx_word' id='word_1_115' title='bbox 464 988 525 1042; x_wconf 89' lang='lat' dir='ltr'><strong><em>orbe</em></strong></span> <span class='ocrx_word' id='word_1_116' title='bbox 548 992 693 1051; x_wconf 87' lang='lat' dir='ltr'><strong><em>terrarum,</em></strong></span> <span class='ocrx_word' id='word_1_117' title='bbox 710 992 780 1044; x_wconf 82' lang='lat' dir='ltr'><strong><em>sicea</em></strong></span> <span class='ocrx_word' id='word_1_118' title='bbox 799 992 918 1059; x_wconf 82' lang='lat' dir='ltr'><strong><em>sparsim</em></strong></span> <span class='ocrx_word' id='word_1_119' title='bbox 962 989 1076 1057; x_wconf 86' lang='lat' dir='ltr'><strong><em>jusserit</em></strong></span> <span class='ocrx_word' id='word_1_120' title='bbox 1089 989 1229 1058; x_wconf 78' lang='lat' dir='ltr'><strong><em>dispositio</em></strong></span> <span class='ocrx_word' id='word_1_121' title='bbox 1244 990 1406 1046; x_wconf 82' lang='lat' dir='ltr'><strong><em>Conditoris.</em></strong></span> <span class='ocrx_word' id='word_1_122' title='bbox 1427 991 1628 1046; x_wconf 80' lang='lat' dir='ltr'><strong><em>Conuersionem</em></strong></span> <span class='ocrx_word' id='word_1_123' title='bbox 1642 991 1783 1045; x_wconf 88' lang='lat' dir='ltr'><strong><em>locationis</em></strong></span> 
     </span>
     <span class='ocr_line' id='line_1_10' title="bbox 93 1079 1783 1153; baseline 0.003 -22"><span class='ocrx_word' id='word_1_124' title='bbox 93 1079 210 1146; x_wconf 84' lang='lat' dir='ltr'><strong><em>leqimus</em></strong></span> <span class='ocrx_word' id='word_1_125' title='bbox 227 1079 419 1150; x_wconf 83' lang='lat' dir='ltr'><strong><em>multiplicium</em></strong></span> <span class='ocrx_word' id='word_1_126' title='bbox 437 1096 489 1150; x_wconf 88' lang='lat' dir='ltr'><strong><em>per</em></strong></span> <span class='ocrx_word' id='word_1_127' title='bbox 506 1096 613 1152; x_wconf 86' lang='lat' dir='ltr'><strong><em>campos</em></strong></span> <span class='ocrx_word' id='word_1_128' title='bbox 626 1083 840 1151; x_wconf 74' lang='lat' dir='ltr'><strong><em>seripturarum,</em></strong></span> <span class='ocrx_word' id='word_1_129' title='bbox 861 1087 918 1153; x_wconf 88' lang='lat' dir='ltr'><strong><em>qui·</em></strong></span> <span class='ocrx_word' id='word_1_130' title='bbox 966 1098 1031 1135; x_wconf 78' lang='lat' dir='ltr'><strong><em>mea</em></strong></span> <span class='ocrx_word' id='word_1_131' title='bbox 1043 1097 1114 1136; x_wconf 78' lang='lat' dir='ltr'><strong><em>rauna</em></strong></span> <span class='ocrx_word' id='word_1_132' title='bbox 1127 1083 1165 1136; x_wconf 90' lang='lat' dir='ltr'><strong><em>ad</em></strong></span> <span class='ocrx_word' id='word_1_133' title='bbox 1177 1087 1211 1144; x_wconf 89' lang='lat' dir='ltr'><strong><em>te,</em></strong></span> <span class='ocrx_word' id='word_1_134' title='bbox 1226 1098 1309 1151; x_wconf 85' lang='lat' dir='ltr'><strong><em>oren,</em></strong></span> <span class='ocrx_word' id='word_1_135' title='bbox 1323 1085 1441 1149; x_wconf 72' lang='lat' dir='ltr'><strong><em>tocirrm;</em></strong></span> <span class='ocrx_word' id='word_1_136' title='bbox 1457 1100 1539 1152; x_wconf 89' lang='lat' dir='ltr'><strong><em>quam</em></strong></span> <span class='ocrx_word' id='word_1_137' title='bbox 1553 1091 1592 1148; x_wconf 90' lang='lat' dir='ltr'><strong><em>ta,</em></strong></span> <span class='ocrx_word' id='word_1_138' title='bbox 1614 1098 1711 1153; x_wconf 80' lang='lat' dir='ltr'><strong><em>queso,</em></strong></span> <span class='ocrx_word' id='word_1_139' title='bbox 1733 1084 1783 1136; x_wconf 90' lang='lat' dir='ltr'><strong><em>tibi</em></strong></span> 
     </span>
     <span class='ocr_line' id='line_1_11' title="bbox 92 1173 1782 1246; baseline 0.004 -22"><span class='ocrx_word' id='word_1_140' title='bbox 92 1173 142 1227; x_wconf 90' lang='lat' dir='ltr'><strong><em>bas</em></strong></span> <span class='ocrx_word' id='word_1_141' title='bbox 157 1173 316 1227; x_wconf 88' lang='lat' dir='ltr'><strong><em>liberalium</em></strong></span> <span class='ocrx_word' id='word_1_142' title='bbox 331 1191 348 1227; x_wconf 91' lang='lat' dir='ltr'><strong><em>a</em></strong></span> <span class='ocrx_word' id='word_1_143' title='bbox 361 1176 415 1230; x_wconf 83' lang='lat' dir='ltr'><strong><em>Deo</em></strong></span> <span class='ocrx_word' id='word_1_144' title='bbox 428 1177 568 1244; x_wconf 85' lang='lat' dir='ltr'><strong><em>impertito</em></strong></span> <span class='ocrx_word' id='word_1_145' title='bbox 583 1180 621 1230; x_wconf 92' lang='lat' dir='ltr'><strong><em>est</em></strong></span> <span class='ocrx_word' id='word_1_146' title='bbox 635 1178 736 1230; x_wconf 87' lang='lat' dir='ltr'><strong><em>notitia</em></strong></span> <span class='ocrx_word' id='word_1_147' title='bbox 751 1177 915 1231; x_wconf 87' lang='lat' dir='ltr'><strong><em>litterarum.</em></strong></span> <span class='ocrx_word' id='word_1_148' title='bbox 968 1176 1117 1242; x_wconf 84' lang='lat' dir='ltr'><strong><em>beniqniter</em></strong></span> <span class='ocrx_word' id='word_1_149' title='bbox 1134 1176 1246 1230; x_wconf 80' lang='lat' dir='ltr'><strong><em>hrrurias</em></strong></span> <span class='ocrx_word' id='word_1_150' title='bbox 1263 1183 1376 1246; x_wconf 89' lang='lat' dir='ltr'><strong><em>propter</em></strong></span> <span class='ocrx_word' id='word_1_151' title='bbox 1392 1178 1506 1232; x_wconf 88' lang='lat' dir='ltr'><strong><em>sulutem</em></strong></span> <span class='ocrx_word' id='word_1_152' title='bbox 1528 1183 1664 1231; x_wconf 77' lang='lat' dir='ltr'><strong><em>aternam.</em></strong></span> <span class='ocrx_word' id='word_1_153' title='bbox 1683 1177 1782 1234; x_wconf 86' lang='lat' dir='ltr'><strong><em>Nullus</em></strong></span> 
     </span>
     <span class='ocr_line' id='line_1_12' title="bbox 93 1266 1845 1341; baseline 0.002 -21"><span class='ocrx_word' id='word_1_154' title='bbox 93 1266 246 1334; x_wconf 75' lang='lat' dir='ltr'><strong><em>Babylonii</em></strong></span> <span class='ocrx_word' id='word_1_155' title='bbox 277 1267 326 1321; x_wconf 92' lang='lat' dir='ltr'><strong><em>sub</em></strong></span> <span class='ocrx_word' id='word_1_156' title='bbox 358 1268 602 1324; x_wconf 76' lang='lat' dir='ltr'><strong><em>Nabuchodonosor</em></strong></span> <span class='ocrx_word' id='word_1_157' title='bbox 637 1285 698 1338; x_wconf 87' lang='lat' dir='ltr'><strong><em>reqe</em></strong></span> <span class='ocrx_word' id='word_1_158' title='bbox 733 1271 856 1324; x_wconf 80' lang='lat' dir='ltr'><strong><em>ludaecrm</em></strong></span> <span class='ocrx_word' id='word_1_159' title='bbox 892 1275 918 1324; x_wconf 92' lang='lat' dir='ltr'><strong><em>et</em></strong></span> <span class='ocrx_word' id='word_1_160' title='bbox 966 1273 1076 1337; x_wconf 88' lang='lat' dir='ltr'><strong><em>patrum</em></strong></span> <span class='ocrx_word' id='word_1_161' title='bbox 1090 1274 1197 1323; x_wconf 89' lang='lat' dir='ltr'><strong><em>tuorum</em></strong></span> <span class='ocrx_word' id='word_1_162' title='bbox 1210 1274 1273 1324; x_wconf 85' lang='lat' dir='ltr'><strong><em>ante</em></strong></span> <span class='ocrx_word' id='word_1_163' title='bbox 1286 1271 1412 1339; x_wconf 88' lang='lat' dir='ltr'><strong><em>tereqvle</em></strong></span> <span class='ocrx_word' id='word_1_164' title='bbox 1426 1276 1537 1325; x_wconf 88' lang='lat' dir='ltr'><strong><em>stemma</em></strong></span> <span class='ocrx_word' id='word_1_165' title='bbox 1555 1272 1643 1337; x_wconf 85' lang='lat' dir='ltr'><strong><em>qessit,</em></strong></span> <span class='ocrx_word' id='word_1_166' title='bbox 1661 1285 1707 1324; x_wconf 88' lang='lat' dir='ltr'><strong><em>nec</em></strong></span> <span class='ocrx_word' id='word_1_167' title='bbox 1725 1270 1780 1323; x_wconf 82' lang='lat' dir='ltr'><strong><em>ha·</em></strong></span> <span class='ocrx_word' id='word_1_168' title='bbox 1835 1330 1845 1341; x_wconf 21' lang='lat' dir='ltr'><strong><em>q</em></strong></span> 
     </span>
     <span class='ocr_line' id='line_1_13' title="bbox 94 1360 1781 1434; baseline 0.003 -22"><span class='ocrx_word' id='word_1_169' title='bbox 94 1361 247 1429; x_wconf 67' lang='lat' dir='ltr'><strong><em>,quqptum</em></strong></span> <span class='ocrx_word' id='word_1_170' title='bbox 266 1365 292 1413; x_wconf 92' lang='lat' dir='ltr'><strong><em>et</em></strong></span> <span class='ocrx_word' id='word_1_171' title='bbox 309 1360 368 1414; x_wconf 79' lang='lat' dir='ltr'><strong><em>alies</em></strong></span> <span class='ocrx_word' id='word_1_172' title='bbox 386 1376 470 1430; x_wconf 89' lang='lat' dir='ltr'><strong><em>rcqna</em></strong></span> <span class='ocrx_word' id='word_1_173' title='bbox 483 1362 536 1414; x_wconf 88' lang='lat' dir='ltr'><strong><em>sibi</em></strong></span> <span class='ocrx_word' id='word_1_174' title='bbox 545 1361 668 1431; x_wconf 88' lang='lat' dir='ltr'><strong><em>plurimu</em></strong></span> <span class='ocrx_word' id='word_1_175' title='bbox 679 1363 856 1430; x_wconf 74' lang='lat' dir='ltr'><strong><em>subcqerunt5</em></strong></span> <span class='ocrx_word' id='word_1_176' title='bbox 871 1362 918 1417; x_wconf 89' lang='lat' dir='ltr'><strong><em>sed</em></strong></span> <span class='ocrx_word' id='word_1_177' title='bbox 966 1362 1097 1416; x_wconf 86' lang='lat' dir='ltr'><strong><em>reditario</em></strong></span> <span class='ocrx_word' id='word_1_178' title='bbox 1105 1362 1172 1429; x_wconf 86' lang='lat' dir='ltr'><strong><em>jure</em></strong></span> <span class='ocrx_word' id='word_1_179' title='bbox 1185 1368 1291 1417; x_wconf 89' lang='lat' dir='ltr'><strong><em>tontum</em></strong></span> <span class='ocrx_word' id='word_1_180' title='bbox 1304 1364 1383 1417; x_wconf 87' lang='lat' dir='ltr'><strong><em>decvs</em></strong></span> <span class='ocrx_word' id='word_1_181' title='bbox 1395 1364 1585 1434; x_wconf 90' lang='lat' dir='ltr'><strong><em>tibiprovenit,</em></strong></span> <span class='ocrx_word' id='word_1_182' title='bbox 1599 1363 1646 1418; x_wconf 90' lang='lat' dir='ltr'><strong><em>sed</em></strong></span> <span class='ocrx_word' id='word_1_183' title='bbox 1657 1365 1781 1433; x_wconf 85' lang='lat' dir='ltr'><strong><em>qrntuita</em></strong></span> 
     </span>
     <span class='ocr_line' id='line_1_14' title="bbox 91 1455 1777 1525; baseline 0.003 -20"><span class='ocrx_word' id='word_1_184' title='bbox 91 1459 156 1520; x_wconf 86' lang='lat' dir='ltr'><strong><em>post</em></strong></span> <span class='ocrx_word' id='word_1_185' title='bbox 183 1468 236 1506; x_wconf 75' lang='lat' dir='ltr'><strong><em>axx</em></strong></span> <span class='ocrx_word' id='word_1_186' title='bbox 260 1468 346 1508; x_wconf 81' lang='lat' dir='ltr'><strong><em>cennos</em></strong></span> <span class='ocrx_word' id='word_1_187' title='bbox 365 1456 430 1523; x_wconf 88' lang='lat' dir='ltr'><strong><em>ipsi,</em></strong></span> <span class='ocrx_word' id='word_1_188' title='bbox 455 1455 602 1510; x_wconf 77' lang='lat' dir='ltr'><strong><em>balthasar</em></strong></span> <span class='ocrx_word' id='word_1_189' title='bbox 624 1470 684 1524; x_wconf 87' lang='lat' dir='ltr'><strong><em>reqe</em></strong></span> <span class='ocrx_word' id='word_1_190' title='bbox 707 1471 765 1517; x_wconf 88' lang='lat' dir='ltr'><strong><em>suo,</em></strong></span> <span class='ocrx_word' id='word_1_191' title='bbox 791 1472 808 1508; x_wconf 88' lang='lat' dir='ltr'><strong><em>a</em></strong></span> <span class='ocrx_word' id='word_1_192' title='bbox 832 1456 917 1511; x_wconf 82' lang='lat' dir='ltr'><strong><em>Medis</em></strong></span> <span class='ocrx_word' id='word_1_193' title='bbox 968 1455 1310 1525; x_wconf 81' lang='lat' dir='ltr'><strong><em>larqitioneommpotcntis</em></strong></span> <span class='ocrx_word' id='word_1_194' title='bbox 1324 1458 1381 1523; x_wconf 85' lang='lat' dir='ltr'><strong><em>Dei,</em></strong></span> <span class='ocrx_word' id='word_1_195' title='bbox 1396 1461 1421 1510; x_wconf 93' lang='lat' dir='ltr'><strong><em>ct</em></strong></span> <span class='ocrx_word' id='word_1_196' title='bbox 1438 1459 1560 1511; x_wconf 89' lang='lat' dir='ltr'><strong><em>amicitia</em></strong></span> <span class='ocrx_word' id='word_1_197' title='bbox 1579 1457 1777 1510; x_wconf 82' lang='lat' dir='ltr'><strong><em>Eduardicon·</em></strong></span> 
     </span>
     <span class='ocr_line' id='line_1_15' title="bbox 94 1547 1781 1621; baseline 0.003 -22"><span class='ocrx_word' id='word_1_198' title='bbox 94 1551 119 1599; x_wconf 91' lang='lat' dir='ltr'><strong><em>et</em></strong></span> <span class='ocrx_word' id='word_1_199' title='bbox 142 1548 245 1621; x_wconf 79' lang='lat' dir='ltr'><strong><em>Persis,</em></strong></span> <span class='ocrx_word' id='word_1_200' title='bbox 271 1547 369 1615; x_wconf 80' lang='lat' dir='ltr'><strong><em>quibus</em></strong></span> <span class='ocrx_word' id='word_1_201' title='bbox 390 1553 528 1617; x_wconf 75' lang='lat' dir='ltr'><strong><em>praeerunt</em></strong></span> <span class='ocrx_word' id='word_1_202' title='bbox 555 1550 652 1602; x_wconf 71' lang='lat' dir='ltr'><strong><em>Decrius</em></strong></span> <span class='ocrx_word' id='word_1_203' title='bbox 673 1552 698 1602; x_wconf 91' lang='lat' dir='ltr'><strong><em>et</em></strong></span> <span class='ocrx_word' id='word_1_204' title='bbox 724 1549 809 1617; x_wconf 83' lang='lat' dir='ltr'><strong><em>quus</em></strong></span> <span class='ocrx_word' id='word_1_205' title='bbox 837 1564 917 1619; x_wconf 87' lang='lat' dir='ltr'><strong><em>nepos</em></strong></span> <span class='ocrx_word' id='word_1_206' title='bbox 967 1550 1109 1616; x_wconf 86' lang='lat' dir='ltr'><strong><em>sanquinci</em></strong></span> <span class='ocrx_word' id='word_1_207' title='bbox 1132 1551 1181 1602; x_wconf 89' lang='lat' dir='ltr'><strong><em>tui.</em></strong></span> <span class='ocrx_word' id='word_1_208' title='bbox 1204 1549 1332 1617; x_wconf 85' lang='lat' dir='ltr'><strong><em>Edqarns</em></strong></span> <span class='ocrx_word' id='word_1_209' title='bbox 1353 1550 1499 1611; x_wconf 71' lang='lat' dir='ltr'><strong><em>adelinus,</em></strong></span> <span class='ocrx_word' id='word_1_210' title='bbox 1519 1551 1620 1619; x_wconf 88' lang='lat' dir='ltr'><strong><em>aliique</em></strong></span> <span class='ocrx_word' id='word_1_211' title='bbox 1636 1549 1729 1619; x_wconf 88' lang='lat' dir='ltr'><strong><em>plures</em></strong></span> <span class='ocrx_word' id='word_1_212' title='bbox 1748 1564 1781 1604; x_wconf 74' lang='lat' dir='ltr'><strong><em>ea·</em></strong></span> 
     </span>
     <span class='ocr_line' id='line_1_16' title="bbox 94 1639 1779 1713; baseline 0.003 -21"><span class='ocrx_word' id='word_1_213' title='bbox 94 1639 160 1706; x_wconf 75' lang='lat' dir='ltr'><strong><em>ejus,</em></strong></span> <span class='ocrx_word' id='word_1_214' title='bbox 185 1641 256 1692; x_wconf 87' lang='lat' dir='ltr'><strong><em>victi</em></strong></span> <span class='ocrx_word' id='word_1_215' title='bbox 273 1646 298 1694; x_wconf 91' lang='lat' dir='ltr'><strong><em>et</em></strong></span> <span class='ocrx_word' id='word_1_216' title='bbox 316 1641 456 1709; x_wconf 84' lang='lat' dir='ltr'><strong><em>subjuqati</em></strong></span> <span class='ocrx_word' id='word_1_217' title='bbox 473 1646 545 1695; x_wconf 75' lang='lat' dir='ltr'><strong><em>sunit.</em></strong></span> <span class='ocrx_word' id='word_1_218' title='bbox 569 1641 672 1695; x_wconf 86' lang='lat' dir='ltr'><strong><em>Deinde</em></strong></span> <span class='ocrx_word' id='word_1_219' title='bbox 691 1642 739 1696; x_wconf 89' lang='lat' dir='ltr'><strong><em>sub</em></strong></span> <span class='ocrx_word' id='word_1_220' title='bbox 759 1643 916 1697; x_wconf 82' lang='lat' dir='ltr'><strong><em>Alenandro</em></strong></span> <span class='ocrx_word' id='word_1_221' title='bbox 968 1643 1041 1697; x_wconf 89' lang='lat' dir='ltr'><strong><em>linea</em></strong></span> <span class='ocrx_word' id='word_1_222' title='bbox 1060 1642 1157 1710; x_wconf 83' lang='lat' dir='ltr'><strong><em>rcqnlis</em></strong></span> <span class='ocrx_word' id='word_1_223' title='bbox 1171 1645 1309 1713; x_wconf 81' lang='lat' dir='ltr'><strong><em>prosapiae</em></strong></span> <span class='ocrx_word' id='word_1_224' title='bbox 1329 1646 1392 1705; x_wconf 88' lang='lat' dir='ltr'><strong><em>orti,</em></strong></span> <span class='ocrx_word' id='word_1_225' title='bbox 1407 1644 1551 1697; x_wconf 88' lang='lat' dir='ltr'><strong><em>secundum</em></strong></span> <span class='ocrx_word' id='word_1_226' title='bbox 1569 1645 1638 1712; x_wconf 84' lang='lat' dir='ltr'><strong><em>leqes</em></strong></span> <span class='ocrx_word' id='word_1_227' title='bbox 1656 1643 1779 1698; x_wconf 84' lang='lat' dir='ltr'><strong><em>llebcaeo-</em></strong></span> 
     </span>
     <span class='ocr_line' id='line_1_17' title="bbox 94 1714 1782 1806; baseline 0.002 -19"><span class='ocrx_word' id='word_1_228' title='bbox 94 1734 195 1799; x_wconf 77' lang='lat' dir='ltr'><strong><em>itaquo</em></strong></span> <span class='ocrx_word' id='word_1_229' title='bbox 214 1733 386 1795; x_wconf 77' lang='lat' dir='ltr'><strong><em>Macedones,</em></strong></span> <span class='ocrx_word' id='word_1_230' title='bbox 402 1738 460 1803; x_wconf 90' lang='lat' dir='ltr'><strong><em>post</em></strong></span> <span class='ocrx_word' id='word_1_231' title='bbox 477 1750 561 1788; x_wconf 81' lang='lat' dir='ltr'>ccxxx</span> <span class='ocrx_word' id='word_1_232' title='bbox 581 1750 676 1796; x_wconf 86' lang='lat' dir='ltr'><strong><em>annos,</em></strong></span> <span class='ocrx_word' id='word_1_233' title='bbox 697 1737 810 1789; x_wconf 84' lang='lat' dir='ltr'><strong><em>Darium</em></strong></span> <span class='ocrx_word' id='word_1_234' title='bbox 829 1752 916 1806; x_wconf 87' lang='lat' dir='ltr'><strong><em>reqem</em></strong></span> <span class='ocrx_word' id='word_1_235' title='bbox 926 1714 955 1785; x_wconf 86' lang='grc' dir='ltr'><strong>Β</strong></span> <span class='ocrx_word' id='word_1_236' title='bbox 967 1751 1026 1790; x_wconf 87' lang='lat' dir='ltr'><strong><em>rum</em></strong></span> <span class='ocrx_word' id='word_1_237' title='bbox 1039 1737 1212 1805; x_wconf 88' lang='lat' dir='ltr'><strong><em>aliarumque</em></strong></span> <span class='ocrx_word' id='word_1_238' title='bbox 1225 1739 1357 1804; x_wconf 80' lang='lat' dir='ltr'><strong><em>acutium,</em></strong></span> <span class='ocrx_word' id='word_1_239' title='bbox 1369 1738 1573 1806; x_wconf 77' lang='lat' dir='ltr'><strong><em>propinquiores</em></strong></span> <span class='ocrx_word' id='word_1_240' title='bbox 1588 1741 1653 1790; x_wconf 89' lang='lat' dir='ltr'><strong><em>sunt</em></strong></span> <span class='ocrx_word' id='word_1_241' title='bbox 1668 1736 1782 1791; x_wconf 81' lang='lat' dir='ltr'><strong><em>haeredes</em></strong></span> 
     </span>
     <span class='ocr_line' id='line_1_18' title="bbox 95 1827 1783 1898; baseline 0.002 -20"><span class='ocrx_word' id='word_1_242' title='bbox 95 1828 245 1879; x_wconf 85' lang='lat' dir='ltr'><strong><em>Persarum</em></strong></span> <span class='ocrx_word' id='word_1_243' title='bbox 268 1841 328 1879; x_wconf 82' lang='lat' dir='ltr'><strong><em>eccm</em></strong></span> <span class='ocrx_word' id='word_1_244' title='bbox 346 1827 441 1881; x_wconf 88' lang='lat' dir='ltr'><strong><em>multis</em></strong></span> <span class='ocrx_word' id='word_1_245' title='bbox 464 1828 615 1895; x_wconf 83' lang='lat' dir='ltr'><strong><em>leqionibus</em></strong></span> <span class='ocrx_word' id='word_1_246' title='bbox 632 1828 802 1895; x_wconf 88' lang='lat' dir='ltr'><strong><em>devicerunt,·</em></strong></span> <span class='ocrx_word' id='word_1_247' title='bbox 819 1835 844 1883; x_wconf 92' lang='lat' dir='ltr'><strong><em>ct</em></strong></span> <span class='ocrx_word' id='word_1_248' title='bbox 863 1832 918 1898; x_wconf 86' lang='lat' dir='ltr'><strong><em>ipsi</em></strong></span> <span class='ocrx_word' id='word_1_249' title='bbox 967 1829 1131 1885; x_wconf 73' lang='lat' dir='ltr'><strong><em>diadematis</em></strong></span> <span class='ocrx_word' id='word_1_250' title='bbox 1153 1829 1270 1898; x_wconf 81' lang='lat' dir='ltr'><strong><em>Anqlici.</em></strong></span> <span class='ocrx_word' id='word_1_251' title='bbox 1290 1830 1349 1884; x_wconf 89' lang='lat' dir='ltr'><strong><em>Illis</em></strong></span> <span class='ocrx_word' id='word_1_252' title='bbox 1372 1832 1501 1884; x_wconf 87' lang='lat' dir='ltr'><strong><em>nimirum</em></strong></span> <span class='ocrx_word' id='word_1_253' title='bbox 1521 1831 1639 1892; x_wconf 88' lang='lat' dir='ltr'><strong><em>remotis,</em></strong></span> <span class='ocrx_word' id='word_1_254' title='bbox 1658 1843 1715 1883; x_wconf 91' lang='lat' dir='ltr'><strong><em>sors</em></strong></span> <span class='ocrx_word' id='word_1_255' title='bbox 1734 1829 1783 1883; x_wconf 90' lang='lat' dir='ltr'><strong><em>tibi</em></strong></span> 
     </span>
     <span class='ocr_line' id='line_1_19' title="bbox 93 1919 1780 1992; baseline 0.002 -20"><span class='ocrx_word' id='word_1_256' title='bbox 93 1919 276 1973; x_wconf 83' lang='lat' dir='ltr'><strong><em>nibilominus</em></strong></span> <span class='ocrx_word' id='word_1_257' title='bbox 291 1925 353 1988; x_wconf 86' lang='lat' dir='ltr'><strong><em>post</em></strong></span> <span class='ocrx_word' id='word_1_258' title='bbox 373 1921 477 1989; x_wconf 89' lang='lat' dir='ltr'><strong><em>aliquot</em></strong></span> <span class='ocrx_word' id='word_1_259' title='bbox 498 1936 592 1985; x_wconf 88' lang='lat' dir='ltr'><strong><em>annos,</em></strong></span> <span class='ocrx_word' id='word_1_260' title='bbox 613 1923 741 1976; x_wconf 82' lang='lat' dir='ltr'><strong><em>Romanis</em></strong></span> <span class='ocrx_word' id='word_1_261' title='bbox 761 1937 810 1991; x_wconf 85' lang='lat' dir='ltr'><strong><em>per</em></strong></span> <span class='ocrx_word' id='word_1_262' title='bbox 832 1927 916 1977; x_wconf 89' lang='lat' dir='ltr'><strong><em>totum</em></strong></span> <span class='ocrx_word' id='word_1_263' title='bbox 967 1924 1043 1977; x_wconf 82' lang='lat' dir='ltr'><strong><em>cessit</em></strong></span> <span class='ocrx_word' id='word_1_264' title='bbox 1055 1923 1248 1992; x_wconf 70' lang='lat' dir='ltr'><strong><em>promeruerim</em></strong></span> <span class='ocrx_word' id='word_1_265' title='bbox 1264 1922 1311 1976; x_wconf 88' lang='lat' dir='ltr'><strong><em>sed</em></strong></span> <span class='ocrx_word' id='word_1_266' title='bbox 1325 1923 1371 1976; x_wconf 78' lang='lat' dir='ltr'><strong><em>ilci</em></strong></span> <span class='ocrx_word' id='word_1_267' title='bbox 1380 1922 1628 1992; x_wconf 82' lang='lat' dir='ltr'><strong><em>judiciumquanto</em></strong></span> <span class='ocrx_word' id='word_1_268' title='bbox 1643 1923 1780 1990; x_wconf 85' lang='lat' dir='ltr'><strong><em>occultius,</em></strong></span> 
     </span>
     <span class='ocr_line' id='line_1_20' title="bbox 93 2011 1783 2083; baseline 0.004 -18"><span class='ocrx_word' id='word_1_269' title='bbox 93 2013 183 2067; x_wconf 87' lang='lat' dir='ltr'><strong><em>orbem</em></strong></span> <span class='ocrx_word' id='word_1_270' title='bbox 195 2011 349 2081; x_wconf 88' lang='lat' dir='ltr'><strong><em>phalanqes</em></strong></span> <span class='ocrx_word' id='word_1_271' title='bbox 362 2027 425 2067; x_wconf 89' lang='lat' dir='ltr'><strong><em>suas</em></strong></span> <span class='ocrx_word' id='word_1_272' title='bbox 438 2013 649 2077; x_wconf 84' lang='lat' dir='ltr'><strong><em>destinantibus,</em></strong></span> <span class='ocrx_word' id='word_1_273' title='bbox 669 2030 728 2068; x_wconf 90' lang='lat' dir='ltr'><strong><em>cum</em></strong></span> <span class='ocrx_word' id='word_1_274' title='bbox 746 2017 838 2069; x_wconf 90' lang='lat' dir='ltr'><strong><em>Perseo</em></strong></span> <span class='ocrx_word' id='word_1_275' title='bbox 858 2031 917 2083; x_wconf 85' lang='lat' dir='ltr'><strong><em>reqe</em></strong></span> <span class='ocrx_word' id='word_1_276' title='bbox 968 2020 1042 2069; x_wconf 89' lang='lat' dir='ltr'><strong><em>tanto</em></strong></span> <span class='ocrx_word' id='word_1_277' title='bbox 1057 2016 1204 2070; x_wconf 88' lang='lat' dir='ltr'><strong><em>terribilius</em></strong></span> <span class='ocrx_word' id='word_1_278' title='bbox 1218 2017 1338 2070; x_wconf 86' lang='lat' dir='ltr'><strong><em>imminet</em></strong></span> <span class='ocrx_word' id='word_1_279' title='bbox 1353 2016 1403 2070; x_wconf 90' lang='lat' dir='ltr'><strong><em>tibi</em></strong></span> <span class='ocrx_word' id='word_1_280' title='bbox 1417 2017 1453 2070; x_wconf 89' lang='lat' dir='ltr'><strong><em>ad</em></strong></span> <span class='ocrx_word' id='word_1_281' title='bbox 1471 2016 1638 2070; x_wconf 88' lang='lat' dir='ltr'><strong><em>reddendam</em></strong></span> <span class='ocrx_word' id='word_1_282' title='bbox 1651 2017 1783 2071; x_wconf 85' lang='lat' dir='ltr'><strong><em>rationem</em></strong></span> 
     </span>
     <span class='ocr_line' id='line_1_21' title="bbox 93 2091 1783 2177; baseline 0.002 -18"><span class='ocrx_word' id='word_1_283' title='bbox 93 2120 138 2159; x_wconf 89' lang='lat' dir='ltr'><strong><em>suo</em></strong></span> <span class='ocrx_word' id='word_1_284' title='bbox 157 2105 263 2159; x_wconf 86' lang='lat' dir='ltr'><strong><em>devicti</em></strong></span> <span class='ocrx_word' id='word_1_285' title='bbox 278 2110 351 2159; x_wconf 89' lang='lat' dir='ltr'><strong><em>sunt.</em></strong></span> <span class='ocrx_word' id='word_1_286' title='bbox 367 2106 452 2162; x_wconf 64' lang='lat' dir='ltr'><strong><em>&amp;uei</em></strong></span> <span class='ocrx_word' id='word_1_287' title='bbox 464 2106 512 2159; x_wconf 93' lang='lat' dir='ltr'><strong><em>sub</em></strong></span> <span class='ocrx_word' id='word_1_288' title='bbox 526 2107 722 2176; x_wconf 78' lang='lat' dir='ltr'><strong><em>Aqameurnone</em></strong></span> <span class='ocrx_word' id='word_1_289' title='bbox 736 2111 762 2161; x_wconf 90' lang='lat' dir='ltr'><strong><em>et</em></strong></span> <span class='ocrx_word' id='word_1_290' title='bbox 773 2108 917 2163; x_wconf 88' lang='lat' dir='ltr'><strong><em>Palamede</em></strong></span> <span class='ocrx_word' id='word_1_291' title='bbox 967 2111 1109 2163; x_wconf 73' lang='lat' dir='ltr'><strong><em>commissor</em></strong></span> <span class='ocrx_word' id='word_1_292' title='bbox 1129 2091 1316 2164; x_wconf 83' lang='lat' dir='ltr'><strong><em>villicationis.</em></strong></span> <span class='ocrx_word' id='word_1_293' title='bbox 1337 2112 1398 2164; x_wconf 81' lang='lat' dir='ltr'><strong><em>liae</em></strong></span> <span class='ocrx_word' id='word_1_294' title='bbox 1418 2110 1529 2177; x_wconf 88' lang='lat' dir='ltr'><strong><em>beniqno</em></strong></span> <span class='ocrx_word' id='word_1_295' title='bbox 1547 2125 1580 2163; x_wconf 82' lang='lat' dir='ltr'><strong><em>en</em></strong></span> <span class='ocrx_word' id='word_1_296' title='bbox 1598 2110 1676 2164; x_wconf 88' lang='lat' dir='ltr'><strong><em>corde</em></strong></span> <span class='ocrx_word' id='word_1_297' title='bbox 1695 2109 1783 2163; x_wconf 91' lang='lat' dir='ltr'><strong><em>subli-</em></strong></span> 
     </span>
     <span class='ocr_line' id='line_1_22' title="bbox 95 2185 1867 2272; baseline 0.002 -19"><span class='ocrx_word' id='word_1_298' title='bbox 95 2198 208 2267; x_wconf 76' lang='lat' dir='ltr'><strong><em>mojam</em></strong></span> <span class='ocrx_word' id='word_1_299' title='bbox 230 2198 402 2260; x_wconf 86' lang='lat' dir='ltr'><strong><em>obsederunt,</em></strong></span> <span class='ocrx_word' id='word_1_300' title='bbox 426 2185 451 2253; x_wconf 83' lang='lat' dir='ltr'><strong><em>el</em></strong></span> <span class='ocrx_word' id='word_1_301' title='bbox 468 2200 608 2254; x_wconf 87' lang='lat' dir='ltr'><strong><em>Priamum</em></strong></span> <span class='ocrx_word' id='word_1_302' title='bbox 624 2215 711 2268; x_wconf 81' lang='lat' dir='ltr'><strong><em>reqcm</em></strong></span> <span class='ocrx_word' id='word_1_303' title='bbox 730 2202 916 2256; x_wconf 80' lang='lat' dir='ltr'><strong><em>Laomedontis</em></strong></span> <span class='ocrx_word' id='word_1_304' title='bbox 967 2203 1059 2255; x_wconf 85' lang='lat' dir='ltr'><strong><em>mitati</em></strong></span> <span class='ocrx_word' id='word_1_305' title='bbox 1081 2206 1176 2256; x_wconf 81' lang='lat' dir='ltr'><strong><em>vestra</em></strong></span> <span class='ocrx_word' id='word_1_306' title='bbox 1199 2203 1303 2257; x_wconf 88' lang='lat' dir='ltr'><strong><em>locutus</em></strong></span> <span class='ocrx_word' id='word_1_307' title='bbox 1325 2218 1397 2263; x_wconf 90' lang='lat' dir='ltr'><strong><em>sum,</em></strong></span> <span class='ocrx_word' id='word_1_308' title='bbox 1426 2203 1563 2256; x_wconf 88' lang='lat' dir='ltr'><strong><em>humiliter</em></strong></span> <span class='ocrx_word' id='word_1_309' title='bbox 1586 2202 1727 2272; x_wconf 87' lang='lat' dir='ltr'><strong><em>deposcens</em></strong></span> <span class='ocrx_word' id='word_1_310' title='bbox 1752 2206 1784 2256; x_wconf 90' lang='lat' dir='ltr'><strong><em>vt</em></strong></span> <span class='ocrx_word' id='word_1_311' title='bbox 1864 2192 1867 2197; x_wconf 43' lang='lat'><strong>⁴</strong></span> 
     </span>
     <span class='ocr_line' id='line_1_23' title="bbox 94 2293 1782 2365; baseline 0.003 -19"><span class='ocrx_word' id='word_1_312' title='bbox 94 2293 182 2361; x_wconf 77' lang='lat' dir='ltr'><strong><em>hlium</em></strong></span> <span class='ocrx_word' id='word_1_313' title='bbox 199 2309 234 2347; x_wconf 90' lang='lat' dir='ltr'><strong><em>ac</em></strong></span> <span class='ocrx_word' id='word_1_314' title='bbox 250 2293 346 2347; x_wconf 87' lang='lat' dir='ltr'><strong><em>liberos</em></strong></span> <span class='ocrx_word' id='word_1_315' title='bbox 363 2293 429 2363; x_wconf 74' lang='lat' dir='ltr'><strong><em>ejus,</em></strong></span> <span class='ocrx_word' id='word_1_316' title='bbox 449 2297 585 2348; x_wconf 85' lang='lat' dir='ltr'><strong><em>Hectorem</em></strong></span> <span class='ocrx_word' id='word_1_317' title='bbox 602 2297 626 2349; x_wconf 89' lang='lat' dir='ltr'><strong><em>et</em></strong></span> <span class='ocrx_word' id='word_1_318' title='bbox 641 2295 771 2358; x_wconf 84' lang='lat' dir='ltr'><strong><em>Troilum,</em></strong></span> <span class='ocrx_word' id='word_1_319' title='bbox 790 2295 917 2349; x_wconf 90' lang='lat' dir='ltr'><strong><em>Paridem</em></strong></span> <span class='ocrx_word' id='word_1_320' title='bbox 968 2310 1039 2349; x_wconf 91' lang='lat' dir='ltr'><strong><em>mens</em></strong></span> <span class='ocrx_word' id='word_1_321' title='bbox 1055 2300 1144 2349; x_wconf 84' lang='lat' dir='ltr'><strong><em>oestro</em></strong></span> <span class='ocrx_word' id='word_1_322' title='bbox 1162 2310 1264 2365; x_wconf 88' lang='lat' dir='ltr'><strong><em>semper</em></strong></span> <span class='ocrx_word' id='word_1_323' title='bbox 1277 2297 1312 2349; x_wconf 90' lang='lat' dir='ltr'><strong><em>sit</em></strong></span> <span class='ocrx_word' id='word_1_324' title='bbox 1331 2311 1430 2349; x_wconf 82' lang='lat' dir='ltr'><strong><em>rnenror</em></strong></span> <span class='ocrx_word' id='word_1_325' title='bbox 1447 2297 1658 2359; x_wconf 88' lang='lat' dir='ltr'><strong><em>novissimorum,</em></strong></span> <span class='ocrx_word' id='word_1_326' title='bbox 1676 2311 1723 2349; x_wconf 91' lang='lat' dir='ltr'><strong><em>nec</em></strong></span> <span class='ocrx_word' id='word_1_327' title='bbox 1737 2311 1782 2351; x_wconf 92' lang='lat' dir='ltr'><strong><em>vos</em></strong></span> 
     </span>
     <span class='ocr_line' id='line_1_24' title="bbox 95 2386 1785 2458; baseline 0.002 -19"><span class='ocrx_word' id='word_1_328' title='bbox 95 2390 118 2439; x_wconf 91' lang='lat' dir='ltr'><strong><em>et</em></strong></span> <span class='ocrx_word' id='word_1_329' title='bbox 143 2386 327 2455; x_wconf 81' lang='lat' dir='ltr'><strong><em>Deiphobum,</em></strong></span> <span class='ocrx_word' id='word_1_330' title='bbox 352 2386 628 2458; x_wconf 78' lang='lat' dir='ltr'><strong><em>Amphimachumque</em></strong></span> <span class='ocrx_word' id='word_1_331' title='bbox 649 2387 870 2450; x_wconf 88' lang='lat' dir='ltr'><strong><em>trucidaverunt,</em></strong></span> <span class='ocrx_word' id='word_1_332' title='bbox 892 2392 918 2442; x_wconf 92' lang='lat' dir='ltr'><strong><em>et</em></strong></span> <span class='ocrx_word' id='word_1_333' title='bbox 969 2389 1049 2442; x_wconf 87' lang='lat' dir='ltr'><strong><em>nimis</em></strong></span> <span class='ocrx_word' id='word_1_334' title='bbox 1070 2389 1188 2458; x_wconf 85' lang='lat' dir='ltr'><strong><em>implicet</em></strong></span> <span class='ocrx_word' id='word_1_335' title='bbox 1208 2389 1376 2458; x_wconf 86' lang='lat' dir='ltr'><strong><em>prosperitas</em></strong></span> <span class='ocrx_word' id='word_1_336' title='bbox 1396 2391 1581 2458; x_wconf 78' lang='lat' dir='ltr'><strong><em>presentium,</em></strong></span> <span class='ocrx_word' id='word_1_337' title='bbox 1605 2404 1687 2458; x_wconf 91' lang='lat' dir='ltr'><strong><em>quam</em></strong></span> <span class='ocrx_word' id='word_1_338' title='bbox 1707 2391 1785 2458; x_wconf 88' lang='lat' dir='ltr'><strong><em>sequi</em></strong></span> 
     </span>
     <span class='ocr_line' id='line_1_25' title="bbox 96 2480 1784 2550; baseline 0.001 -18"><span class='ocrx_word' id='word_1_339' title='bbox 96 2481 237 2544; x_wconf 73' lang='lat' dir='ltr'><strong><em>{annosum</em></strong></span> <span class='ocrx_word' id='word_1_340' title='bbox 252 2480 380 2548; x_wconf 74' lang='lat' dir='ltr'><strong><em>Phrqqiae</em></strong></span> <span class='ocrx_word' id='word_1_341' title='bbox 396 2495 506 2547; x_wconf 85' lang='lat' dir='ltr'><strong><em>rcqnum</em></strong></span> <span class='ocrx_word' id='word_1_342' title='bbox 523 2487 584 2550; x_wconf 90' lang='lat' dir='ltr'><strong><em>post</em></strong></span> <span class='ocrx_word' id='word_1_343' title='bbox 602 2480 742 2535; x_wconf 90' lang='lat' dir='ltr'><strong><em>decennem</em></strong></span> <span class='ocrx_word' id='word_1_344' title='bbox 756 2481 918 2535; x_wconf 74' lang='lat' dir='ltr'><strong><em>obsidionem</em></strong></span> <span class='ocrx_word' id='word_1_345' title='bbox 968 2482 1034 2536; x_wconf 89' lang='lat' dir='ltr'><strong><em>solet</em></strong></span> <span class='ocrx_word' id='word_1_346' title='bbox 1052 2481 1232 2536; x_wconf 86' lang='lat' dir='ltr'><strong><em>intolerabilis</em></strong></span> <span class='ocrx_word' id='word_1_347' title='bbox 1251 2481 1341 2543; x_wconf 89' lang='lat' dir='ltr'><strong><em>dolor,</em></strong></span> <span class='ocrx_word' id='word_1_348' title='bbox 1361 2487 1386 2535; x_wconf 88' lang='lat' dir='ltr'><strong><em>et</em></strong></span> <span class='ocrx_word' id='word_1_349' title='bbox 1405 2483 1499 2550; x_wconf 86' lang='lat' dir='ltr'><strong><em>inqens</em></strong></span> <span class='ocrx_word' id='word_1_350' title='bbox 1524 2482 1612 2536; x_wconf 80' lang='lat' dir='ltr'><strong><em>tructus</em></strong></span> <span class='ocrx_word' id='word_1_351' title='bbox 1632 2497 1664 2535; x_wconf 91' lang='lat' dir='ltr'><strong><em>ve</em></strong></span> <span class='ocrx_word' id='word_1_352' title='bbox 1682 2482 1784 2537; x_wconf 88' lang='lat' dir='ltr'><strong><em>stridor</em></strong></span> 
     </span>
     <span class='ocr_line' id='line_1_26' title="bbox 96 2574 1852 2644; baseline 0.002 -18"><span class='ocrx_word' id='word_1_353' title='bbox 96 2576 206 2639; x_wconf 76' lang='lat' dir='ltr'><strong><em>tamma</em></strong></span> <span class='ocrx_word' id='word_1_354' title='bbox 222 2577 249 2627; x_wconf 90' lang='lat' dir='ltr'><strong><em>et</em></strong></span> <span class='ocrx_word' id='word_1_355' title='bbox 262 2574 337 2640; x_wconf 70' lang='lat' dir='ltr'><strong><em>ferro</em></strong></span> <span class='ocrx_word' id='word_1_356' title='bbox 352 2574 513 2643; x_wconf 89' lang='lat' dir='ltr'><strong><em>depopulati</em></strong></span> <span class='ocrx_word' id='word_1_357' title='bbox 524 2574 724 2628; x_wconf 83' lang='lat' dir='ltr'><strong><em>destrunerunt.</em></strong></span> <span class='ocrx_word' id='word_1_358' title='bbox 741 2574 918 2642; x_wconf 78' lang='lat' dir='ltr'><strong><em>trojrrnorum</em></strong></span> <span class='ocrx_word' id='word_1_359' title='bbox 968 2574 1212 2629; x_wconf 79' lang='lat' dir='ltr'><strong><em>dcrrtiurn.Gratia</em></strong></span> <span class='ocrx_word' id='word_1_360' title='bbox 1225 2575 1274 2628; x_wconf 86' lang='lat' dir='ltr'><strong><em>Dei</em></strong></span> <span class='ocrx_word' id='word_1_361' title='bbox 1288 2575 1671 2644; x_wconf 78' lang='lat' dir='ltr'><strong><em>rosetamicosatquctldeles</em></strong></span> <span class='ocrx_word' id='word_1_362' title='bbox 1685 2579 1784 2630; x_wconf 90' lang='lat' dir='ltr'><strong><em>vestros</em></strong></span> <span class='ocrx_word' id='word_1_363' title='bbox 1848 2610 1852 2615; x_wconf 93' lang='lat'>-</span> 
     </span>
     <span class='ocr_line' id='line_1_27' title="bbox 98 2668 1782 2737; baseline 0.002 -16"><span class='ocrx_word' id='word_1_364' title='bbox 98 2683 151 2721; x_wconf 73' lang='lat' dir='ltr'><strong><em>aner</em></strong></span> <span class='ocrx_word' id='word_1_365' title='bbox 166 2682 237 2737; x_wconf 89' lang='lat' dir='ltr'><strong><em>pars</em></strong></span> <span class='ocrx_word' id='word_1_366' title='bbox 249 2668 300 2721; x_wconf 88' lang='lat' dir='ltr'><strong><em>sub</em></strong></span> <span class='ocrx_word' id='word_1_367' title='bbox 313 2671 398 2721; x_wconf 76' lang='lat' dir='ltr'><strong><em>AEnea</em></strong></span> <span class='ocrx_word' id='word_1_368' title='bbox 414 2668 478 2721; x_wconf 86' lang='lat' dir='ltr'><strong><em>duce</em></strong></span> <span class='ocrx_word' id='word_1_369' title='bbox 492 2683 602 2735; x_wconf 87' lang='lat' dir='ltr'><strong><em>reqnum</em></strong></span> <span class='ocrx_word' id='word_1_370' title='bbox 616 2669 704 2722; x_wconf 82' lang='lat' dir='ltr'><strong><em>ltaliae</em></strong></span> <span class='ocrx_word' id='word_1_371' title='bbox 716 2668 846 2734; x_wconf 83' lang='lat' dir='ltr'><strong><em>obtinuit;</em></strong></span> <span class='ocrx_word' id='word_1_372' title='bbox 860 2669 918 2723; x_wconf 89' lang='lat' dir='ltr'><strong><em>alia</em></strong></span> <span class='ocrx_word' id='word_1_373' title='bbox 968 2668 1134 2730; x_wconf 87' lang='lat' dir='ltr'><strong><em>commendo,</em></strong></span> <span class='ocrx_word' id='word_1_374' title='bbox 1158 2669 1406 2736; x_wconf 86' lang='lat' dir='ltr'><strong><em>Normanniamqve</em></strong></span> <span class='ocrx_word' id='word_1_375' title='bbox 1426 2684 1485 2721; x_wconf 86' lang='lat' dir='ltr'><strong><em>curn</em></strong></span> <span class='ocrx_word' id='word_1_376' title='bbox 1503 2674 1593 2722; x_wconf 88' lang='lat' dir='ltr'><strong><em>vestra</em></strong></span> <span class='ocrx_word' id='word_1_377' title='bbox 1613 2669 1721 2723; x_wconf 89' lang='lat' dir='ltr'><strong><em>licentia</em></strong></span> <span class='ocrx_word' id='word_1_378' title='bbox 1739 2685 1782 2724; x_wconf 88' lang='lat' dir='ltr'><strong><em>re·</em></strong></span> 
     </span>
     <span class='ocr_line' id='line_1_28' title="bbox 96 2760 1784 2832; baseline 0.001 -18"><span class='ocrx_word' id='word_1_379' title='bbox 96 2775 161 2829; x_wconf 86' lang='lat' dir='ltr'><strong><em>pars</em></strong></span> <span class='ocrx_word' id='word_1_380' title='bbox 174 2776 239 2815; x_wconf 92' lang='lat' dir='ltr'><strong><em>cum</em></strong></span> <span class='ocrx_word' id='word_1_381' title='bbox 254 2760 392 2814; x_wconf 77' lang='lat' dir='ltr'><strong><em>Aretenore</em></strong></span> <span class='ocrx_word' id='word_1_382' title='bbox 400 2776 451 2830; x_wconf 92' lang='lat' dir='ltr'><strong><em>per</em></strong></span> <span class='ocrx_word' id='word_1_383' title='bbox 464 2761 570 2830; x_wconf 89' lang='lat' dir='ltr'><strong><em>lonqvm</em></strong></span> <span class='ocrx_word' id='word_1_384' title='bbox 581 2762 793 2830; x_wconf 70' lang='lat' dir='ltr'><strong><em>iteracdilhcile</em></strong></span> <span class='ocrx_word' id='word_1_385' title='bbox 806 2764 919 2815; x_wconf 85' lang='lat' dir='ltr'><strong><em>Dacium</em></strong></span> <span class='ocrx_word' id='word_1_386' title='bbox 968 2763 1027 2815; x_wconf 86' lang='lat' dir='ltr'><strong><em>dire</em></strong></span> <span class='ocrx_word' id='word_1_387' title='bbox 1041 2762 1166 2831; x_wconf 89' lang='lat' dir='ltr'><strong><em>dispono,</em></strong></span> <span class='ocrx_word' id='word_1_388' title='bbox 1181 2766 1206 2815; x_wconf 90' lang='lat' dir='ltr'><strong><em>ct</em></strong></span> <span class='ocrx_word' id='word_1_389' title='bbox 1221 2763 1338 2831; x_wconf 90' lang='lat' dir='ltr'><strong><em>opimam</em></strong></span> <span class='ocrx_word' id='word_1_390' title='bbox 1355 2763 1463 2830; x_wconf 81' lang='lat' dir='ltr'><strong><em>Anqlia</em></strong></span> <span class='ocrx_word' id='word_1_391' title='bbox 1475 2762 1598 2832; x_wconf 75' lang='lat' dir='ltr'><strong><em>predam</em></strong></span> <span class='ocrx_word' id='word_1_392' title='bbox 1618 2764 1784 2816; x_wconf 89' lang='lat' dir='ltr'><strong><em>amatoribus</em></strong></span> 
     </span>
     <span class='ocr_line' id='line_1_29' title="bbox 98 2853 1782 2925; baseline 0.001 -17"><span class='ocrx_word' id='word_1_393' title='bbox 98 2854 177 2915; x_wconf 89' lang='lat' dir='ltr'><strong><em>adiit,</em></strong></span> <span class='ocrx_word' id='word_1_394' title='bbox 195 2855 289 2923; x_wconf 87' lang='lat' dir='ltr'><strong><em>ibique</em></strong></span> <span class='ocrx_word' id='word_1_395' title='bbox 303 2855 391 2908; x_wconf 90' lang='lat' dir='ltr'><strong><em>sedem</em></strong></span> <span class='ocrx_word' id='word_1_396' title='bbox 405 2869 506 2923; x_wconf 90' lang='lat' dir='ltr'><strong><em>ponens</em></strong></span> <span class='ocrx_word' id='word_1_397' title='bbox 523 2869 606 2923; x_wconf 88' lang='lat' dir='ltr'><strong><em>usque</em></strong></span> <span class='ocrx_word' id='word_1_398' title='bbox 625 2857 655 2908; x_wconf 91' lang='lat' dir='ltr'><strong><em>in</em></strong></span> <span class='ocrx_word' id='word_1_399' title='bbox 673 2853 831 2908; x_wconf 79' lang='lat' dir='ltr'><strong><em>hodierrum</em></strong></span> <span class='ocrx_word' id='word_1_400' title='bbox 848 2855 919 2908; x_wconf 89' lang='lat' dir='ltr'><strong><em>diem</em></strong></span> <span class='ocrx_word' id='word_1_401' title='bbox 967 2854 1066 2909; x_wconf 88' lang='lat' dir='ltr'><strong><em>mvndi</em></strong></span> <span class='ocrx_word' id='word_1_402' title='bbox 1087 2857 1166 2924; x_wconf 86' lang='lat' dir='ltr'><strong><em>qnasi</em></strong></span> <span class='ocrx_word' id='word_1_403' title='bbox 1190 2855 1352 2924; x_wconf 87' lang='lat' dir='ltr'><strong><em>quisquilias</em></strong></span> <span class='ocrx_word' id='word_1_404' title='bbox 1375 2854 1540 2924; x_wconf 87' lang='lat' dir='ltr'><strong><em>derelinquo.</em></strong></span> <span class='ocrx_word' id='word_1_405' title='bbox 1569 2855 1692 2910; x_wconf 88' lang='lat' dir='ltr'><strong><em>Liberam</em></strong></span> <span class='ocrx_word' id='word_1_406' title='bbox 1713 2871 1782 2925; x_wconf 89' lang='lat' dir='ltr'><strong><em>pan-</em></strong></span> 
     </span>
     <span class='ocr_line' id='line_1_30' title="bbox 98 2947 1785 3018; baseline 0.002 -17"><span class='ocrx_word' id='word_1_407' title='bbox 98 2947 245 3001; x_wconf 85' lang='lat' dir='ltr'><strong><em>lobitavit.</em></strong></span> <span class='ocrx_word' id='word_1_408' title='bbox 260 2949 377 3002; x_wconf 82' lang='lat' dir='ltr'><strong><em>Romani</em></strong></span> <span class='ocrx_word' id='word_1_409' title='bbox 392 2962 506 3016; x_wconf 85' lang='lat' dir='ltr'><strong><em>requam</em></strong></span> <span class='ocrx_word' id='word_1_410' title='bbox 525 2948 759 3016; x_wconf 77' lang='lat' dir='ltr'><strong><em>ierosolymorum,</em></strong></span> <span class='ocrx_word' id='word_1_411' title='bbox 780 2949 852 3016; x_wconf 90' lang='lat' dir='ltr'><strong><em>quod</em></strong></span> <span class='ocrx_word' id='word_1_412' title='bbox 867 2950 918 3001; x_wconf 86' lang='lat' dir='ltr'><strong><em>tlo-</em></strong></span> <span class='ocrx_word' id='word_1_413' title='bbox 964 2951 1099 3018; x_wconf 87' lang='lat' dir='ltr'><strong><em>pertatem</em></strong></span> <span class='ocrx_word' id='word_1_414' title='bbox 1116 2963 1175 3002; x_wconf 92' lang='lat' dir='ltr'><strong><em>amo</em></strong></span> <span class='ocrx_word' id='word_1_415' title='bbox 1194 2947 1302 3009; x_wconf 77' lang='lat' dir='ltr'><strong><em>Christi,</em></strong></span> <span class='ocrx_word' id='word_1_416' title='bbox 1325 2964 1407 3017; x_wconf 72' lang='lat' dir='ltr'><strong><em>quarm</em></strong></span> <span class='ocrx_word' id='word_1_417' title='bbox 1427 2949 1563 3002; x_wconf 79' lang='lat' dir='ltr'><strong><em>Arctonias</em></strong></span> <span class='ocrx_word' id='word_1_418' title='bbox 1584 2953 1608 3002; x_wconf 89' lang='lat' dir='ltr'><strong><em>et</em></strong></span> <span class='ocrx_word' id='word_1_419' title='bbox 1626 2948 1785 3005; x_wconf 83' lang='lat' dir='ltr'><strong><em>Barcdictvs</em></strong></span> 
     </span>
     <span class='ocr_line' id='line_1_31' title="bbox 98 3041 1784 3112; baseline 0.002 -17"><span class='ocrx_word' id='word_1_420' title='bbox 98 3044 153 3105; x_wconf 76' lang='lat' dir='ltr'><strong><em>vui,</em></strong></span> <span class='ocrx_word' id='word_1_421' title='bbox 168 3043 275 3110; x_wconf 87' lang='lat' dir='ltr'><strong><em>aliique</em></strong></span> <span class='ocrx_word' id='word_1_422' title='bbox 284 3045 408 3109; x_wconf 88' lang='lat' dir='ltr'><strong><em>potentes</em></strong></span> <span class='ocrx_word' id='word_1_423' title='bbox 422 3056 581 3096; x_wconf 70' lang='lat' dir='ltr'><strong><em>succcessorcs</em></strong></span> <span class='ocrx_word' id='word_1_424' title='bbox 594 3041 649 3110; x_wconf 82' lang='lat' dir='ltr'><strong><em>ejus</em></strong></span> <span class='ocrx_word' id='word_1_425' title='bbox 667 3043 761 3111; x_wconf 87' lang='lat' dir='ltr'><strong><em>spoliis</em></strong></span> <span class='ocrx_word' id='word_1_426' title='bbox 778 3042 919 3112; x_wconf 83' lang='lat' dir='ltr'><strong><em>allophilo</em></strong></span> <span class='ocrx_word' id='word_1_427' title='bbox 969 3042 1119 3110; x_wconf 83' lang='lat' dir='ltr'><strong><em>ampleavti</em></strong></span> <span class='ocrx_word' id='word_1_428' title='bbox 1141 3044 1213 3102; x_wconf 90' lang='lat' dir='ltr'><strong><em>sunt,</em></strong></span> <span class='ocrx_word' id='word_1_429' title='bbox 1235 3043 1321 3110; x_wconf 86' lang='lat' dir='ltr'><strong><em>moqis</em></strong></span> <span class='ocrx_word' id='word_1_430' title='bbox 1342 3058 1424 3110; x_wconf 89' lang='lat' dir='ltr'><strong><em>quom</em></strong></span> <span class='ocrx_word' id='word_1_431' title='bbox 1447 3041 1559 3095; x_wconf 87' lang='lat' dir='ltr'><strong><em>divitias</em></strong></span> <span class='ocrx_word' id='word_1_432' title='bbox 1583 3042 1689 3104; x_wconf 91' lang='lat' dir='ltr'><strong><em>mundi,</em></strong></span> <span class='ocrx_word' id='word_1_433' title='bbox 1716 3057 1784 3111; x_wconf 85' lang='lat' dir='ltr'><strong><em>quas</em></strong></span> 
     </span>
     <span class='ocr_line' id='line_1_32' title="bbox 99 3134 1854 3213; baseline 0 -23"><span class='ocrx_word' id='word_1_434' title='bbox 99 3153 156 3190; x_wconf 87' lang='lat' dir='ltr'><strong><em>rum</em></strong></span> <span class='ocrx_word' id='word_1_435' title='bbox 169 3136 384 3197; x_wconf 88' lang='lat' dir='ltr'><strong><em>ditaverunt,et</em></strong></span> <span class='ocrx_word' id='word_1_436' title='bbox 399 3134 655 3188; x_wconf 82' lang='lat' dir='ltr'><strong><em>subactisbarbaris</em></strong></span> <span class='ocrx_word' id='word_1_437' title='bbox 670 3136 917 3204; x_wconf 70' lang='lat' dir='ltr'><strong><em>partitusquaeiu</em></strong></span> <span class='ocrx_word' id='word_1_438' title='bbox 969 3135 1073 3188; x_wconf 76' lang='lat' dir='ltr'><strong><em>Crustu</em></strong></span> <span class='ocrx_word' id='word_1_439' title='bbox 1088 3140 1112 3188; x_wconf 88' lang='lat' dir='ltr'><strong><em>et</em></strong></span> <span class='ocrx_word' id='word_1_440' title='bbox 1127 3135 1615 3203; x_wconf 88' lang='lat' dir='ltr'><strong><em>Sardmmpalusnimisamuvcruul,</em></strong></span> <span class='ocrx_word' id='word_1_441' title='bbox 1631 3140 1784 3206; x_wconf 89' lang='lat' dir='ltr'><strong><em>etpostmo-</em></strong></span> <span class='ocrx_word' id='word_1_442' title='bbox 1851 3208 1854 3213; x_wconf 27' lang='grc' dir='ltr'>Ι</span> 
     </span>
     <span class='ocr_line' id='line_1_33' title="bbox 99 3227 1781 3297; baseline 0 -15"><span class='ocrx_word' id='word_1_443' title='bbox 99 3232 217 3282; x_wconf 79' lang='lat' dir='ltr'><strong><em>circuitu</em></strong></span> <span class='ocrx_word' id='word_1_444' title='bbox 231 3235 321 3291; x_wconf 67' lang='lat' dir='ltr'><strong><em>urent,</em></strong></span> <span class='ocrx_word' id='word_1_445' title='bbox 335 3228 560 3290; x_wconf 86' lang='lat' dir='ltr'><strong><em>sublimaverunt,</em></strong></span> <span class='ocrx_word' id='word_1_446' title='bbox 574 3229 623 3282; x_wconf 92' lang='lat' dir='ltr'><strong><em>sub</em></strong></span> <span class='ocrx_word' id='word_1_447' title='bbox 639 3230 803 3297; x_wconf 85' lang='lat' dir='ltr'><strong><em>Vespasiano</em></strong></span> <span class='ocrx_word' id='word_1_448' title='bbox 818 3234 844 3283; x_wconf 90' lang='lat' dir='ltr'><strong><em>et</em></strong></span> <span class='ocrx_word' id='word_1_449' title='bbox 859 3230 917 3283; x_wconf 83' lang='lat' dir='ltr'><strong><em>Tito</em></strong></span> <span class='ocrx_word' id='word_1_450' title='bbox 968 3229 1032 3281; x_wconf 88' lang='lat' dir='ltr'><strong><em>dum</em></strong></span> <span class='ocrx_word' id='word_1_451' title='bbox 1062 3230 1156 3282; x_wconf 85' lang='lat' dir='ltr'><strong><em>misere</em></strong></span> <span class='ocrx_word' id='word_1_452' title='bbox 1182 3231 1324 3296; x_wconf 86' lang='lat' dir='ltr'><strong><em>pereuntes</em></strong></span> <span class='ocrx_word' id='word_1_453' title='bbox 1355 3227 1475 3281; x_wconf 89' lang='lat' dir='ltr'><strong><em>hostibus</em></strong></span> <span class='ocrx_word' id='word_1_454' title='bbox 1507 3229 1563 3282; x_wconf 88' lang='lat' dir='ltr'><strong><em>suis</em></strong></span> <span class='ocrx_word' id='word_1_455' title='bbox 1593 3228 1781 3283; x_wconf 90' lang='lat' dir='ltr'><strong><em>deseruerunt.</em></strong></span> 
     </span>
     <span class='ocr_line' id='line_1_34' title="bbox 99 3319 1784 3394; baseline -0.002 -16"><span class='ocrx_word' id='word_1_456' title='bbox 99 3324 300 3383; x_wconf 85' lang='lat' dir='ltr'><strong><em>subverterunt,</em></strong></span> <span class='ocrx_word' id='word_1_457' title='bbox 318 3327 343 3375; x_wconf 90' lang='lat' dir='ltr'><strong><em>et</em></strong></span> <span class='ocrx_word' id='word_1_458' title='bbox 359 3323 448 3376; x_wconf 89' lang='lat' dir='ltr'><strong><em>nobile</em></strong></span> <span class='ocrx_word' id='word_1_459' title='bbox 466 3323 593 3391; x_wconf 89' lang='lat' dir='ltr'><strong><em>templum</em></strong></span> <span class='ocrx_word' id='word_1_460' title='bbox 610 3327 669 3394; x_wconf 90' lang='lat' dir='ltr'><strong><em>post</em></strong></span> <span class='ocrx_word' id='word_1_461' title='bbox 685 3325 782 3391; x_wconf 82' lang='lat' dir='ltr'><strong><em>primae</em></strong></span> <span class='ocrx_word' id='word_1_462' title='bbox 799 3323 917 3391; x_wconf 72' lang='lat' dir='ltr'><strong><em>adition-</em></strong></span> <span class='ocrx_word' id='word_1_463' title='bbox 969 3319 1088 3374; x_wconf 81' lang='lat' dir='ltr'><strong><em>Christus</em></strong></span> <span class='ocrx_word' id='word_1_464' title='bbox 1102 3322 1172 3374; x_wconf 85' lang='lat' dir='ltr'><strong><em>enim</em></strong></span> <span class='ocrx_word' id='word_1_465' title='bbox 1181 3326 1279 3389; x_wconf 91' lang='lat' dir='ltr'><strong><em>pastor</em></strong></span> <span class='ocrx_word' id='word_1_466' title='bbox 1294 3320 1377 3374; x_wconf 87' lang='lat' dir='ltr'><strong><em>bonus</em></strong></span> <span class='ocrx_word' id='word_1_467' title='bbox 1394 3336 1433 3373; x_wconf 83' lang='lat' dir='ltr'><strong><em>va·</em></strong></span> <span class='ocrx_word' id='word_1_468' title='bbox 1447 3320 1576 3373; x_wconf 88' lang='lat' dir='ltr'><strong><em>divitibus</em></strong></span> <span class='ocrx_word' id='word_1_469' title='bbox 1595 3320 1784 3389; x_wconf 82' lang='lat' dir='ltr'><strong><em>hujusmundi</em></strong></span> 
     </span>
     <span class='ocr_line' id='line_1_35' title="bbox 101 3414 1781 3485; baseline -0.002 -14"><span class='ocrx_word' id='word_1_470' title='bbox 101 3419 179 3471; x_wconf 87' lang='lat' dir='ltr'><strong><em>tionis</em></strong></span> <span class='ocrx_word' id='word_1_471' title='bbox 191 3416 252 3484; x_wconf 81' lang='lat' dir='ltr'><strong><em>ejus</em></strong></span> <span class='ocrx_word' id='word_1_472' title='bbox 266 3429 351 3469; x_wconf 86' lang='lat' dir='ltr'><strong><em>annos</em></strong></span> <span class='ocrx_word' id='word_1_473' title='bbox 366 3429 480 3469; x_wconf 67' lang='lat' dir='ltr'><strong><em>mcxxxix</em></strong></span> <span class='ocrx_word' id='word_1_474' title='bbox 499 3416 652 3477; x_wconf 88' lang='lat' dir='ltr'><strong><em>diruerunt,</em></strong></span> <span class='ocrx_word' id='word_1_475' title='bbox 670 3417 777 3485; x_wconf 87' lang='lat' dir='ltr'><strong><em>quando</em></strong></span> <span class='ocrx_word' id='word_1_476' title='bbox 795 3416 918 3470; x_wconf 87' lang='lat' dir='ltr'><strong><em>undecies</em></strong></span> <span class='ocrx_word' id='word_1_477' title='bbox 967 3416 1100 3476; x_wconf 89' lang='lat' dir='ltr'><strong><em>minatur,</em></strong></span> <span class='ocrx_word' id='word_1_478' title='bbox 1115 3415 1165 3483; x_wconf 88' lang='lat' dir='ltr'><strong><em>qui</em></strong></span> <span class='ocrx_word' id='word_1_479' title='bbox 1176 3414 1362 3484; x_wconf 88' lang='lat' dir='ltr'><strong><em>voluptatibus</em></strong></span> <span class='ocrx_word' id='word_1_480' title='bbox 1377 3415 1456 3467; x_wconf 88' lang='lat' dir='ltr'><strong><em>vanis</em></strong></span> <span class='ocrx_word' id='word_1_481' title='bbox 1472 3419 1496 3468; x_wconf 92' lang='lat' dir='ltr'><strong><em>et</em></strong></span> <span class='ocrx_word' id='word_1_482' title='bbox 1510 3417 1652 3484; x_wconf 68' lang='lat' dir='ltr'><strong><em>superfluis</em></strong></span> <span class='ocrx_word' id='word_1_483' title='bbox 1665 3414 1707 3469; x_wconf 88' lang='lat' dir='ltr'><strong><em>hic</em></strong></span> <span class='ocrx_word' id='word_1_484' title='bbox 1717 3429 1781 3484; x_wconf 87' lang='lat' dir='ltr'><strong><em>per·</em></strong></span> 
     </span>
     <span class='ocr_line' id='line_1_36' title="bbox 101 3507 1781 3578; baseline 0 -15"><span class='ocrx_word' id='word_1_485' title='bbox 101 3516 213 3565; x_wconf 83' lang='lat' dir='ltr'><strong><em>ccrrtena</em></strong></span> <span class='ocrx_word' id='word_1_486' title='bbox 232 3509 321 3562; x_wconf 91' lang='lat' dir='ltr'><strong><em>millia</em></strong></span> <span class='ocrx_word' id='word_1_487' title='bbox 339 3509 492 3562; x_wconf 82' lang='lat' dir='ltr'><strong><em>ludaeorum</em></strong></span> <span class='ocrx_word' id='word_1_488' title='bbox 512 3511 586 3576; x_wconf 70' lang='lat' dir='ltr'><strong><em>terro</em></strong></span> <span class='ocrx_word' id='word_1_489' title='bbox 608 3524 654 3563; x_wconf 91' lang='lat' dir='ltr'><strong><em>seu</em></strong></span> <span class='ocrx_word' id='word_1_490' title='bbox 674 3511 748 3575; x_wconf 76' lang='lat' dir='ltr'><strong><em>[irrue</em></strong></span> <span class='ocrx_word' id='word_1_491' title='bbox 768 3511 917 3578; x_wconf 88' lang='lat' dir='ltr'><strong><em>perierunt.</em></strong></span> <span class='ocrx_word' id='word_1_492' title='bbox 967 3508 1110 3574; x_wconf 75' lang='lat' dir='ltr'><strong><em>sinerentur.</em></strong></span> <span class='ocrx_word' id='word_1_493' title='bbox 1129 3507 1299 3575; x_wconf 87' lang='lat' dir='ltr'><strong><em>Pauperibus</em></strong></span> <span class='ocrx_word' id='word_1_494' title='bbox 1316 3521 1378 3561; x_wconf 91' lang='lat' dir='ltr'><strong><em>vero</em></strong></span> <span class='ocrx_word' id='word_1_495' title='bbox 1396 3508 1494 3575; x_wconf 89' lang='lat' dir='ltr'><strong><em>spiritu</em></strong></span> <span class='ocrx_word' id='word_1_496' title='bbox 1509 3509 1646 3577; x_wconf 86' lang='lat' dir='ltr'><strong><em>promittit</em></strong></span> <span class='ocrx_word' id='word_1_497' title='bbox 1665 3508 1781 3563; x_wconf 88' lang='lat' dir='ltr'><strong><em>beatitu-</em></strong></span> 
     </span>
     <span class='ocr_line' id='line_1_37' title="bbox 102 3599 1783 3671; baseline -0.001 -14"><span class='ocrx_word' id='word_1_498' title='bbox 102 3605 197 3658; x_wconf 86' lang='lat' dir='ltr'><strong><em>Pranei</em></strong></span> <span class='ocrx_word' id='word_1_499' title='bbox 211 3602 311 3665; x_wconf 80' lang='lat' dir='ltr'><strong><em>Gallis,</em></strong></span> <span class='ocrx_word' id='word_1_500' title='bbox 323 3603 439 3671; x_wconf 88' lang='lat' dir='ltr'><strong><em>ternpore</em></strong></span> <span class='ocrx_word' id='word_1_501' title='bbox 454 3601 592 3657; x_wconf 87' lang='lat' dir='ltr'><strong><em>Sunnonis</em></strong></span> <span class='ocrx_word' id='word_1_502' title='bbox 604 3602 692 3664; x_wconf 85' lang='lat' dir='ltr'><strong><em>ducis,</em></strong></span> <span class='ocrx_word' id='word_1_503' title='bbox 705 3604 832 3656; x_wconf 87' lang='lat' dir='ltr'><strong><em>associati</em></strong></span> <span class='ocrx_word' id='word_1_504' title='bbox 843 3608 916 3663; x_wconf 88' lang='lat' dir='ltr'><strong><em>sunt,</em></strong></span> <span class='ocrx_word' id='word_1_505' title='bbox 968 3601 1057 3655; x_wconf 84' lang='lat' dir='ltr'><strong><em>dinem</em></strong></span> <span class='ocrx_word' id='word_1_506' title='bbox 1076 3602 1105 3654; x_wconf 90' lang='lat' dir='ltr'><strong><em>in</em></strong></span> <span class='ocrx_word' id='word_1_507' title='bbox 1123 3614 1205 3667; x_wconf 89' lang='lat' dir='ltr'><strong><em>rcqno</em></strong></span> <span class='ocrx_word' id='word_1_508' title='bbox 1225 3599 1364 3664; x_wconf 70' lang='lat' dir='ltr'><strong><em>culorum·</em></strong></span> <span class='ocrx_word' id='word_1_509' title='bbox 1385 3615 1465 3668; x_wconf 85' lang='lat' dir='ltr'><strong><em>quom</em></strong></span> <span class='ocrx_word' id='word_1_510' title='bbox 1485 3600 1560 3654; x_wconf 90' lang='lat' dir='ltr'><strong><em>uobis</em></strong></span> <span class='ocrx_word' id='word_1_511' title='bbox 1582 3600 1627 3654; x_wconf 89' lang='lat' dir='ltr'><strong><em>det</em></strong></span> <span class='ocrx_word' id='word_1_512' title='bbox 1649 3603 1714 3670; x_wconf 88' lang='lat' dir='ltr'><strong><em>ipse,</em></strong></span> <span class='ocrx_word' id='word_1_513' title='bbox 1735 3601 1783 3670; x_wconf 88' lang='lat' dir='ltr'><strong><em>qui</em></strong></span> 
     </span>
     <span class='ocr_line' id='line_1_38' title="bbox 103 3693 1862 3764; baseline -0.001 -15"><span class='ocrx_word' id='word_1_514' title='bbox 103 3702 125 3750; x_wconf 88' lang='lat' dir='ltr'><strong><em>et</em></strong></span> <span class='ocrx_word' id='word_1_515' title='bbox 142 3700 328 3751; x_wconf 78' lang='lat' dir='ltr'><strong><em>Romanorum</em></strong></span> <span class='ocrx_word' id='word_1_516' title='bbox 340 3696 411 3764; x_wconf 85' lang='lat' dir='ltr'><strong><em>jvqo</em></strong></span> <span class='ocrx_word' id='word_1_517' title='bbox 427 3695 459 3749; x_wconf 90' lang='lat' dir='ltr'><strong><em>de</em></strong></span> <span class='ocrx_word' id='word_1_518' title='bbox 476 3698 576 3749; x_wconf 85' lang='lat' dir='ltr'><strong><em>cervice</em></strong></span> <span class='ocrx_word' id='word_1_519' title='bbox 593 3711 644 3748; x_wconf 89' lang='lat' dir='ltr'><strong><em>suc</em></strong></span> <span class='ocrx_word' id='word_1_520' title='bbox 662 3696 779 3750; x_wconf 81' lang='lat' dir='ltr'><strong><em>viriliter</em></strong></span> <span class='ocrx_word' id='word_1_521' title='bbox 799 3709 916 3758; x_wconf 78' lang='lat' dir='ltr'><strong><em>meeesso,</em></strong></span> <span class='ocrx_word' id='word_1_522' title='bbox 967 3696 1035 3748; x_wconf 88' lang='lat' dir='ltr'><strong><em>vivit</em></strong></span> <span class='ocrx_word' id='word_1_523' title='bbox 1052 3698 1077 3748; x_wconf 92' lang='lat' dir='ltr'><strong><em>et</em></strong></span> <span class='ocrx_word' id='word_1_524' title='bbox 1095 3698 1190 3760; x_wconf 87' lang='lat' dir='ltr'><strong><em>reqnat</em></strong></span> <span class='ocrx_word' id='word_1_525' title='bbox 1206 3694 1360 3762; x_wconf 84' lang='lat' dir='ltr'><strong><em>peremnia</em></strong></span> <span class='ocrx_word' id='word_1_526' title='bbox 1380 3693 1479 3746; x_wconf 80' lang='lat' dir='ltr'><strong><em>secula</em></strong></span> <span class='ocrx_word' id='word_1_527' title='bbox 1496 3694 1661 3747; x_wconf 71' lang='lat' dir='ltr'><strong><em>serculorum.</em></strong></span> <span class='ocrx_word' id='word_1_528' title='bbox 1683 3695 1780 3748; x_wconf 82' lang='lat' dir='ltr'><strong><em>Amen.</em></strong></span> <span class='ocrx_word' id='word_1_529' title='bbox 1859 3754 1862 3759; x_wconf 54' lang='grc'><strong>,</strong></span> 
     </span>
     <span class='ocr_line' id='line_1_39' title="bbox 102 3785 1867 3860; baseline -0.001 -17"><span class='ocrx_word' id='word_1_530' title='bbox 102 3805 180 3860; x_wconf 85' lang='lat' dir='ltr'><strong><em>super</em></strong></span> <span class='ocrx_word' id='word_1_531' title='bbox 196 3804 240 3844; x_wconf 91' lang='lat' dir='ltr'><strong><em>eos</em></strong></span> <span class='ocrx_word' id='word_1_532' title='bbox 259 3805 374 3857; x_wconf 76' lang='lat' dir='ltr'><strong><em>sequare</em></strong></span> <span class='ocrx_word' id='word_1_533' title='bbox 391 3795 535 3859; x_wconf 75' lang='lat' dir='ltr'><strong><em>ceperunt.</em></strong></span> <span class='ocrx_word' id='word_1_534' title='bbox 551 3788 785 3857; x_wconf 71' lang='lat' dir='ltr'><strong><em>dupli-Sauones,</em></strong></span> <span class='ocrx_word' id='word_1_535' title='bbox 805 3789 918 3843; x_wconf 89' lang='lat' dir='ltr'><strong><em>ducibus</em></strong></span> <span class='ocrx_word' id='word_1_536' title='bbox 1004 3786 1165 3840; x_wconf 76' lang='lat' dir='ltr'><strong><em>Admiratus</em></strong></span> <span class='ocrx_word' id='word_1_537' title='bbox 1180 3801 1228 3840; x_wconf 81' lang='lat' dir='ltr'><strong><em>rex</em></strong></span> <span class='ocrx_word' id='word_1_538' title='bbox 1248 3800 1314 3839; x_wconf 89' lang='lat' dir='ltr'><strong><em>cum</em></strong></span> <span class='ocrx_word' id='word_1_539' title='bbox 1330 3785 1493 3856; x_wconf 85' lang='lat' dir='ltr'><strong><em>proceribus</em></strong></span> <span class='ocrx_word' id='word_1_540' title='bbox 1508 3785 1564 3839; x_wconf 90' lang='lat' dir='ltr'><strong><em>suis</em></strong></span> <span class='ocrx_word' id='word_1_541' title='bbox 1578 3785 1699 3856; x_wconf 82' lang='lat' dir='ltr'><strong><em>insignis</em></strong></span> <span class='ocrx_word' id='word_1_542' title='bbox 1718 3803 1781 3841; x_wconf 87' lang='lat' dir='ltr'><strong><em>mo·</em></strong></span> <span class='ocrx_word' id='word_1_543' title='bbox 1857 3816 1867 3827; x_wconf 73' lang='lat'><em>-</em></span> 
     </span>
     <span class='ocr_line' id='line_1_40' title="bbox 103 3877 1782 3953; baseline -0.003 -14"><span class='ocrx_word' id='word_1_544' title='bbox 103 3885 215 3953; x_wconf 72' lang='lat' dir='ltr'><strong><em>llenqut</em></strong></span> <span class='ocrx_word' id='word_1_545' title='bbox 230 3888 255 3936; x_wconf 92' lang='lat' dir='ltr'><strong><em>et</em></strong></span> <span class='ocrx_word' id='word_1_546' title='bbox 269 3884 366 3945; x_wconf 84' lang='lat' dir='ltr'><strong><em>liorsa,</em></strong></span> <span class='ocrx_word' id='word_1_547' title='bbox 382 3884 548 3944; x_wconf 83' lang='lat' dir='ltr'><strong><em>Britonibus,</em></strong></span> <span class='ocrx_word' id='word_1_548' title='bbox 566 3884 615 3950; x_wconf 88' lang='lat' dir='ltr'><strong><em>qni</em></strong></span> <span class='ocrx_word' id='word_1_549' title='bbox 631 3897 702 3936; x_wconf 90' lang='lat' dir='ltr'><strong><em>nunc</em></strong></span> <span class='ocrx_word' id='word_1_550' title='bbox 715 3883 809 3938; x_wconf 89' lang='lat' dir='ltr'><strong><em>Gualli</em></strong></span> <span class='ocrx_word' id='word_1_551' title='bbox 820 3897 918 3936; x_wconf 87' lang='lat' dir='ltr'><strong><em>noean-</em></strong></span> <span class='ocrx_word' id='word_1_552' title='bbox 968 3879 1053 3935; x_wconf 88' lang='lat' dir='ltr'><strong><em>nachi</em></strong></span> <span class='ocrx_word' id='word_1_553' title='bbox 1072 3879 1270 3947; x_wconf 85' lang='lat' dir='ltr'><strong><em>constantiam,</em></strong></span> <span class='ocrx_word' id='word_1_554' title='bbox 1287 3879 1406 3950; x_wconf 82' lang='lat' dir='ltr'><strong><em>supplex</em></strong></span> <span class='ocrx_word' id='word_1_555' title='bbox 1421 3895 1453 3932; x_wconf 92' lang='lat' dir='ltr'><strong><em>ac</em></strong></span> <span class='ocrx_word' id='word_1_556' title='bbox 1468 3877 1586 3933; x_wconf 82' lang='lat' dir='ltr'><strong><em>devotus</em></strong></span> <span class='ocrx_word' id='word_1_557' title='bbox 1600 3879 1742 3950; x_wconf 86' lang='lat' dir='ltr'><strong><em>impendit</em></strong></span> <span class='ocrx_word' id='word_1_558' title='bbox 1756 3881 1782 3936; x_wconf 88' lang='lat' dir='ltr'><strong><em>ei</em></strong></span> 
     </span>
     <span class='ocr_line' id='line_1_41' title="bbox 104 3972 1782 4047; baseline -0.001 -17"><span class='ocrx_word' id='word_1_559' title='bbox 104 3983 155 4038; x_wconf 86' lang='lat' dir='ltr'><strong><em>tur,</em></strong></span> <span class='ocrx_word' id='word_1_560' title='bbox 169 3977 316 4047; x_wconf 78' lang='lat' dir='ltr'><strong><em>imperium</em></strong></span> <span class='ocrx_word' id='word_1_561' title='bbox 331 3976 402 4029; x_wconf 90' lang='lat' dir='ltr'><strong><em>dolis</em></strong></span> <span class='ocrx_word' id='word_1_562' title='bbox 418 3982 442 4029; x_wconf 89' lang='lat' dir='ltr'><strong><em>et</em></strong></span> <span class='ocrx_word' id='word_1_563' title='bbox 458 3975 626 4042; x_wconf 69' lang='lat' dir='ltr'><strong><em>fortitudine</em></strong></span> <span class='ocrx_word' id='word_1_564' title='bbox 640 3976 702 4043; x_wconf 87' lang='lat' dir='ltr'><strong><em>jam</em></strong></span> <span class='ocrx_word' id='word_1_565' title='bbox 716 3977 774 4042; x_wconf 71' lang='lat' dir='ltr'><strong><em>sere</em></strong></span> <span class='ocrx_word' id='word_1_566' title='bbox 790 3977 920 4030; x_wconf 76' lang='lat' dir='ltr'><strong><em>sescentis</em></strong></span> <span class='ocrx_word' id='word_1_567' title='bbox 970 3973 1120 4028; x_wconf 88' lang='lat' dir='ltr'><strong><em>decentem</em></strong></span> <span class='ocrx_word' id='word_1_568' title='bbox 1135 3972 1335 4039; x_wconf 83' lang='lat' dir='ltr'><strong><em>reverentiam,</em></strong></span> <span class='ocrx_word' id='word_1_569' title='bbox 1352 3975 1381 4026; x_wconf 88' lang='lat' dir='ltr'><strong><em>et</em></strong></span> <span class='ocrx_word' id='word_1_570' title='bbox 1395 3976 1593 4043; x_wconf 85' lang='lat' dir='ltr'><strong><em>competenter</em></strong></span> <span class='ocrx_word' id='word_1_571' title='bbox 1607 3972 1782 4028; x_wconf 84' lang='lat' dir='ltr'><strong><em>honoratum</em></strong></span> 
     </span>
     <span class='ocr_line' id='line_1_42' title="bbox 103 4064 1870 4137; baseline -0.002 -14"><span class='ocrx_word' id='word_1_572' title='bbox 103 4073 183 4124; x_wconf 86' lang='lat' dir='ltr'><strong><em>annis</em></strong></span> <span class='ocrx_word' id='word_1_573' title='bbox 204 4069 388 4124; x_wconf 87' lang='lat' dir='ltr'><strong><em>abstulerunt.</em></strong></span> <span class='ocrx_word' id='word_1_574' title='bbox 413 4068 530 4129; x_wconf 76' lang='lat' dir='ltr'><strong><em>deliniti,</em></strong></span> <span class='ocrx_word' id='word_1_575' title='bbox 553 4069 602 4136; x_wconf 89' lang='lat' dir='ltr'><strong><em>qui</em></strong></span> <span class='ocrx_word' id='word_1_576' title='bbox 623 4068 806 4122; x_wconf 81' lang='lat' dir='ltr'><strong><em>scandinavia</em></strong></span> <span class='ocrx_word' id='word_1_577' title='bbox 829 4070 919 4123; x_wconf 89' lang='lat' dir='ltr'><strong><em>insula</em></strong></span> <span class='ocrx_word' id='word_1_578' title='bbox 966 4066 1051 4137; x_wconf 82' lang='lat' dir='ltr'><strong><em>jussit</em></strong></span> <span class='ocrx_word' id='word_1_579' title='bbox 1065 4082 1132 4120; x_wconf 89' lang='lat' dir='ltr'><strong><em>eum</em></strong></span> <span class='ocrx_word' id='word_1_580' title='bbox 1147 4081 1275 4121; x_wconf 87' lang='lat' dir='ltr'><strong><em>remeare</em></strong></span> <span class='ocrx_word' id='word_1_581' title='bbox 1286 4065 1315 4120; x_wconf 91' lang='lat' dir='ltr'><strong><em>in</em></strong></span> <span class='ocrx_word' id='word_1_582' title='bbox 1325 4065 1493 4130; x_wconf 86' lang='lat' dir='ltr'><strong><em>Neustriam,</em></strong></span> <span class='ocrx_word' id='word_1_583' title='bbox 1506 4064 1601 4136; x_wconf 90' lang='lat' dir='ltr'><strong><em>ibique</em></strong></span> <span class='ocrx_word' id='word_1_584' title='bbox 1616 4081 1673 4137; x_wconf 88' lang='lat' dir='ltr'><strong><em>quo</em></strong></span> <span class='ocrx_word' id='word_1_585' title='bbox 1689 4065 1782 4135; x_wconf 86' lang='lat' dir='ltr'><strong><em>vallet,</em></strong></span> <span class='ocrx_word' id='word_1_586' title='bbox 1864 4088 1870 4107; x_wconf 90' lang='lat'><strong>·</strong></span> 
     </span>
     <span class='ocr_line' id='line_1_43' title="bbox 102 4158 1783 4233; baseline -0.003 -14"><span class='ocrx_word' id='word_1_587' title='bbox 102 4170 171 4219; x_wconf 87' lang='lat' dir='ltr'><strong><em>sorte</em></strong></span> <span class='ocrx_word' id='word_1_588' title='bbox 182 4163 261 4233; x_wconf 74' lang='lat' dir='ltr'><strong><em>ejecti</em></strong></span> <span class='ocrx_word' id='word_1_589' title='bbox 272 4168 347 4223; x_wconf 88' lang='lat' dir='ltr'><strong><em>sunt,</em></strong></span> <span class='ocrx_word' id='word_1_590' title='bbox 363 4167 493 4229; x_wconf 76' lang='lat' dir='ltr'><strong><em>reputante</em></strong></span> <span class='ocrx_word' id='word_1_591' title='bbox 507 4162 624 4216; x_wconf 71' lang='lat' dir='ltr'><strong><em>albuino</em></strong></span> <span class='ocrx_word' id='word_1_592' title='bbox 637 4177 697 4229; x_wconf 84' lang='lat' dir='ltr'><strong><em>reqe</em></strong></span> <span class='ocrx_word' id='word_1_593' title='bbox 711 4163 767 4230; x_wconf 79' lang='lat' dir='ltr'><strong><em>tilio</em></strong></span> <span class='ocrx_word' id='word_1_594' title='bbox 783 4162 918 4227; x_wconf 70' lang='lat' dir='ltr'><strong><em>drudonis,</em></strong></span> <span class='ocrx_word' id='word_1_595' title='bbox 970 4176 1049 4213; x_wconf 90' lang='lat' dir='ltr'><strong><em>svam</em></strong></span> <span class='ocrx_word' id='word_1_596' title='bbox 1069 4160 1225 4230; x_wconf 72' lang='lat' dir='ltr'><strong><em>prestolari</em></strong></span> <span class='ocrx_word' id='word_1_597' title='bbox 1244 4160 1436 4231; x_wconf 77' lang='lat' dir='ltr'><strong><em>praesentiam.</em></strong></span> <span class='ocrx_word' id='word_1_598' title='bbox 1452 4158 1589 4213; x_wconf 84' lang='lat' dir='ltr'><strong><em>Auditum</em></strong></span> <span class='ocrx_word' id='word_1_599' title='bbox 1604 4162 1647 4214; x_wconf 86' lang='lat' dir='ltr'><strong><em>cst</em></strong></span> <span class='ocrx_word' id='word_1_600' title='bbox 1665 4159 1783 4231; x_wconf 86' lang='lat' dir='ltr'><strong><em>passim,</em></strong></span> 
     </span>
     <span class='ocr_line' id='line_1_44' title="bbox 101 4251 1783 4327; baseline -0.001 -17"><span class='ocrx_word' id='word_1_601' title='bbox 101 4262 208 4327; x_wconf 88' lang='lat' dir='ltr'><strong><em>partem</em></strong></span> <span class='ocrx_word' id='word_1_602' title='bbox 222 4256 320 4323; x_wconf 74' lang='lat' dir='ltr'><strong><em>ltalia,</em></strong></span> <span class='ocrx_word' id='word_1_603' title='bbox 331 4270 392 4324; x_wconf 75' lang='lat' dir='ltr'><strong><em>qum</em></strong></span> <span class='ocrx_word' id='word_1_604' title='bbox 403 4270 473 4308; x_wconf 89' lang='lat' dir='ltr'><strong><em>nunc</em></strong></span> <span class='ocrx_word' id='word_1_605' title='bbox 485 4255 676 4322; x_wconf 69' lang='lat' dir='ltr'><strong><em>Ltenqobardia</em></strong></span> <span class='ocrx_word' id='word_1_606' title='bbox 689 4255 800 4317; x_wconf 85' lang='lat' dir='ltr'><strong><em>dicitur,</em></strong></span> <span class='ocrx_word' id='word_1_607' title='bbox 810 4256 919 4309; x_wconf 88' lang='lat' dir='ltr'><strong><em>invase-</em></strong></span> <span class='ocrx_word' id='word_1_608' title='bbox 968 4257 1117 4324; x_wconf 88' lang='lat' dir='ltr'><strong><em>postquam</em></strong></span> <span class='ocrx_word' id='word_1_609' title='bbox 1136 4253 1325 4308; x_wconf 87' lang='lat' dir='ltr'><strong><em>Guitmundus</em></strong></span> <span class='ocrx_word' id='word_1_610' title='bbox 1338 4251 1373 4306; x_wconf 89' lang='lat' dir='ltr'><strong><em>ad</em></strong></span> <span class='ocrx_word' id='word_1_611' title='bbox 1389 4255 1469 4324; x_wconf 89' lang='lat' dir='ltr'><strong><em>septa</em></strong></span> <span class='ocrx_word' id='word_1_612' title='bbox 1488 4253 1653 4307; x_wconf 85' lang='lat' dir='ltr'><strong><em>monasterii</em></strong></span> <span class='ocrx_word' id='word_1_613' title='bbox 1673 4253 1717 4308; x_wconf 92' lang='lat' dir='ltr'><strong><em>sui</em></strong></span> <span class='ocrx_word' id='word_1_614' title='bbox 1736 4269 1783 4308; x_wconf 88' lang='lat' dir='ltr'><strong><em>re·</em></strong></span> 
     </span>
     <span class='ocr_line' id='line_1_45' title="bbox 103 4320 1784 4417; baseline -0.003 -12"><span class='ocrx_word' id='word_1_615' title='bbox 103 4357 177 4412; x_wconf 87' lang='lat' dir='ltr'><strong><em>runt,</em></strong></span> <span class='ocrx_word' id='word_1_616' title='bbox 191 4355 219 4405; x_wconf 89' lang='lat' dir='ltr'><strong><em>et</em></strong></span> <span class='ocrx_word' id='word_1_617' title='bbox 231 4351 360 4405; x_wconf 81' lang='lat' dir='ltr'><strong><em>Romanis</em></strong></span> <span class='ocrx_word' id='word_1_618' title='bbox 372 4320 641 4403; x_wconf 66' lang='lat' dir='ltr'><strong><em>diutius⁴resistentes</em></strong></span> <span class='ocrx_word' id='word_1_619' title='bbox 652 4364 723 4402; x_wconf 82' lang='lat' dir='ltr'><strong><em>nurse</em></strong></span> <span class='ocrx_word' id='word_1_620' title='bbox 735 4363 819 4417; x_wconf 89' lang='lat' dir='ltr'><strong><em>usque</em></strong></span> <span class='ocrx_word' id='word_1_621' title='bbox 832 4352 920 4402; x_wconf 90' lang='lat' dir='ltr'><strong><em>tenue·</em></strong></span> <span class='ocrx_word' id='word_1_622' title='bbox 969 4347 1084 4414; x_wconf 83' lang='lat' dir='ltr'><strong><em>meavit,</em></strong></span> <span class='ocrx_word' id='word_1_623' title='bbox 1106 4347 1181 4417; x_wconf 90' lang='lat' dir='ltr'><strong><em>quod</em></strong></span> <span class='ocrx_word' id='word_1_624' title='bbox 1202 4346 1262 4417; x_wconf 89' lang='lat' dir='ltr'><strong><em>ipse</em></strong></span> <span class='ocrx_word' id='word_1_625' title='bbox 1281 4346 1471 4401; x_wconf 78' lang='lat' dir='ltr'><strong><em>nrouachilem</em></strong></span> <span class='ocrx_word' id='word_1_626' title='bbox 1491 4346 1659 4416; x_wconf 85' lang='lat' dir='ltr'><strong><em>pauperiem</em></strong></span> <span class='ocrx_word' id='word_1_627' title='bbox 1679 4345 1784 4401; x_wconf 87' lang='lat' dir='ltr'><strong><em>divitiis</em></strong></span> 
     </span>
     <span class='ocr_line' id='line_1_46' title="bbox 104 4435 1783 4512; baseline -0.004 -14"><span class='ocrx_word' id='word_1_628' title='bbox 104 4452 178 4500; x_wconf 85' lang='lat' dir='ltr'><strong><em>runt.</em></strong></span> <span class='ocrx_word' id='word_1_629' title='bbox 192 4445 289 4501; x_wconf 85' lang='lat' dir='ltr'><strong><em>Omnes</em></strong></span> <span class='ocrx_word' id='word_1_630' title='bbox 303 4443 341 4503; x_wconf 89' lang='lat' dir='ltr'><strong><em>hi,</em></strong></span> <span class='ocrx_word' id='word_1_631' title='bbox 355 4457 420 4511; x_wconf 91' lang='lat' dir='ltr'><strong><em>quos</em></strong></span> <span class='ocrx_word' id='word_1_632' title='bbox 431 4444 544 4496; x_wconf 84' lang='lat' dir='ltr'><strong><em>victoria</em></strong></span> <span class='ocrx_word' id='word_1_633' title='bbox 559 4445 693 4508; x_wconf 78' lang='lat' dir='ltr'><strong><em>turpentes</em></strong></span> <span class='ocrx_word' id='word_1_634' title='bbox 709 4442 818 4504; x_wconf 89' lang='lat' dir='ltr'><strong><em>recolui,</em></strong></span> <span class='ocrx_word' id='word_1_635' title='bbox 836 4443 920 4511; x_wconf 86' lang='lat' dir='ltr'><strong><em>paulo</em></strong></span> <span class='ocrx_word' id='word_1_636' title='bbox 930 4441 959 4512; x_wconf 83' lang='lat' dir='ltr'>D</span> <span class='ocrx_word' id='word_1_637' title='bbox 971 4440 1166 4510; x_wconf 91' lang='lat' dir='ltr'><strong><em>cpiscoporum</em></strong></span> <span class='ocrx_word' id='word_1_638' title='bbox 1180 4440 1377 4510; x_wconf 74' lang='lat' dir='ltr'><strong><em>preposuerit,</em></strong></span> <span class='ocrx_word' id='word_1_639' title='bbox 1387 4437 1500 4509; x_wconf 84' lang='lat' dir='ltr'><strong><em>siquod</em></strong></span> <span class='ocrx_word' id='word_1_640' title='bbox 1511 4437 1660 4491; x_wconf 85' lang='lat' dir='ltr'><strong><em>obtentum</em></strong></span> <span class='ocrx_word' id='word_1_641' title='bbox 1671 4435 1783 4509; x_wconf 75' lang='lat' dir='ltr'><strong><em>Anglias</em></strong></span> 
     </span>
     <span class='ocr_line' id='line_1_47' title="bbox 103 4530 1783 4610; baseline -0.006 -16"><span class='ocrx_word' id='word_1_642' title='bbox 103 4543 161 4610; x_wconf 88' lang='lat' dir='ltr'><strong><em>post</em></strong></span> <span class='ocrx_word' id='word_1_643' title='bbox 169 4540 277 4592; x_wconf 66' lang='lat' dir='ltr'><strong><em>miserae</em></strong></span> <span class='ocrx_word' id='word_1_644' title='bbox 290 4537 486 4604; x_wconf 84' lang='lat' dir='ltr'><strong><em>subjacuerunt</em></strong></span> <span class='ocrx_word' id='word_1_645' title='bbox 497 4537 636 4605; x_wconf 83' lang='lat' dir='ltr'><strong><em>perniciei,</em></strong></span> <span class='ocrx_word' id='word_1_646' title='bbox 646 4536 763 4605; x_wconf 84' lang='lat' dir='ltr'><strong><em>parique</em></strong></span> <span class='ocrx_word' id='word_1_647' title='bbox 775 4551 834 4589; x_wconf 90' lang='lat' dir='ltr'><strong><em>cum</em></strong></span> <span class='ocrx_word' id='word_1_648' title='bbox 844 4537 920 4590; x_wconf 61' lang='lat' dir='ltr'><strong><em>citetis</em></strong></span> <span class='ocrx_word' id='word_1_649' title='bbox 970 4533 997 4586; x_wconf 90' lang='lat' dir='ltr'><strong><em>in</em></strong></span> <span class='ocrx_word' id='word_1_650' title='bbox 1014 4531 1165 4603; x_wconf 77' lang='lat' dir='ltr'><strong><em>presentia</em></strong></span> <span class='ocrx_word' id='word_1_651' title='bbox 1180 4532 1257 4602; x_wconf 85' lang='lat' dir='ltr'><strong><em>regis</em></strong></span> <span class='ocrx_word' id='word_1_652' title='bbox 1271 4534 1299 4586; x_wconf 86' lang='lat' dir='ltr'><strong><em>et</em></strong></span> <span class='ocrx_word' id='word_1_653' title='bbox 1314 4532 1484 4602; x_wconf 87' lang='lat' dir='ltr'><strong><em>optimatum</em></strong></span> <span class='ocrx_word' id='word_1_654' title='bbox 1503 4530 1564 4600; x_wconf 87' lang='lat' dir='ltr'><strong><em>ejas</em></strong></span> <span class='ocrx_word' id='word_1_655' title='bbox 1583 4530 1715 4600; x_wconf 88' lang='lat' dir='ltr'><strong><em>rapinam</em></strong></span> <span class='ocrx_word' id='word_1_656' title='bbox 1732 4548 1783 4602; x_wconf 86' lang='lat' dir='ltr'><strong><em>ap-</em></strong></span> 
     </span>
     <span class='ocr_line' id='line_1_48' title="bbox 104 4622 1782 4696; baseline -0.005 -9"><span class='ocrx_word' id='word_1_657' title='bbox 104 4633 265 4687; x_wconf 86' lang='lat' dir='ltr'><strong><em>contritioue</em></strong></span> <span class='ocrx_word' id='word_1_658' title='bbox 288 4631 355 4685; x_wconf 88' lang='lat' dir='ltr'><strong><em>torti</em></strong></span> <span class='ocrx_word' id='word_1_659' title='bbox 378 4629 613 4684; x_wconf 87' lang='lat' dir='ltr'><strong><em>irremediabiliter</em></strong></span> <span class='ocrx_word' id='word_1_660' title='bbox 637 4633 746 4696; x_wconf 84' lang='lat' dir='ltr'><strong><em>qemurrt</em></strong></span> <span class='ocrx_word' id='word_1_661' title='bbox 768 4630 798 4681; x_wconf 87' lang='lat' dir='ltr'><strong><em>in</em></strong></span> <span class='ocrx_word' id='word_1_662' title='bbox 824 4629 920 4683; x_wconf 88' lang='lat' dir='ltr'><strong><em>cloacis</em></strong></span> <span class='ocrx_word' id='word_1_663' title='bbox 968 4625 1126 4696; x_wconf 85' lang='lat' dir='ltr'><strong><em>pellarerit,</em></strong></span> <span class='ocrx_word' id='word_1_664' title='bbox 1138 4624 1253 4695; x_wconf 90' lang='lat' dir='ltr'><strong><em>etquod</em></strong></span> <span class='ocrx_word' id='word_1_665' title='bbox 1264 4640 1364 4679; x_wconf 79' lang='lat' dir='ltr'><strong><em>vnrnes</em></strong></span> <span class='ocrx_word' id='word_1_666' title='bbox 1375 4624 1519 4694; x_wconf 86' lang='lat' dir='ltr'><strong><em>episcopos</em></strong></span> <span class='ocrx_word' id='word_1_667' title='bbox 1532 4624 1574 4677; x_wconf 83' lang='lat' dir='ltr'><strong><em>rel</em></strong></span> <span class='ocrx_word' id='word_1_668' title='bbox 1585 4622 1711 4691; x_wconf 86' lang='lat' dir='ltr'><strong><em>abbates,</em></strong></span> <span class='ocrx_word' id='word_1_669' title='bbox 1724 4623 1782 4695; x_wconf 90' lang='lat' dir='ltr'><strong><em>qui,</em></strong></span> 
     </span>
     <span class='ocr_line' id='line_1_49' title="bbox 105 4715 1782 4789; baseline -0.005 -9"><span class='ocrx_word' id='word_1_670' title='bbox 105 4727 192 4781; x_wconf 81' lang='lat' dir='ltr'><strong><em>Erebi.</em></strong></span> <span class='ocrx_word' id='word_1_671' title='bbox 217 4725 380 4785; x_wconf 86' lang='lat' dir='ltr'><strong><em>Normanni,</em></strong></span> <span class='ocrx_word' id='word_1_672' title='bbox 400 4723 449 4776; x_wconf 92' lang='lat' dir='ltr'><strong><em>sub</em></strong></span> <span class='ocrx_word' id='word_1_673' title='bbox 465 4723 575 4778; x_wconf 87' lang='lat' dir='ltr'><strong><em>lloltone</em></strong></span> <span class='ocrx_word' id='word_1_674' title='bbox 596 4722 672 4784; x_wconf 90' lang='lat' dir='ltr'><strong><em>duce,</em></strong></span> <span class='ocrx_word' id='word_1_675' title='bbox 694 4723 848 4776; x_wconf 88' lang='lat' dir='ltr'><strong><em>Neustriam</em></strong></span> <span class='ocrx_word' id='word_1_676' title='bbox 868 4721 919 4775; x_wconf 87' lang='lat' dir='ltr'><strong><em>Ca·</em></strong></span> <span class='ocrx_word' id='word_1_677' title='bbox 970 4718 1132 4773; x_wconf 87' lang='lat' dir='ltr'><strong><em>nolentibus</em></strong></span> <span class='ocrx_word' id='word_1_678' title='bbox 1147 4717 1253 4789; x_wconf 74' lang='lat' dir='ltr'><strong><em>anglis,</em></strong></span> <span class='ocrx_word' id='word_1_679' title='bbox 1269 4718 1298 4771; x_wconf 89' lang='lat' dir='ltr'><strong><em>in</em></strong></span> <span class='ocrx_word' id='word_1_680' title='bbox 1314 4717 1437 4771; x_wconf 88' lang='lat' dir='ltr'><strong><em>ecclesiis</em></strong></span> <span class='ocrx_word' id='word_1_681' title='bbox 1451 4715 1560 4786; x_wconf 78' lang='lat' dir='ltr'><strong><em>Angliae</em></strong></span> <span class='ocrx_word' id='word_1_682' title='bbox 1578 4716 1687 4786; x_wconf 75' lang='lat' dir='ltr'><strong><em>praelati</em></strong></span> <span class='ocrx_word' id='word_1_683' title='bbox 1706 4718 1782 4787; x_wconf 90' lang='lat' dir='ltr'><strong><em>sunt,</em></strong></span> 
     </span>
     <span class='ocr_line' id='line_1_50' title="bbox 105 4809 1785 4888; baseline -0.004 -16"><span class='ocrx_word' id='word_1_684' title='bbox 105 4820 158 4873; x_wconf 84' lang='lat' dir='ltr'><strong><em>roto</em></strong></span> <span class='ocrx_word' id='word_1_685' title='bbox 171 4819 297 4888; x_wconf 85' lang='lat' dir='ltr'><strong><em>Simplici</em></strong></span> <span class='ocrx_word' id='word_1_686' title='bbox 309 4817 515 4877; x_wconf 81' lang='lat' dir='ltr'><strong><em>subtracerunt,</em></strong></span> <span class='ocrx_word' id='word_1_687' title='bbox 523 4816 636 4884; x_wconf 79' lang='lat' dir='ltr'><strong><em>jamque</em></strong></span> <span class='ocrx_word' id='word_1_688' title='bbox 649 4830 698 4869; x_wconf 83' lang='lat' dir='ltr'><strong><em>exe</em></strong></span> <span class='ocrx_word' id='word_1_689' title='bbox 712 4817 800 4877; x_wconf 68' lang='lat' dir='ltr'><strong><em>arinis</em></strong></span> <span class='ocrx_word' id='word_1_690' title='bbox 814 4822 921 4868; x_wconf 90' lang='lat' dir='ltr'><strong><em>contra·</em></strong></span> <span class='ocrx_word' id='word_1_691' title='bbox 970 4812 1134 4882; x_wconf 84' lang='lat' dir='ltr'><strong><em>rapacitatis</em></strong></span> <span class='ocrx_word' id='word_1_692' title='bbox 1154 4810 1346 4881; x_wconf 81' lang='lat' dir='ltr'><strong><em>redarguerit.</em></strong></span> <span class='ocrx_word' id='word_1_693' title='bbox 1367 4809 1458 4864; x_wconf 88' lang='lat' dir='ltr'><strong><em>Verba</em></strong></span> <span class='ocrx_word' id='word_1_694' title='bbox 1477 4809 1565 4880; x_wconf 81' lang='lat' dir='ltr'><strong><em>igitur</em></strong></span> <span class='ocrx_word' id='word_1_695' title='bbox 1582 4809 1642 4879; x_wconf 86' lang='lat' dir='ltr'><strong><em>ejus</em></strong></span> <span class='ocrx_word' id='word_1_696' title='bbox 1660 4827 1712 4880; x_wconf 90' lang='lat' dir='ltr'><strong><em>per</em></strong></span> <span class='ocrx_word' id='word_1_697' title='bbox 1730 4813 1785 4865; x_wconf 85' lang='lat' dir='ltr'><strong><em>An·</em></strong></span> 
     </span>
     <span class='ocr_line' id='line_1_51' title="bbox 105 4902 1785 4978; baseline -0.005 -12"><span class='ocrx_word' id='word_1_698' title='bbox 105 4912 253 4967; x_wconf 85' lang='lat' dir='ltr'><strong><em>dicentibus</em></strong></span> <span class='ocrx_word' id='word_1_699' title='bbox 271 4911 360 4968; x_wconf 82' lang='lat' dir='ltr'><strong><em>Gallis</em></strong></span> <span class='ocrx_word' id='word_1_700' title='bbox 374 4914 399 4963; x_wconf 91' lang='lat' dir='ltr'><strong><em>et</em></strong></span> <span class='ocrx_word' id='word_1_701' title='bbox 417 4925 476 4963; x_wconf 79' lang='lat' dir='ltr'><strong><em>crem</em></strong></span> <span class='ocrx_word' id='word_1_702' title='bbox 494 4909 585 4963; x_wconf 91' lang='lat' dir='ltr'><strong><em>bellico</em></strong></span> <span class='ocrx_word' id='word_1_703' title='bbox 603 4909 720 4963; x_wconf 90' lang='lat' dir='ltr'><strong><em>tumultu</em></strong></span> <span class='ocrx_word' id='word_1_704' title='bbox 733 4923 801 4978; x_wconf 74' lang='lat' dir='ltr'><strong><em>saepe</em></strong></span> <span class='ocrx_word' id='word_1_705' title='bbox 816 4909 918 4962; x_wconf 74' lang='lat' dir='ltr'><strong><em>calcem·</em></strong></span> <span class='ocrx_word' id='word_1_706' title='bbox 971 4905 1058 4976; x_wconf 83' lang='lat' dir='ltr'><strong><em>glinm</em></strong></span> <span class='ocrx_word' id='word_1_707' title='bbox 1070 4907 1124 4959; x_wconf 88' lang='lat' dir='ltr'><strong><em>lale</em></strong></span> <span class='ocrx_word' id='word_1_708' title='bbox 1136 4905 1281 4976; x_wconf 78' lang='lat' dir='ltr'><strong><em>divulgata</em></strong></span> <span class='ocrx_word' id='word_1_709' title='bbox 1292 4907 1367 4968; x_wconf 89' lang='lat' dir='ltr'><strong><em>sunt,</em></strong></span> <span class='ocrx_word' id='word_1_710' title='bbox 1378 4906 1408 4956; x_wconf 89' lang='lat' dir='ltr'><strong><em>et</em></strong></span> <span class='ocrx_word' id='word_1_711' title='bbox 1418 4902 1559 4957; x_wconf 87' lang='lat' dir='ltr'><strong><em>subtiliter</em></strong></span> <span class='ocrx_word' id='word_1_712' title='bbox 1568 4903 1704 4958; x_wconf 83' lang='lat' dir='ltr'><strong><em>ventilata</em></strong></span> <span class='ocrx_word' id='word_1_713' title='bbox 1714 4905 1785 4958; x_wconf 91' lang='lat' dir='ltr'><strong><em>mul·</em></strong></span> 
     </span>
     <span class='ocr_line' id='line_1_52' title="bbox 106 4995 1785 5072; baseline -0.005 -12"><span class='ocrx_word' id='word_1_714' title='bbox 106 5007 253 5066; x_wconf 81' lang='lat' dir='ltr'><strong><em>aientibus,</em></strong></span> <span class='ocrx_word' id='word_1_715' title='bbox 273 5009 426 5059; x_wconf 88' lang='lat' dir='ltr'><strong><em>tennerunt.</em></strong></span> <span class='ocrx_word' id='word_1_716' title='bbox 452 5003 524 5070; x_wconf 81' lang='lat' dir='ltr'><strong><em>Qriid</em></strong></span> <span class='ocrx_word' id='word_1_717' title='bbox 544 5003 576 5057; x_wconf 93' lang='lat' dir='ltr'><strong><em>de</em></strong></span> <span class='ocrx_word' id='word_1_718' title='bbox 593 5003 702 5072; x_wconf 79' lang='lat' dir='ltr'><strong><em>(lepidis</em></strong></span> <span class='ocrx_word' id='word_1_719' title='bbox 718 5008 743 5056; x_wconf 90' lang='lat' dir='ltr'><strong><em>et</em></strong></span> <span class='ocrx_word' id='word_1_720' title='bbox 767 5002 919 5064; x_wconf 76' lang='lat' dir='ltr'><strong><em>ll&#39;andalis,</em></strong></span> <span class='ocrx_word' id='word_1_721' title='bbox 970 5000 1005 5054; x_wconf 90' lang='lat' dir='ltr'><strong><em>tis</em></strong></span> <span class='ocrx_word' id='word_1_722' title='bbox 1021 4998 1235 5070; x_wconf 85' lang='lat' dir='ltr'><strong><em>displicuerant,</em></strong></span> <span class='ocrx_word' id='word_1_723' title='bbox 1250 4998 1299 5069; x_wconf 89' lang='lat' dir='ltr'><strong><em>qui</em></strong></span> <span class='ocrx_word' id='word_1_724' title='bbox 1313 5013 1450 5067; x_wconf 88' lang='lat' dir='ltr'><strong><em>sequaces</em></strong></span> <span class='ocrx_word' id='word_1_725' title='bbox 1465 4995 1526 5066; x_wconf 87' lang='lat' dir='ltr'><strong><em>ejus</em></strong></span> <span class='ocrx_word' id='word_1_726' title='bbox 1542 5011 1602 5051; x_wconf 91' lang='lat' dir='ltr'><strong><em>esse</em></strong></span> <span class='ocrx_word' id='word_1_727' title='bbox 1618 4998 1785 5067; x_wconf 87' lang='lat' dir='ltr'><strong><em>spernentes</em></strong></span> 
     </span>
     <span class='ocr_line' id='line_1_53' title="bbox 107 5090 1785 5165; baseline -0.004 -12"><span class='ocrx_word' id='word_1_728' title='bbox 107 5099 196 5154; x_wconf 79' lang='lat' dir='ltr'><strong><em>Gothis</em></strong></span> <span class='ocrx_word' id='word_1_729' title='bbox 208 5103 235 5153; x_wconf 90' lang='lat' dir='ltr'><strong><em>et</em></strong></span> <span class='ocrx_word' id='word_1_730' title='bbox 248 5098 483 5164; x_wconf 74' lang='lat' dir='ltr'><strong><em>iureis,lluniset</em></strong></span> <span class='ocrx_word' id='word_1_731' title='bbox 495 5096 738 5165; x_wconf 73' lang='lat' dir='ltr'><strong><em>[teretisquidde</em></strong></span> <span class='ocrx_word' id='word_1_732' title='bbox 750 5096 813 5149; x_wconf 89' lang='lat' dir='ltr'><strong><em>aliis</em></strong></span> <span class='ocrx_word' id='word_1_733' title='bbox 826 5095 921 5164; x_wconf 87' lang='lat' dir='ltr'><strong><em>loquar</em></strong></span> <span class='ocrx_word' id='word_1_734' title='bbox 971 5096 1068 5146; x_wconf 82' lang='lat' dir='ltr'><strong><em>cvritra</em></strong></span> <span class='ocrx_word' id='word_1_735' title='bbox 1088 5109 1154 5146; x_wconf 89' lang='lat' dir='ltr'><strong><em>eum</em></strong></span> <span class='ocrx_word' id='word_1_736' title='bbox 1177 5091 1288 5164; x_wconf 79' lang='lat' dir='ltr'><strong><em>ingenti</em></strong></span> <span class='ocrx_word' id='word_1_737' title='bbox 1307 5090 1394 5145; x_wconf 86' lang='lat' dir='ltr'><strong><em>livore</em></strong></span> <span class='ocrx_word' id='word_1_738' title='bbox 1415 5095 1592 5145; x_wconf 86' lang='lat' dir='ltr'><strong><em>exarserunt.</em></strong></span> <span class='ocrx_word' id='word_1_739' title='bbox 1613 5091 1675 5145; x_wconf 89' lang='lat' dir='ltr'><strong><em>Non</em></strong></span> <span class='ocrx_word' id='word_1_740' title='bbox 1696 5091 1785 5146; x_wconf 91' lang='lat' dir='ltr'><strong><em>multo</em></strong></span> 
     </span>
     <span class='ocr_line' id='line_1_54' title="bbox 107 5183 1785 5258; baseline -0.005 -11"><span class='ocrx_word' id='word_1_741' title='bbox 107 5189 922 5258; x_wconf 74' lang='lat' dir='ltr'><strong><em>barbarisPQuorumconatusadnihilestaliredrrisifurari</em></strong></span> <span class='ocrx_word' id='word_1_742' title='bbox 970 5190 1042 5257; x_wconf 90' lang='lat' dir='ltr'><strong><em>post,</em></strong></span> <span class='ocrx_word' id='word_1_743' title='bbox 1064 5186 1198 5240; x_wconf 84' lang='lat' dir='ltr'><strong><em>defuncto</em></strong></span> <span class='ocrx_word' id='word_1_744' title='bbox 1217 5187 1324 5240; x_wconf 88' lang='lat' dir='ltr'><strong><em>loaune</em></strong></span> <span class='ocrx_word' id='word_1_745' title='bbox 1346 5183 1623 5253; x_wconf 81' lang='lat' dir='ltr'><strong><em>Rothvmageusium</em></strong></span> <span class='ocrx_word' id='word_1_746' title='bbox 1644 5184 1785 5254; x_wconf 87' lang='lat' dir='ltr'><strong><em>archiepi-</em></strong></span> 
     </span>
     <span class='ocr_line' id='line_1_55' title="bbox 105 5276 1784 5356; baseline -0.005 -16"><span class='ocrx_word' id='word_1_747' title='bbox 105 5290 129 5340; x_wconf 89' lang='lat' dir='ltr'><strong><em>ct</em></strong></span> <span class='ocrx_word' id='word_1_748' title='bbox 141 5299 250 5356; x_wconf 89' lang='lat' dir='ltr'><strong><em>rapere,</em></strong></span> <span class='ocrx_word' id='word_1_749' title='bbox 265 5289 301 5346; x_wconf 88' lang='lat' dir='ltr'><strong><em>et,</em></strong></span> <span class='ocrx_word' id='word_1_750' title='bbox 315 5284 470 5337; x_wconf 89' lang='lat' dir='ltr'><strong><em>conculcata</em></strong></span> <span class='ocrx_word' id='word_1_751' title='bbox 482 5297 557 5353; x_wconf 85' lang='lat' dir='ltr'><strong><em>poce,</em></strong></span> <span class='ocrx_word' id='word_1_752' title='bbox 565 5282 670 5352; x_wconf 74' lang='lat' dir='ltr'><strong><em>jupiter</em></strong></span> <span class='ocrx_word' id='word_1_753' title='bbox 683 5283 796 5349; x_wconf 70' lang='lat' dir='ltr'><strong><em>larue?</em></strong></span> <span class='ocrx_word' id='word_1_754' title='bbox 811 5285 920 5337; x_wconf 83' lang='lat' dir='ltr'><strong><em>Terrena</em></strong></span> <span class='ocrx_word' id='word_1_755' title='bbox 971 5296 1070 5351; x_wconf 85' lang='lat' dir='ltr'><strong><em>scopo,</em></strong></span> <span class='ocrx_word' id='word_1_756' title='bbox 1086 5296 1135 5334; x_wconf 88' lang='lat' dir='ltr'><strong><em>rex</em></strong></span> <span class='ocrx_word' id='word_1_757' title='bbox 1154 5283 1182 5333; x_wconf 91' lang='lat' dir='ltr'><strong><em>et</em></strong></span> <span class='ocrx_word' id='word_1_758' title='bbox 1197 5279 1244 5333; x_wconf 89' lang='lat' dir='ltr'><strong><em>alii</em></strong></span> <span class='ocrx_word' id='word_1_759' title='bbox 1259 5278 1356 5349; x_wconf 90' lang='lat' dir='ltr'><strong><em>plures</em></strong></span> <span class='ocrx_word' id='word_1_760' title='bbox 1371 5276 1579 5332; x_wconf 87' lang='lat' dir='ltr'><strong><em>Guitmundum</em></strong></span> <span class='ocrx_word' id='word_1_761' title='bbox 1594 5277 1628 5330; x_wconf 89' lang='lat' dir='ltr'><strong><em>ad</em></strong></span> <span class='ocrx_word' id='word_1_762' title='bbox 1643 5277 1784 5348; x_wconf 89' lang='lat' dir='ltr'><strong><em>archiepi-</em></strong></span> 
     </span>
     <span class='ocr_line' id='line_1_56' title="bbox 106 5370 1874 5446; baseline -0.003 -16"><span class='ocrx_word' id='word_1_763' title='bbox 106 5379 228 5440; x_wconf 88' lang='lat' dir='ltr'><strong><em>turbont,</em></strong></span> <span class='ocrx_word' id='word_1_764' title='bbox 248 5377 317 5432; x_wconf 78' lang='lat' dir='ltr'><strong><em>ades</em></strong></span> <span class='ocrx_word' id='word_1_765' title='bbox 335 5381 513 5437; x_wconf 84' lang='lat' dir='ltr'><strong><em>concremant,</em></strong></span> <span class='ocrx_word' id='word_1_766' title='bbox 533 5376 621 5430; x_wconf 90' lang='lat' dir='ltr'><strong><em>orbem</em></strong></span> <span class='ocrx_word' id='word_1_767' title='bbox 638 5380 746 5438; x_wconf 81' lang='lat' dir='ltr'><strong><em>occant,</em></strong></span> <span class='ocrx_word' id='word_1_768' title='bbox 765 5390 826 5446; x_wconf 84' lang='lat' dir='ltr'><strong><em>opes</em></strong></span> <span class='ocrx_word' id='word_1_769' title='bbox 841 5375 920 5429; x_wconf 83' lang='lat' dir='ltr'><strong><em>dissi-</em></strong></span> <span class='ocrx_word' id='word_1_770' title='bbox 971 5376 1117 5443; x_wconf 87' lang='lat' dir='ltr'><strong><em>scopatum</em></strong></span> <span class='ocrx_word' id='word_1_771' title='bbox 1144 5372 1306 5445; x_wconf 75' lang='lat' dir='ltr'><strong><em>elegorunl3</em></strong></span> <span class='ocrx_word' id='word_1_772' title='bbox 1332 5371 1380 5426; x_wconf 88' lang='lat' dir='ltr'><strong><em>sed</em></strong></span> <span class='ocrx_word' id='word_1_773' title='bbox 1404 5371 1500 5425; x_wconf 82' lang='lat' dir='ltr'><strong><em>aemiili</em></strong></span> <span class='ocrx_word' id='word_1_774' title='bbox 1520 5372 1592 5440; x_wconf 84' lang='lat' dir='ltr'><strong><em>ojus,</em></strong></span> <span class='ocrx_word' id='word_1_775' title='bbox 1615 5386 1686 5440; x_wconf 87' lang='lat' dir='ltr'><strong><em>qnos</em></strong></span> <span class='ocrx_word' id='word_1_776' title='bbox 1709 5370 1785 5425; x_wconf 90' lang='lat' dir='ltr'><strong><em>idem</em></strong></span> <span class='ocrx_word' id='word_1_777' title='bbox 1870 5432 1874 5441; x_wconf 30' lang='grc' dir='ltr'>Ι</span> 
     </span>
     <span class='ocr_line' id='line_1_57' title="bbox 102 5463 1784 5541; baseline -0.006 -14"><span class='ocrx_word' id='word_1_778' title='bbox 102 5479 181 5541; x_wconf 88' lang='lat' dir='ltr'><strong><em>pant,</em></strong></span> <span class='ocrx_word' id='word_1_779' title='bbox 195 5470 467 5538; x_wconf 79' lang='lat' dir='ltr'><strong><em>hominesjuqulaut,</em></strong></span> <span class='ocrx_word' id='word_1_780' title='bbox 481 5471 573 5525; x_wconf 83' lang='lat' dir='ltr'><strong><em>omnia</em></strong></span> <span class='ocrx_word' id='word_1_781' title='bbox 585 5470 693 5537; x_wconf 72' lang='lat' dir='ltr'><strong><em>laedant</em></strong></span> <span class='ocrx_word' id='word_1_782' title='bbox 710 5475 735 5523; x_wconf 91' lang='lat' dir='ltr'><strong><em>et</em></strong></span> <span class='ocrx_word' id='word_1_783' title='bbox 754 5471 919 5539; x_wconf 87' lang='lat' dir='ltr'><strong><em>inquietant.</em></strong></span> <span class='ocrx_word' id='word_1_784' title='bbox 971 5467 1186 5538; x_wconf 78' lang='lat' dir='ltr'><strong><em>vituperaverat,</em></strong></span> <span class='ocrx_word' id='word_1_785' title='bbox 1207 5483 1244 5520; x_wconf 90' lang='lat' dir='ltr'><strong><em>ue</em></strong></span> <span class='ocrx_word' id='word_1_786' title='bbox 1266 5465 1450 5536; x_wconf 67' lang='lat' dir='ltr'><strong><em>archipraesul</em></strong></span> <span class='ocrx_word' id='word_1_787' title='bbox 1471 5463 1555 5517; x_wconf 83' lang='lat' dir='ltr'><strong><em>lieret</em></strong></span> <span class='ocrx_word' id='word_1_788' title='bbox 1575 5467 1714 5534; x_wconf 84' lang='lat' dir='ltr'><strong><em>qnantum</em></strong></span> <span class='ocrx_word' id='word_1_789' title='bbox 1735 5481 1784 5534; x_wconf 88' lang='lat' dir='ltr'><strong><em>po-</em></strong></span> 
     </span>
     <span class='ocr_line' id='line_1_58' title="bbox 106 5556 1785 5634; baseline -0.005 -14"><span class='ocrx_word' id='word_1_790' title='bbox 106 5568 152 5620; x_wconf 85' lang='lat' dir='ltr'><strong><em>llis</em></strong></span> <span class='ocrx_word' id='word_1_791' title='bbox 164 5568 260 5634; x_wconf 86' lang='lat' dir='ltr'><strong><em>itaque</em></strong></span> <span class='ocrx_word' id='word_1_792' title='bbox 271 5565 356 5633; x_wconf 85' lang='lat' dir='ltr'><strong><em>siquis</em></strong></span> <span class='ocrx_word' id='word_1_793' title='bbox 369 5563 466 5617; x_wconf 91' lang='lat' dir='ltr'><strong><em>mundi</em></strong></span> <span class='ocrx_word' id='word_1_794' title='bbox 480 5563 654 5633; x_wconf 83' lang='lat' dir='ltr'><strong><em>portmditur</em></strong></span> <span class='ocrx_word' id='word_1_795' title='bbox 667 5565 738 5632; x_wconf 75' lang='lat' dir='ltr'><strong><em>finis,</em></strong></span> <span class='ocrx_word' id='word_1_796' title='bbox 749 5565 820 5618; x_wconf 81' lang='lat' dir='ltr'><strong><em>simet</em></strong></span> <span class='ocrx_word' id='word_1_797' title='bbox 833 5565 921 5633; x_wconf 89' lang='lat' dir='ltr'><strong><em>ipsius</em></strong></span> <span class='ocrx_word' id='word_1_798' title='bbox 972 5566 1087 5619; x_wconf 86' lang='lat' dir='ltr'><strong><em>luerunt</em></strong></span> <span class='ocrx_word' id='word_1_799' title='bbox 1101 5560 1304 5632; x_wconf 87' lang='lat' dir='ltr'><strong><em>impedierunt.</em></strong></span> <span class='ocrx_word' id='word_1_800' title='bbox 1321 5561 1353 5615; x_wconf 91' lang='lat' dir='ltr'><strong><em>lu</em></strong></span> <span class='ocrx_word' id='word_1_801' title='bbox 1367 5563 1446 5614; x_wconf 88' lang='lat' dir='ltr'><strong><em>tanto</em></strong></span> <span class='ocrx_word' id='word_1_802' title='bbox 1460 5557 1521 5612; x_wconf 85' lang='lat' dir='ltr'><strong><em>viro</em></strong></span> <span class='ocrx_word' id='word_1_803' title='bbox 1536 5557 1576 5612; x_wconf 89' lang='lat' dir='ltr'><strong><em>nil</em></strong></span> <span class='ocrx_word' id='word_1_804' title='bbox 1594 5556 1785 5628; x_wconf 87' lang='lat' dir='ltr'><strong><em>objiciendum</em></strong></span> 
     </span>
     <span class='ocr_line' id='line_1_59' title="bbox 103 5649 1786 5728; baseline -0.007 -16"><span class='ocrx_word' id='word_1_805' title='bbox 103 5662 231 5728; x_wconf 88' lang='lat' dir='ltr'><strong><em>patenter</em></strong></span> <span class='ocrx_word' id='word_1_806' title='bbox 250 5656 391 5711; x_wconf 87' lang='lat' dir='ltr'><strong><em>edocemur</em></strong></span> <span class='ocrx_word' id='word_1_807' title='bbox 409 5672 471 5711; x_wconf 89' lang='lat' dir='ltr'><strong><em>vvcc</em></strong></span> <span class='ocrx_word' id='word_1_808' title='bbox 494 5657 651 5711; x_wconf 84' lang='lat' dir='ltr'><strong><em>Veritatis:</em></strong></span> <span class='ocrx_word' id='word_1_809' title='bbox 673 5678 686 5705; x_wconf 90' lang='lat'>«</span> <span class='ocrx_word' id='word_1_810' title='bbox 707 5659 838 5725; x_wconf 84' lang='lat' dir='ltr'><strong><em>llusurqet</em></strong></span> <span class='ocrx_word' id='word_1_811' title='bbox 857 5671 921 5725; x_wconf 88' lang='lat' dir='ltr'><strong><em>qens</em></strong></span> <span class='ocrx_word' id='word_1_812' title='bbox 971 5657 1156 5725; x_wconf 83' lang='lat' dir='ltr'><strong><em>invenerunt,</em></strong></span> <span class='ocrx_word' id='word_1_813' title='bbox 1181 5654 1235 5709; x_wconf 90' lang='lat' dir='ltr'><strong><em>uisi</em></strong></span> <span class='ocrx_word' id='word_1_814' title='bbox 1251 5653 1332 5727; x_wconf 74' lang='lat' dir='ltr'><strong><em>quod</em></strong></span> <span class='ocrx_word' id='word_1_815' title='bbox 1354 5652 1428 5708; x_wconf 87' lang='lat' dir='ltr'><strong><em>lilius</em></strong></span> <span class='ocrx_word' id='word_1_816' title='bbox 1450 5657 1523 5708; x_wconf 88' lang='lat' dir='ltr'><strong><em>esset</em></strong></span> <span class='ocrx_word' id='word_1_817' title='bbox 1546 5649 1714 5723; x_wconf 86' lang='lat' dir='ltr'><strong><em>presbyteri.</em></strong></span> <span class='ocrx_word' id='word_1_818' title='bbox 1737 5649 1786 5703; x_wconf 84' lang='lat' dir='ltr'><strong><em>tlle</em></strong></span> 
     </span>
    </p>
   </div>
   <div class='ocr_carea' id='block_1_3' title="bbox 104 5741 1805 5827">
    <p class='ocr_par' dir='ltr' id='par_1_4' title="bbox 104 5741 1805 5827">
     <span class='ocr_line' id='line_1_60' title="bbox 104 5741 1805 5827; baseline -0.008 -17"><span class='ocrx_word' id='word_1_819' title='bbox 104 5757 199 5810; x_wconf 82' lang='lat' dir='ltr'><strong><em>omtra</em></strong></span> <span class='ocrx_word' id='word_1_820' title='bbox 217 5754 320 5821; x_wconf 73' lang='lat' dir='ltr'><strong><em>penum</em></strong></span> <span class='ocrx_word' id='word_1_821' title='bbox 338 5755 362 5807; x_wconf 91' lang='lat' dir='ltr'><strong><em>et</em></strong></span> <span class='ocrx_word' id='word_1_822' title='bbox 378 5766 490 5823; x_wconf 85' lang='lat' dir='ltr'><strong><em>requam</em></strong></span> <span class='ocrx_word' id='word_1_823' title='bbox 509 5751 638 5810; x_wconf 78' lang='lat' dir='ltr'><strong><em>advmsus</em></strong></span> <span class='ocrx_word' id='word_1_824' title='bbox 655 5767 780 5821; x_wconf 85' lang='lat' dir='ltr'><strong><em>requam,</em></strong></span> <span class='ocrx_word' id='word_1_825' title='bbox 799 5757 824 5807; x_wconf 88' lang='lat' dir='ltr'><strong><em>et</em></strong></span> <span class='ocrx_word' id='word_1_826' title='bbox 843 5757 921 5808; x_wconf 88' lang='lat' dir='ltr'><strong><em>crunt</em></strong></span> <span class='ocrx_word' id='word_1_827' title='bbox 972 5756 1068 5809; x_wconf 83' lang='lat' dir='ltr'><strong><em>autem</em></strong></span> <span class='ocrx_word' id='word_1_828' title='bbox 1091 5751 1126 5809; x_wconf 84' lang='lat' dir='ltr'><strong><em>ab</em></strong></span> <span class='ocrx_word' id='word_1_829' title='bbox 1149 5751 1231 5811; x_wconf 82' lang='lat' dir='ltr'><strong><em>omni</em></strong></span> <span class='ocrx_word' id='word_1_830' title='bbox 1252 5749 1375 5811; x_wconf 73' lang='lat' dir='ltr'><strong><em>areima</em></strong></span> <span class='ocrx_word' id='word_1_831' title='bbox 1390 5748 1516 5827; x_wconf 57' lang='lat' dir='ltr'><strong><em>perusii</em></strong></span> <span class='ocrx_word' id='word_1_832' title='bbox 1532 5746 1657 5813; x_wconf 54' lang='lat' dir='ltr'><strong><em>seusus,</em></strong></span> <span class='ocrx_word' id='word_1_833' title='bbox 1676 5745 1708 5796; x_wconf 58' lang='lat' dir='ltr'><strong><em>a&amp;</em></strong></span> <span class='ocrx_word' id='word_1_834' title='bbox 1720 5741 1805 5793; x_wconf 56' lang='lat' dir='ltr'><strong><em>‘xum</em></strong></span> 
     </span>
    </p>
   </div>
   <div class='ocr_carea' id='block_1_4' title="bbox 0 0 1896 6046">
    <p class='ocr_par' dir='ltr' id='par_1_5' title="bbox 0 0 1896 6046">
     <span class='ocr_line' id='line_1_61' title="bbox 0 0 1896 6046; baseline 0 0"><span class='ocrx_word' id='word_1_835' title='bbox 0 0 1896 6046; x_wconf 95' lang='lat' dir='ltr'><strong><em> </em></strong></span> 
     </span>
    </p>
   </div>
  </div>
 </body>
</html>
