3750 6046
87 172 139 229 080
544 169 736 228 autumnus
753 172 859 228 anuas
878 170 1094 229 teatinensis.
1113 197 1148 213 -·-
1166 168 1310 228 nortus.
1720 168 1768 227 att

87 299 255 368 Guarinum,
277 297 451 355 Richardum
470 302 500 354 et
520 298 707 355 llannullnm.
730 300 779 355 isti
799 315 904 371 nempe
954 299 1078 372 benigne
1092 301 1183 368 Pater,
1199 298 1250 354 tibi
1265 297 1373 370 gratias
1386 313 1450 371 ago,
1465 299 1528 353 tcto
1544 295 1633 352 corde
1645 294 1731 352 lando
1741 302 1766 352 et

88 393 211 450 Uticensi
227 392 381 449 conventui
400 392 526 464 legitime
546 393 734 463 praefuerunt,
749 409 801 464 pro
814 409 860 448 me
875 396 905 448 et
915 343 944 418 Α
955 392 1105 457 benedico,
1121 399 1149 448 et
1169 410 1220 465 pro
1242 391 1403 448 innumeris
1418 390 1544 447 reatibus
1564 391 1639 447 meis
1659 390 1766 446 miseri-

89 504 142 560 pro
155 488 215 543 aliis
233 493 373 559 tanquam
389 487 530 541 rationem
549 486 690 542 reddituri
707 486 904 559 vigilaverunt,
955 486 1446 558 cordiamtnamflebiliterimploro.
1457 485 1767 553 Parcemihi,lleaiine,

2 648 4 653 Ι
89 580 167 637 intus
187 586 215 636 ci
232 579 355 636 exterius
372 579 518 635 solertiam
540 579 747 647 adhibuerunt,
766 581 905 651 nobisque
956 597 1050 653 parce,
1067 586 1096 635 et
1111 598 1146 637 ne
1161 579 1321 637 confundas
1335 597 1393 636 me.
1405 580 1450 635 ild
1462 579 1677 651 infatigabilem
1690 579 1768 634 boni·

88 674 255 745 necessaria,
275 678 303 730 te
317 673 468 729 comitante
488 679 516 727 et
530 672 659 743 juvante,
674 677 905 745 procuraverunt.
955 677 1045 730 tatem
1060 681 1138 730 tuam
1151 675 1198 747 pie
1214 675 1323 746 plasma
1334 680 1416 730 tunm
1431 674 1539 746 respice
1552 678 1582 729 et
1597 674 1698 728 omnia
1710 690 1767 745 pee-

91 768 158 824 ldiis
171 768 270 837 Martii,
284 783 350 823 eum
364 784 411 822 xvi
424 783 515 822 essem
528 783 679 835 annorum,
689 768 770 839 jussa
784 767 907 823 Scrlonis
956 773 1018 825 cata
1029 785 1093 824 mea
1103 768 1223 838 dimitte,
1234 774 1263 824 et
1275 768 1415 840 absterge.
1430 770 1671 824 perseverantem
1683 767 1711 822 ia
1724 774 1768 824 tuo

91 863 183 932 electi,
197 861 369 918 Gislebertus
383 860 561 917 lexoviensis
581 862 685 932 praesul
705 861 846 915 ordinavit
860 877 907 916 me
957 863 1097 917 famulatu
1106 862 1144 917 da
1153 862 1225 918 mihi
1235 862 1419 930 volunlatem,
1433 863 1565 933 viresque
1575 860 1769 917 indeficientes
1810 868 1813 949 t

92 957 308 1013 subdiaconum.
329 954 433 1010 Deinde
455 961 519 1027 post
540 954 699 1024 biennium,
713 972 749 1009 vu
767 954 907 1010 Kalendas
958 961 1055 1011 contra
1067 956 1220 1027 versipellis
1235 955 1345 1011 Satanas
1364 955 1587 1027 malignitatem,
1605 954 1697 1011 denec
1713 956 1768 1011 adi·

91 1051 205 1122 Aprilis,
230 1051 311 1107 Serto
335 1048 476 1120 Sagiensis
496 1048 615 1104 antistes
636 1048 708 1103 mihi
729 1049 830 1104 stolam
850 1049 906 1102 iin-
957 1050 1058 1121 piscar,
1077 1052 1106 1105 te
1125 1049 1259 1119 donante,
1278 1053 1426 1122 perpetuae
1445 1049 1544 1105 salutis
1564 1048 1768 1105 haereditatem.

91 1145 186 1216 posuit
200 1145 324 1201 diaconi.
338 1145 369 1198 ln
384 1159 441 1214 quo
457 1141 548 1213 gradu
565 1158 602 1196 xv
619 1143 702 1197 anuis
720 1142 772 1197 tibi
786 1141 908 1198 libenter
958 1145 991 1198 Et
1011 1158 1077 1214 qua
1097 1142 1178 1211 milii,
1194 1142 1319 1214 benigne
1336 1144 1418 1210 Deus,
1434 1142 1480 1197 liic
1493 1148 1524 1197 et
1541 1143 1571 1197 iri
1592 1142 1693 1198 futuro
1713 1143 1769 1198 dari

92 1238 258 1294 ministravi.
274 1238 404 1308 Denique
422 1252 507 1291 xxxiii
525 1236 617 1290 aelatis
636 1252 709 1290 meae
729 1253 815 1304 anno,
830 1236 907 1291 Guil-
959 1236 1167 1308 deposc0,l1oee
1176 1236 1308 1291 amieiset
1315 1235 1543 1291 benefactoribus
1554 1236 1630 1292 meis
1640 1242 1767 1309 peropto.

92 1333 197 1388 lelmus
211 1331 443 1403 archiepiscopus
456 1329 629 1401 liothomagi
644 1344 680 1385 ini
701 1329 843 1385 Kalendas
862 1331 907 1385 ta·
959 1331 1023 1386 llaec
1039 1330 1125 1385 etiarn
1146 1331 1254 1386 eunetis
1272 1330 1405 1385 fidelibus
1424 1331 1480 1385 tuis
1496 1330 1659 1386 seeundum
1680 1331 1767 1403 previ·

94 1426 187 1482 unarii
212 1425 338 1480 oneravit
363 1441 409 1478 me
435 1422 603 1478 sacerdotio.
631 1423 738 1478 Eodem
765 1440 830 1479 vero
863 1423 908 1478 die
959 1424 1085 1479 dentiam
1101 1431 1181 1479 tuam
1195 1424 1379 1496 concupiseo;
1401 1425 1437 1479 ad
1456 1423 1616 1481 obtinenda
1637 1426 1769 1496 perennia

93 1537 187 1578 ccaaiv
204 1519 347 1586 diaconos,
362 1524 389 1572 et
404 1534 451 1572 cai
467 1517 639 1572 coiiseciavit
656 1517 828 1586 sacerdotes,
844 1533 909 1572 cum
959 1517 1045 1586 bona,
1059 1518 1163 1590 quibus
1186 1517 1322 1575 ardenter
1339 1518 1451 1575 inhiant
1472 1518 1617 1574 desideria
1634 1519 1768 1591 perfecto-

91 1614 195 1687 quibus
217 1613 253 1668 ad
274 1618 403 1667 sanctum
424 1610 513 1666 altare
534 1616 616 1666 tuum
638 1610 668 1666 in
686 1611 791 1682 Spiritu
812 1617 909 1666 saneto
959 1627 1034 1681 runi,
1050 1611 1119 1684 quia
1132 1617 1294 1667 nestrorum
1312 1629 1371 1669 non
1392 1612 1496 1669 suffieit
1513 1613 1642 1669 efficacia
1660 1614 1770 1669 merito·

94 1708 213 1764 devotus
225 1706 339 1773 accessi,
352 1706 470 1776 jamque
488 1720 570 1760 xxxiv
586 1704 669 1759 annis
680 1721 746 1759 cuin
767 1705 1070 1786 alacritatessrum.0
1092 1706 1211 1761 Domine
1234 1707 1316 1775 Deus,
1337 1707 1517 1779 omnipotens
1538 1709 1634 1775 Pater,
1647 1707 1772 1763 condita

92 1803 196 1858 mentis
208 1801 258 1856 tibi
273 1816 349 1855 saera
364 1798 521 1855 ministeria
533 1798 657 1854 fideliter
671 1799 802 1870 persolvi.
960 1803 989 1854 et
1002 1805 1097 1855 rector
1108 1799 1288 1871 angelorum,
1303 1816 1369 1856 vera
1381 1816 1446 1873 spes
1458 1805 1487 1856 ct
1509 1806 1618 1856 aeterna
1630 1800 1772 1857 beatitudo

129 1894 186 1967 Sic,
210 1895 260 1964 sie,
284 1892 407 1949 Domine
427 1894 511 1962 Deus,
535 1893 687 1963 plasmator
708 1896 737 1947 et
756 1891 910 1946 vivificator
955 1893 1110 1964 iustorum,
1124 1893 1273 1950 subveniat
1285 1894 1368 1950 uobis
1380 1895 1457 1968 apud
1476 1898 1506 1950 te
1524 1895 1664 1967 gloriosas
1686 1895 1770 1951 inter·

94 2006 186 2059 meus,
203 2004 254 2061 per
266 1988 391 2043 diversos
406 1986 512 2057 gradus
527 1984 597 2040 milii
618 1986 691 2041 duria
713 1991 760 2040 tua
781 1985 909 2057 gratuito
960 1987 1048 2043 cessio
1064 1992 1169 2042 sanctoe
1183 1987 1308 2059 Virginis
1320 1993 1348 2044 et
1360 1970 1460 2044 matris
1475 1988 1578 2056 Mariae,
1594 1995 1623 2045 et
1644 1990 1770 2044 omniurn

94 2083 207 2150 dedisti,
223 2086 249 2137 el
272 2097 363 2137 annos
384 2096 465 2146 meos
487 2079 524 2134 ad
545 2079 711 2133 servitutem
732 2081 812 2133 tuam
831 2078 908 2150 juste
960 2084 1137 2149 sanctorum,
1153 2085 1304 2152 prestante
1318 2082 1438 2138 Domino
1455 2084 1631 2138 nostratesu
1653 2082 1770 2150 Christo,

95 2176 259 2232 distinxisti.
281 2177 313 2230 Iu
337 2174 468 2230 omnibus
490 2173 569 2241 locis,
593 2172 629 2228 ad
650 2190 714 2244 quae
735 2172 909 2243 jamdudum
960 2174 1143 2245 redemptore
1160 2175 1366 2245 universorum,
1380 2175 1430 2248 qui
1443 2179 1538 2232 tecum
1551 2176 1623 2231 vivit
1636 2180 1770 2250 etregnal

94 2288 140 2326 me
167 2269 280 2340 duxisti,
303 2286 320 2324 a
343 2269 398 2324 tuis
424 2268 525 2335 amari,
546 2283 603 2322 nou
627 2266 735 2322 meritis
758 2267 840 2334 meis,
861 2266 909 2323 sed
960 2269 990 2323 in
1007 2269 1115 2324 animle
1136 2268 1257 2340 Spiritus
1277 2270 1368 2325 saneti
1381 2270 1455 2325 [leus
1473 2286 1525 2341 per
1549 2271 1651 2327 emula
1675 2272 1769 2327 saecnla

94 2381 214 2420 munere
230 2369 277 2418 tuo
291 2380 337 2418 ine
352 2363 452 2419 tacisti.
470 2364 522 2417 Pro
534 2361 673 2417 universis
685 2360 829 2417 beneliciis
843 2361 909 2430 tuis,
961 2363 1141 2420 saeculorum.
1152 2366 1254 2419 Amen.

99 2539 804 2563 *affl
1021 2539 1443 2551 —Q———m
1450 2543 1759 2557 *Μ’-...-

743 2692 827 2738 ΑΝΝΟ
849 2692 961 2739 DOMINI
981 2693 1130 2739 dcclv-tv

615 2860 1274 3037 GUERRICUS

707 3124 850 3211 laets
887 3123 1163 3213 lesatensis

823 3417 1054 3512 NOTITIA

509 3595 643 3668 tl'iauic„
659 3596 787 3652 Bittiott.
809 3595 879 3651 med.
900 3599 925 3652 et
943 3597 996 3663 ias.
1018 3598 1155 3660 attatei.
1176 3597 1223 3666 ΙΙΙ,
1244 3613 1272 3669 p.
1295 3598 1368 3667 123.)

131 3939 292 3999 Guerrlcns,
306 3951 340 3988 ex
354 3937 489 3989 canonico
506 3936 686 3997 Tomacensi‚
701 3934 806 3987 scholia
821 3935 964 4001 magistro,
977 3936 1133 3987 monachus
1146 3936 1338 3991 cisterciensis
1350 3944 1379 3991 et
1395 3941 1467 3994 circa
1488 3955 1593 3993 annum
1612 3945 1676 3996 tito
1693 3943 1775 3997 disei-

99 4002 221 4067 pulnsS.
238 4000 380 4060 bernardi,
392 4003 476 4064 atque
492 3998 555 4050 inde
573 3999 666 4050 Abbas
688 3999 857 4062 igniacensis
878 4000 906 4048 in
928 3997 1042 4049 dioecesi
1065 3999 1204 4054 Remensi.
1228 4002 1378 4053 defunctus
1400 4004 1472 4055 eirca
1496 4018 1542 4055 an.
1564 4008 1637 4065 titt,
1659 4010 1687 4057 19
1708 4009 1773 4072 Aug.

100 4068 204 4115 Auctor
219 4065 384 4122 Seruianum,
402 4064 452 4126 qui
468 4067 531 4126 post
544 4062 661 4126 primam
677 4062 757 4111 Joan.
771 4061 884 4134 Cagnaei
899 4058 1050 4113 editionem
1065 4063 1084 4123 (l
1113 4063 1200 4123 Paris,
1215 4065 1277 4116 ¹539
1302 4067 1341 4126 8⁰,
1361 4070 1506 4131 repetitam
1523 4068 1589 4118 ibid.
1607 4070 1681 4130 1507,
1698 4074 1735 4129 8⁰,
1752 4075 1777 4120 et

101 4128 201 4176 nJoan
217 4125 330 4176 Costero
342 4124 516 4174 emendat-am
532 4128 670 4188 antwerp.
686 4122 871 4195 insudemus
884 4135 899 4171 a
911 4123 1017 4174 Jacobo
1033 4123 1090 4173 Mer
1103 4137 1157 4173 ono
1176 4130 1204 4175 ct
1223 4126 1257 4175 ab
1278 4101 1390 4178 horstio
1410 4133 1436 4179 et
1454 4129 1616 4182 blabillonio
1633 4133 1696 4196 ptus
1713 4134 1775 4183 sini·

99 4189 165 4253 plici
177 4190 239 4238 vice
257 4187 360 4249 vulgati
374 4191 440 4236 suut
451 4198 514 4237 cuin
528 4186 557 4237 S.
569 4186 700 4236 Beruardl
714 4187 832 4249 scriptis.
853 4186 917 4235 Vere
929 4199 1022 4236 aurcos
1036 4200 1069 4235 oe
1078 4186 1188 4237 mellitos
1203 4193 1282 4239 vocat
1294 4188 1487 4253 Contionatus,
1500 4193 1546 4257 qui
1562 4193 1668 4244 eisdem
1686 4195 1776 4246 locum

98 4250 173 4302 dedit
185 4253 214 4300 in
229 4264 280 4300 sua
296 4247 452 4299 Bibliotheca
464 4249 668 4299 concionatoria.
684 4249 801 4298 Exstant
835 4247 969 4312 uoquein
983 4248 1145 4299 Bibliotheca
1162 4251 1272 4301 Putrem
1289 4252 1462 4315 Colontcus.,
1482 4262 1549 4304 torn.
1570 4256 1636 4306 Xlll
1664 4271 1702 4308 ex
1718 4258 1775 4308 edi·

102 4316 176 4364 tione
189 4313 305 4363 loannis
319 4310 436 4366 Costeri.
452 4315 478 4362 et
494 4312 521 4360 iu
535 4309 714 4374 lugdunensi
731 4314 748 4358 t.
764 4261 866 4382 ΧΧῚΙΙ,
880 4314 907 4359 et
919 4320 948 4358 se
970 4311 1065 4382 arctim
1084 4311 1171 4375 bugd.
1189 4313 1257 4375 1030,
1280 4315 1379 4365 edente
1400 4316 1495 4367 btuuro
1516 4293 1671 4381 Raynald0‚
1692 4321 1776 4371 Bene·

101 4377 226 4427 dictiue:
242 4380 269 4425 et
283 4374 390 4426 Gallice
402 4374 481 4423 toan.
496 4373 617 4436 Gagnaeo
629 4373 701 4445 inter
722 4376 787 4431 rete,
801 4373 886 4444 Paris.
901 4323 971 4444 idti’.
989 4372 1120 4435 Epistulae
1137 4388 1250 4438 quoque
1265 4376 1349 4427 hu'us
1370 4377 1495 4429 Guerrtci
1514 4386 1653 4431 memorat
1670 4382 1776 4432 Trithe·

101 4443 183 4499 uitus,
199 4452 259 4501 cap.
274 4439 333 4497 588,
347 4436 491 4508 Sandonis
505 4452 530 4510 p.
551 4436 595 4510 105
607 4387 727 4508 bittiatii.
742 4434 865 4507 belgica,
877 4434 1000 4505 Pastillus
1015 4448 1094 4507 super
1104 4436 1261 4509 Peattsrium
1276 4391 1366 4490 Mittas
1380 4441 1499 4491 'lernaei
1518 4444 1533 4492 2
1555 4443 1660 4492 volum.
1679 4447 1709 4494 iii
1731 4444 1777 4494 tol.

99 4503 193 4564 Longe
206 4501 284 4565 plura
298 4499 414 4551 Carolus
428 4498 559 4548 Visellius
572 4511 600 4547 ui
614 4496 734 4547 Bittiotli.
753 4497 930 4568 cistersiensi,
945 4510 972 4569 p.
987 4498 1041 4560 Ι3Ι,
1055 4511 1082 4547 m
1095 4499 1269 4564 Euongcltum
1283 4501 1408 4565 liuttici,
1420 4503 1448 4553 iu
1459 4503 1537 4554 Pauli
1550 4510 1574 4555 et
1589 4506 1616 4554 ia
1630 4507 1776 4558 Curtaeicus

100 4564 243 4628 Epictetus,
256 4575 309 4614 nec
323 4575 378 4613 non
393 4564 539 4612 tractatum
554 4560 585 4610 de
600 4560 729 4624 languere
739 4572 835 4608 animas
849 4562 974 4613 amentis.

102 4717 353 4847 ortggvigesslgveti
369 4730 451 4783 opera
464 4720 528 4770 tom.
546 4716 593 4781 ΙΙΙ,
605 4731 632 4781 p.
644 4717 690 4768 aar
704 4733 711 4779 ;
726 4714 879 4778 Labbeuni,
893 4718 958 4768 torn.
974 4716 986 4767 1
1004 4716 1040 4769 de
1055 4718 1082 4769 S.
1097 4720 1140 4778 0.,
1154 4733 1181 4784 p.
1198 4719 1260 4782 400;
1279 4721 1424 4785 Musaue,
1445 4728 1511 4775 toni.
1528 4724 1568 4776 ΙΙΙ
1586 4725 1684 4778 iamt.
1705 4732 1779 4792 typo-

173 4816 191 4842 .,
229 4818 234 4829 .
297 4819 302 4831 .
