3750 6046
172 178 223 240 ild
736 218 739 223 ·
856 182 1015 240 onusntct
1034 180 1163 239 vitatis
1799 182 1842 244 lit

169 307 325 365 diffinitum
347 312 399 376 cst,
425 310 539 381 lteoque
560 309 688 382 juvante,
712 311 849 369 Uticensis
870 311 986 369 basilica
997 310 1177 397 Aconlnsio.
1200 309 1331 367 Urbanus
1354 308 1430 367 enim
1462 326 1537 384 papa
1563 310 1691 385 genermi
1719 317 1844 369 sanxerat

169 402 236 458 ldns
257 403 422 459 Novembris
444 403 534 477 [l099]
559 404 689 461 dedicata
704 411 756 462 est.
778 408 836 462 lluc
858 407 984 462 officium
1039 404 1208 461 auctoritate
1222 410 1251 461 et
1270 405 1422 478 apostolico
1438 406 1519 477 jussu
1538 404 1740 463 inviolabiliter
1757 408 1843 462 teneri

170 499 228 551 tres
242 496 366 569 episcopi
382 497 609 555 celebraverunt.
625 499 798 555 Gislebertus
812 500 889 556 enim
901 501 985 556 Lexo—
1035 500 1168 570 coegerat
1181 499 1210 553 in
1225 500 1303 554 omni
1318 499 1471 555 Latinitate
1484 503 1516 555 ut
1531 498 1656 556 universi
1670 499 1719 571 qui
1733 516 1844 556 crucem

168 589 275 645 vicnsis
299 592 471 647 consecravit
495 592 686 665 principalem
714 610 796 649 aram
822 594 851 649 in
877 594 984 651 honore
1034 592 1138 647 Christi
1160 599 1338 665 acceperant,
1352 610 1404 649 nec
1424 594 1477 649 iter
1500 595 1529 649 in
1550 594 1708 649 Jerusalem
1729 610 1781 664 pro
1803 594 1846 649 dc·

169 688 276 740 sanctae
294 685 344 740 liei
358 684 504 758 genitricis
516 685 620 757 blaviae,
636 691 664 742 et
682 687 772 743 sancti
784 686 857 742 Petri
869 692 983 761 aposto·
1033 683 1157 740 tectione
1175 685 1326 743 voluntatis
1346 690 1528 758 peregerant,
1553 687 1583 741 in
1595 685 1711 741 nomine
1731 686 1842 742 Domini

168 779 263 835 lorum
289 779 440 851 principis,
467 796 499 834 ac
534 779 623 836 sancti
656 780 763 836 Ebrulli
793 782 981 852 contessoris3
1033 778 1211 851 reciprocum
1221 779 1320 835 callem
1329 780 1447 851 inirent,
1458 781 1697 836 autanathemate
1710 780 1844 850 percussi,

56 940 60 949 ι
170 875 199 928 et
214 872 387 928 Gislebertus
405 872 582 929 Ebroicensis
597 873 683 930 altere
697 875 732 930 ad
744 880 873 931 austrum
885 876 914 931 in
930 876 981 932 ho·
1033 876 1112 925 extra
1127 872 1280 928 Ecclesiam
1301 889 1399 944 poenas
1422 874 1545 929 luerent.
1565 872 1740 929 Multimodis
1756 873 1846 945 itaque

169 983 240 1022 nore
261 966 391 1021 omnium
408 967 621 1038 apostolorum;
642 970 722 1024 serlo
736 974 833 1025 autem
855 986 934 1025 aram
951 971 982 1025 in
1032 965 1200 1021 constrictus
1220 966 1355 1039 angariis,
1378 967 1550 1039 Stephanus,
1575 966 1714 1022 Blcsensis
1740 982 1844 1035 comes,

168 1060 275 1115 honore
289 1060 417 1115 omnium
425 1061 589 1133 Martyrum.
605 1062 739 1134 Sequenti
752 1079 820 1118 vero
835 1063 891 1132 dic,
903 1064 982 1120 Serlo
1031 1058 1182 1130 ingemuit,
1199 1076 1316 1132 seseque
1331 1061 1425 1116 denuo
1443 1061 1478 1116 ad
1501 1060 1749 1133 peregrinandum
1771 1077 1843 1133 pra-

167 1154 332 1208 crucifixum
360 1154 519 1222 benedixit,
547 1158 576 1210 et
600 1156 689 1212 altare
715 1157 789 1211 illius
807 1140 844 1211 'in
872 1157 981 1214 honore
1031 1152 1149 1223 paravit,
1163 1153 1381 1226 innumerisque
1394 1154 1532 1209 militibus
1547 1156 1602 1223 (38)
1623 1152 1717 1208 simile
1740 1152 1845 1209 deside-

168 1247 256 1301 sancti
281 1247 445 1317 Salvatoris,
466 1250 612 1320 sanctique
634 1251 736 1320 AEgidii
755 1251 935 1320 confessoris,
954 1257 983 1307 et
1031 1245 1106 1300 rium
1130 1246 1273 1301 lcrventcr
1295 1248 1421 1303 inolevit.
1445 1250 1533 1303 Bonos
1555 1248 1632 1302 enirn
1656 1263 1790 1302 rumores
1812 1247 1845 1301 de

168 1341 341 1396 Gislebertus
360 1341 538 1397 Ebroicensis
555 1360 634 1398 aram
650 1344 826 1400 matutinalis
844 1346 938 1400 missae
952 1345 980 1399 in
1032 1340 1162 1410 gloriosis
1183 1341 1345 1411 optionibus
1370 1341 1475 1396 Christi
1498 1342 1657 1408 audierant,
1674 1341 1725 1412 qui
1750 1346 1846 1395 contra

167 1434 278 1489 honoro
294 1434 424 1489 omnium
439 1439 612 1492 sanctorum.
623 1437 760 1509 Denique,
775 1454 830 1494 nvn
840 1438 981 1495 Kalendas
1031 1438 1130 1504 gentes
1145 1435 1271 1489 ethnicas
1284 1434 1481 1502 acies,sanctoe
1497 1435 1640 1489 Trinitatis
1653 1433 1711 1489 fide
1729 1434 1844 1502 armati,

167 1528 344 1596 Novembris,
362 1528 537 1585 Ehroicensis
556 1529 638 1586 heros
661 1531 696 1586 ad
719 1531 869 1588 meridiem
892 1532 980 1589 altare
1031 1525 1246 1595 dimicaverunt,
1273 1532 1302 1583 et
1327 1527 1452 1595 felicem,
1479 1528 1583 1583 virtute
1609 1527 1650 1601 pii
1676 1527 1844 1594 salvatoris,

168 1623 197 1677 in
222 1623 330 1678 honoro
353 1622 486 1678 omnium
510 1624 704 1681 consessorum
730 1616 920 1694 {sanctificatum
942 1632 979 1693 et,
1030 1620 1174 1675 victoriam
1186 1621 1281 1693 adepti
1294 1627 1370 1688 suut,
1384 1626 1560 1693 aeternasque
1571 1621 1669 1676 laudes
1683 1637 1738 1693 per
1750 1621 1847 1677 omnia

166 1717 309 1788 completa
326 1716 420 1771 misem
442 1717 643 1787 celebratione,
664 1719 693 1774 iu
714 1719 872 1791 capitulum
892 1722 978 1789 venit,
990 1692 1018 1764 Β
1030 1715 1129 1769 omoolo
1144 1719 1375 1786 promeruerunt·

165 1818 193 1866 et
225 1810 327 1865 sanctis
359 1810 616 1878 exhortationibus,
646 1812 758 1885 piisque
789 1814 922 1886 precibus
952 1820 982 1872 ct
1030 1837 1061 1891 x,
1088 1840 1125 1892 p,
1149 1840 1351 1906 mmmm„
1380 1837 1542 1905 godefridus
1569 1836 1763 1906 gigmrymae
1786 1851 1846 1891 m,

164 1903 421 1971 benedictionibus,
435 1904 538 1960 iratres
561 1905 589 1961 in
610 1906 658 1961 Dei
678 1908 754 1963 cultu
777 1908 978 1965 corroboravit.
1066 1917 1153 1973 Gracc·
1173 1923 1198 1973 ct
1220 1918 1344 1988 Sp'riani,
1365 1920 1484 1990 eaprclsis
1506 1920 1627 1980 Frcrncis,
1652 1917 1845 1972 benedicentem

168 1999 199 2054 ln
212 1998 269 2053 fine
283 2014 350 2053 vero
366 1997 495 2069 ejusdem
514 1999 592 2067 anni,
606 2000 683 2056 Serlo
701 2002 842 2071 sagiensis
855 2020 935 2058 aram
950 2004 979 2059 in
1065 2001 1200 2053 civitatem
1213 2003 1355 2069 occupant.
1371 1998 1549 2068 boymundus
1564 1997 1598 2053 de
1608 1998 1704 2053 Tolosa
1719 1996 1849 2053 Constan-

168 2092 229 2148 tcdc
253 2090 467 2163 septentrionali
488 2108 508 2148 11
528 2093 667 2149 Kalendas
688 2096 813 2150 ianuarii
840 2096 981 2153 dedicavit
1066 2078 1180 2149 iil²⁰li⁰ii
1205 2079 1281 2171 capud
1303 2079 1418 2172 Atesim
1435 2080 1626 2171 ²⁵⁰2?ssssin
1648 2081 1844 2132 mimmii·

166 2185 196 2240 in
218 2186 326 2240 honore
339 2185 468 2241 omnium
482 2185 637 2257 virginum.
654 2188 699 2243 Sic
718 2205 755 2243 vn
777 2189 875 2244 altaria
896 2190 979 2247 certis
1063 2159 1237 2215 mmmm
1250 2158 1309 2213 ‘²²¹³
1323 2175 1340 2213 ‘¹'
1353 2160 1435 2228 Sim
1448 2158 1572 2213 dmed'i·

167 2279 268 2335 diebus
283 2281 449 2335 reverenter
462 2295 479 2335 a
498 2279 588 2335 tribus
607 2281 746 2354 episcopis
761 2283 890 2339 dedicata
903 2290 978 2353 sunt,
1065 2278 1144 2332 Nono
1159 2278 1237 2348 libet,
1251 2278 1403 2333 auxiliante
1416 2278 1521 2350 Spiritu
1539 2282 1647 2346 mocio,
1661 2278 1696 2333 od
1713 2276 1844 2353 peregri·

167 2375 197 2429 et
210 2372 341 2445 gloriosis
356 2373 504 2429 ordinibus
521 2381 681 2431 sanctorum
696 2376 885 2434 ecclesiastico
899 2395 978 2436 more
1028 2387 1081 2427 ¹¹0⁸
1103 2376 1214 2427 nosimo
1233 2373 1337 2440 rodilo,
1361 2371 1485 2429 breliiet'
1506 2373 1650 2427 rsslaissffls
1673 2371 1709 2426 ‘¹0
1733 2371 1845 2426 fflsibffl

165 2468 201 2523 ed
221 2467 335 2523 laudem
359 2466 406 2523 Dei
429 2467 577 2523 distributa
597 2472 673 2537 sont,
689 2470 737 2543 qui
758 2470 850 2528 eidem
875 2472 979 2530 Sancto
1029 2482 1138 2534 omum,
1152 2467 1195 2521 Vei
1208 2466 1275 2535 finti
1291 2467 1340 2539 (lui
1361 2464 1843 2538 P⁰⁵iifi1¹ml³h⁰fflissilldffl⁸lei

164 2566 326 2616 sauctorum
343 2561 372 2615 iu
386 2561 490 2616 coelcsti
503 2578 593 2633 ragno
607 2565 808 2635 perpetualiter
822 2565 978 2638 gaudentes
1028 2559 1106 2631 Syrio
1122 2576 1294 2627 remansere,
1315 2561 1359 2616 vol
1374 2561 1409 2616 do
1431 2560 1486 2616 illio
1506 2559 1556 2632 qoi
1575 2576 1642 2615 sooo
1665 2558 1701 2615 od
1723 2562 1844 2631 bonoim

165 2655 308 2711 assistunt.
1027 2671 1079 2726 per
1090 2655 1144 2708 iter
1159 2655 1280 2710 arduum
1295 2671 1470 2710 remeavere.

198 2748 241 2803 nd
255 2749 328 2804 hanc
341 2748 548 2804 dedicationem
565 2749 644 2805 multi
663 2751 892 2808 Narmannorum
909 2771 977 2826 pro·
1062 2750 1144 2803 nnno
1164 2748 1199 2803 ob
1215 2749 1415 2805 'incornotiono
1430 2747 1543 2804 Domini
1566 2750 1645 2817 ¹099,
1662 2763 1764 2802 meme
1786 2751 1842 2805 bo·

164 2858 244 2898 ceres
270 2842 432 2912 adfuerunt,
448 2846 477 2898 et
500 2859 534 2898 cx
548 2847 669 2915 utroque
695 2845 794 2901 ordine
810 2848 867 2903 lieo
881 2848 977 2905 lidelcs
1027 2848 1120 2912 Sosio,
1145 2840 1331 2910 Godoimdtm,
1352 2841 1493 2897 Eustochii
1517 2841 1638 2898 Boloniae
1661 2841 1791 2896 consolis
1814 2842 1843 2895 oi

163 2936 326 2991 orationum
340 2953 456 2991 suarum
471 2937 606 2992 libamina
620 2937 795 2995 obtuleruut.
810 2941 977 3000 Guillelmus
1027 2936 1073 2990 ltae
1087 2935 1170 3004 filios,
1186 2950 1307 3007 rognum
1328 2935 1416 2991 David
1436 2936 1465 2991 in
1483 2935 1641 2991 iorooolom
1662 2935 1799 3006 suscepit,
1814 2939 1843 2988 oi

163 3029 242 3084 enim
264 3028 349 3083 abbas
371 3029 515 3085 Becccnsis
539 3033 569 3084 et
589 3030 727 3087 Radullus
752 3032 908 3105 Sagiensis,
927 3039 976 3092 Ar·
987 3061 1014 3136 C
1026 3028 1116 3084 tribus
1130 3029 1214 3084 aunis
1228 3030 1368 3102 regnavit.
1380 3031 1410 3083 lu
1419 3029 1480 3101 ipso
1494 3044 1602 3100 mense,
1614 3030 1745 3085 omnium
1756 3027 1841 3083 simul

162 3122 259 3178 nullus
279 3123 462 3178 troarnensis
484 3128 513 3178 et
537 3124 701 3180 Goislredus
722 3127 977 3185 constantiniensis
1026 3123 1120 3179 odhoo
1137 3124 1362 3180 commilitonum
1376 3140 1490 3179 suorum
1505 3123 1608 3179 auxilio
1624 3123 1727 3193 innius,
1743 3123 1772 3178 io
1790 3122 1839 3178 od·

162 3219 192 3272 et
224 3216 384 3273 lticherdus
416 3217 450 3272 dc
478 3217 665 3290 ansgerivilla
692 3222 720 3274 et
748 3220 915 3278 Guillelmus
940 3223 976 3279 de
1025 3218 1188 3273 miravisum
1208 3218 1356 3290 pugnavit,
1371 3221 1486 3290 [leoque
1507 3217 1698 3290 praesidiante,
1719 3216 1841 3272 feliciter

161 3310 307 3374 Glanvilla,
321 3311 441 3366 Eterdus
455 3314 485 3366 et
503 3310 668 3369 Guillelmus
689 3314 879 3384 Ebroicensis,
896 3319 975 3390 llugo
1024 3328 1114 3385 prope
1135 3313 1301 3368 amalonem
1322 3311 1518 3385 triumphavit.
1539 3312 1571 3366 In
1589 3314 1743 3379 autumno,
1762 3312 1838 3383 post·

160 3404 271 3461 Salredi
284 3403 358 3460 lilius
379 3408 408 3461 et
428 3405 594 3461 Guillelmus
616 3406 652 3462 de
673 3409 783 3478 breuis,
802 3410 977 3467 archidiaco·
1025 3423 1111 3478 quam
1120 3407 1250 3479 gentiles,
1260 3423 1372 3462 summo
1385 3407 1461 3478 ltege
1474 3405 1596 3462 Sabaoth
1603 3405 1766 3476 praeliante,
1776 3420 1839 3477 pro·

159 3514 210 3555 nes
223 3503 253 3554 et
264 3498 374 3568 decani,
388 3498 491 3571 aliique
507 3500 691 3558 honorabiles
707 3503 799 3558 elerici
812 3503 973 3575 adfuerunt,
1024 3501 1105 3555 strati
1117 3505 1193 3571 sunt,
1211 3501 1321 3573 egregii
1334 3517 1467 3573 proceres
1481 3516 1547 3556 cum
1565 3498 1623 3555 suis
1635 3498 1837 3555 commilitoni·

160 3598 188 3648 ct
201 3609 265 3647 cum
280 3591 416 3664 episcopis
429 3593 486 3648 suis
506 3592 609 3651 diviua
623 3597 767 3652 servitutis
780 3597 973 3655 ministerium
1023 3594 1076 3649 bno
1089 3595 1183 3650 redire
1197 3594 1393 3665 decrenemni,
1405 3599 1434 3649 oi
1447 3594 1546 3650 amicis
1559 3597 1645 3666 oiqoo
1658 3593 1837 3649 consortibus

160 3686 327 3742 solemnitor
341 3686 565 3759 compleverunt.
1023 3689 1227 3758 valedicentes,
1235 3689 1411 3760 reciprocum
1419 3689 1520 3746 callem
1531 3688 1667 3745 inierunt.
1677 3687 1836 3744 Radbertus

194 3782 272 3836 'lunc
294 3779 462 3835 Guillelmus
485 3781 519 3836 de
544 3782 659 3838 britolio
682 3783 775 3839 eidem
795 3785 918 3842 ecclesiae
937 3788 972 3842 de
1024 3783 1100 3838 euim
1125 3783 1179 3838 dux
1204 3783 1447 3850 lt'ormeunorum,
1468 3786 1497 3838 et
1522 3781 1684 3838 Radbertus
1706 3782 1834 3838 marchio

158 3872 315 3930 redditibus
339 3874 374 3929 de
398 3874 463 3929 Gloz
491 3891 507 3929 n
532 3875 618 3930 libras
639 3877 756 3948 singulis
778 3879 860 3933 anuis
884 3880 971 3938 dedit.
1023 3876 1254 3944 Flandrcnsium,
1268 3880 1353 3949 atque
1371 3876 1548 3933 Raimundus
1562 3876 1715 3932 Tolosanus
1730 3892 1833 3943 comes,

157 3967 319 4022 Radbertus
332 3967 416 4023 ctiam
433 3967 469 4022 de
486 3968 705 4025 Grentemaisnil
720 3971 866 4028 ecclesiam
878 3974 972 4031 Sancti
1022 3971 1143 4043 regressi
1157 3975 1233 4041 sunt,
1250 3987 1372 4044 quorum
1386 3971 1568 4027 strenuitates
1580 3969 1664 4027 'lurci
1677 3969 1835 4028 admodum

157 4059 302 4116 Samsonis
324 4060 398 4130 apud
421 4061 665 4117 ltontcm-Calveti
686 4065 971 4135 majorcm‚terram·
1022 4065 1131 4136 experti
1161 4068 1236 4121 sunt.
1263 4066 1392 4138 Cumque
1423 4065 1560 4135 redirent,
1587 4063 1685 4120 multis
1715 4065 1834 4121 coetibus

157 4168 212 4227 que
223 4151 308 4207 unius
320 4168 442 4208 carrucae
459 4153 548 4221 dedit,
562 4155 761 4228 decimamque
775 4160 971 4216 ntrndinarum
1020 4160 1239 4232 peregrinorum
1255 4160 1347 4216 obiter
1358 4160 1553 4227 obviaverunt,
1567 4159 1616 4231 qui
1631 4159 1673 4215 eis
1690 4158 1722 4213 in
1740 4160 1834 4232 prima

157 4246 285 4319 ejusdcm
302 4245 374 4301 villae
398 4252 426 4302 et
449 4248 609 4304 molendini
632 4266 664 4304 ac
687 4252 890 4313 nemorisllco
904 4271 970 4310 con·
1020 4253 1194 4325 proiectione
1211 4253 1339 4309 comitari
1358 4254 1569 4325 nequiverunt3
1592 4251 1642 4309 sed
1663 4253 1833 4326 opportuni·

157 4340 251 4396 cessit.
284 4339 458 4395 Gislebertus
489 4358 554 4397 vero
587 4342 621 4398 dc
653 4345 756 4415 Aquita
788 4347 968 4404 medietatem
1020 4352 1076 4403 tate
1107 4347 1190 4418 data,
1218 4348 1331 4420 quaudo
1359 4350 1533 4420 potuerunt,
1559 4351 1657 4402 votum
1684 4347 1775 4403 eundi
1798 4346 1834 4403 ad

155 4432 1185 4513 AquilsavillaeitasanctoEbrulloconcessitut[lichen-Dscpulcrum
1217 4441 1329 4496 bantini
1360 4441 1585 4514 compleverunt.
1611 4440 1660 4497 lsti
1691 4441 1833 4514 siquidem

155 4526 208 4584 dus
235 4528 317 4583 miles
344 4544 406 4583 cam
436 4528 547 4599 exinde,
574 4531 645 4586 sicut
673 4532 708 4588 dc
735 4534 851 4605 praelato
877 4526 986 4592 milite
1019 4535 1140 4591 nimiam
1160 4540 1317 4607 egestatem
1340 4535 1369 4590 iu
1390 4535 1490 4591 itinere
1510 4535 1700 4607 pertulerunt,
1715 4539 1833 4609 etpene

154 4627 295 4691 tenuerat,
324 4622 359 4677 de
387 4623 533 4678 monachis
560 4627 690 4696 teneret3
718 4628 834 4683 alteram
861 4630 968 4702 quippe
1018 4645 1108 4701 usque
1130 4629 1166 4684 ad
1188 4632 1308 4685 mortem
1330 4629 1453 4701 aporiati
1472 4632 1547 4684 sunt.
1565 4629 1636 4685 Nam
1659 4630 1770 4702 praevii.
1784 4628 1832 4703 qui

152 4720 274 4790 partem,
290 4717 364 4771 dono
384 4716 517 4787 Richcrii,
535 4719 623 4773 Patris
639 4720 779 4790 ejusdem,
794 4722 822 4776 in
841 4723 968 4780 dominio
1019 4722 1238 4795 precedentibus
1251 4723 1334 4778 annis
1355 4722 1488 4795 regiones
1508 4723 1583 4778 inter
1602 4723 1783 4780 Antiochiam
1805 4727 1833 4780 et

149 4810 317 4881 jamdudum
333 4809 526 4882 possidebant.
547 4812 687 4867 Radtrllus
707 4830 822 4886 quoque
842 4816 876 4871 de
894 4819 966 4874 Cou-
1016 4817 1169 4873 ierusalem
1197 4817 1359 4888 depopulati
1380 4820 1456 4885 sunt,
1485 4817 1723 4890 subsequentibus
1751 4836 1831 4891 pere-

152 4903 213 4958 chis
241 4903 420 4961 caldecotam
450 4908 479 4959 ct
505 4905 703 4975 alwintonam,
722 4925 787 4979 qum
811 4909 840 4965 in
865 4911 968 4984 hnglia
1019 4910 1107 4982 griuis
1121 4927 1172 4982 per
1186 4910 1313 4966 inediam
1328 4910 1488 4982 perniciem
1505 4911 1533 4966 in
1549 4912 1662 4968 tramite
1677 4912 1832 4970 seminare

152 5003 229 5066 sunt,
253 5003 281 5053 et
304 5001 360 5052 tres
384 4998 556 5069 agripennas
578 4999 724 5056 vinearum
748 5002 783 5058 de
804 5003 920 5074 Taenia,
940 5010 968 5062 et
1017 5012 1094 5072 runt,
1109 5005 1186 5075 quia,
1206 5004 1303 5059 occisis
1327 5005 1383 5060 sire
1402 5004 1509 5077 fugatis
1531 5005 1744 5077 provinciarum
1760 5010 1832 5064 cola

151 5091 292 5163 quidquid
305 5091 381 5162 apud
394 5090 616 5148 Guarlenvillam
632 5095 763 5163 habehat,
775 5102 804 5151 ot
814 5114 859 5152 sex
874 5099 967 5171 hospi·
1016 5099 1071 5168 nis,
1086 5115 1152 5153 arva
1166 5098 1276 5154 inculta
1296 5099 1367 5155 nihil
1387 5099 1464 5172 quod
1485 5099 1581 5154 mandi
1598 5107 1703 5172 posset,
1719 5118 1832 5175 repere-

151 5189 195 5240 tes
211 5184 239 5238 in
254 5184 343 5239 tribus
363 5184 436 5239 rillis
449 5183 507 5240 suis
527 5190 623 5242 sancto
645 5189 759 5245 Ebrullo
772 5193 921 5261 concessit,
938 5198 968 5249 et
1018 5198 1094 5249 runt.
1118 5195 1213 5262 Porro,
1228 5193 1266 5248 illi
1293 5193 1342 5264 qui
1366 5192 1507 5261 redibant,
1521 5192 1557 5249 ab
1580 5193 1763 5252 obviantibus
1783 5213 1831 5253 au·

150 5294 186 5334 ea
200 5294 264 5350 quac
287 5277 416 5334 homines
438 5278 481 5334 sui
504 5280 650 5352 dederant,
670 5288 819 5355 gratanter
838 5303 966 5345 annuens
1017 5287 1131 5344 dierunt
1143 5287 1220 5360 quod
1234 5286 1418 5342 Buamundus
1430 5287 1486 5343 dux
1500 5287 1660 5343 Laodiciam
1676 5289 1829 5359 obsideret,

151 5371 341 5427 conllrmavit.
1017 5385 1046 5437 et
1058 5382 1133 5437 intus
1145 5381 1172 5436 ci
1194 5380 1260 5436 lotis
1277 5380 1385 5435 nisibus
1401 5380 1569 5437 satellitium
1587 5379 1768 5454 imperatoris
1781 5401 1829 5441 re·

185 5465 291 5522 Eodem
305 5472 446 5539 tempore,
463 5468 560 5523 multis
572 5467 602 5524 in
623 5469 773 5528 Occidente
787 5489 893 5546 magna
905 5479 967 5532 erat
1015 5474 1137 5531 sisteret.

149 5558 283 5629 turbatio,
300 5566 328 5616 et
351 5559 426 5617 lesda
450 5562 643 5618 desertoribus
664 5564 694 5620 in
720 5568 809 5623 oculis
834 5570 965 5626 omnium
1052 5569 1121 5625 ltluc
1133 5568 1212 5625 enim
1225 5568 1287 5625 lere
1299 5584 1335 5627 xx
1348 5568 1437 5625 millia
1450 5569 1670 5643 peregrinorum
1681 5573 1828 5646 applicue-

175 5759 228 5825 βε)
243 5755 317 5813 lidii.
332 5756 459 5823 marnoa,
473 5756 550 5827 qood
563 5773 599 5814 ex
613 5763 784 5819 correctione
799 5764 971 5823 taterltneart
982 5768 1071 5839 lpslus
1083 5769 1192 5825 codicis
1204 5768 1287 5825 nobis
1301 5768 1507 5825 emendandum
1520 5766 1640 5827 ridetur.
1706 5724 1709 5729 Ι
