3750 6046
74 212 145 267 lece
747 209 890 267 blnloel.
904 238 939 250 —·
956 209 1020 265 tre.
1041 209 1087 268 Ill.
1681 212 1750 270 talo

72 331 263 397 concordant,
291 328 373 385 finire
398 329 494 384 voluit.
524 329 598 386 Nihil
623 345 692 401 ergo
717 328 779 400 jam
807 326 885 383 aliud
897 326 1049 418 Auliquod
1063 328 1199 399 generale
1214 326 1367 384 concilium
1383 328 1561 384 occidentalis
1579 329 1607 384 et
1620 327 1746 385 oriente·

72 430 169 493 restet,
185 424 240 479 nisi
259 424 337 495 quod
357 423 493 496 Spiritum
509 441 526 478 a
540 425 622 479 Patro
643 428 671 478 et
692 422 763 478 Filio
784 438 885 493 proce·
937 421 969 475 lis
991 421 1123 476 Ecclesiae
1146 421 1315 478 auctoritate
1339 423 1429 477 sancti
1451 423 1571 478 [tomani
1594 424 1746 495 pontilicis,

73 518 154 588 dere,
181 518 243 573 siue
269 519 368 590 aliqua
394 518 585 585 haesitatione,
615 517 687 573 sicut
716 517 819 583 credis,
847 515 887 571 ita
936 514 1151 571 admittentibus
1165 515 1532 588 piissimisimperatoribus
1544 516 1747 574 celebrandum

72 613 185 681 doceas,
200 612 238 667 ita
250 612 367 682 scribas,
385 618 413 668 et
427 629 492 667 cum
506 614 603 667 sancta
613 612 739 666 llomana
752 610 885 677 Ecclesia,
936 612 1018 676 esset,
1034 609 1082 664 ubi
1097 610 1158 664 hacc
1172 615 1200 665 et
1219 611 1354 665 nonnulla
1368 610 1424 665 alia
1443 611 1594 667 Catholicae
1615 612 1746 669 Ecclesiae
1777 670 1780 674 Α

72 724 137 779 quae
159 713 252 762 mater
272 710 315 761 εει
336 707 468 762 omnium
490 706 688 773 Ecclesiarum,
704 709 731 760 et
753 721 818 777 quae
833 705 887 760 hoc
936 704 1099 760 necessaria
1114 703 1272 759 secuudum
1287 705 1376 759 [teum
1397 703 1601 774 diffinirentur,
1617 722 1653 760 ne
1672 706 1746 763 lorte

71 801 155 856 docet
181 806 209 856 et
233 800 340 870 scribit,
369 801 497 872 ejusdem
525 801 580 872 (30)
607 799 674 856 lidei
704 798 885 854 concordiam
935 813 984 851 vos
1004 799 1047 852 vel
1062 814 1112 852 uos
1131 797 1161 853 iu
1183 813 1301 852 vacuum
1319 814 1508 854 curreremus.
1523 799 1632 854 Extunc
1646 814 1747 856 omues

69 895 185 951 habeas.
201 896 260 950 Non
274 912 349 951 curm
364 894 451 949 habel
464 895 512 949 bei
528 894 709 963 charitatem,
724 893 773 965 qui
788 893 884 949 Eccle-
935 908 987 946 uos
1000 891 1048 963 qui
1066 891 1096 946 in
1115 892 1244 964 partibus
1263 893 1380 948 orientis
1395 892 1550 949 Christiani
1563 909 1674 962 sumus,
1687 910 1747 951 una

69 989 120 1045 siae
135 1006 192 1045 nou
208 989 300 1060 diligit
314 988 464 1058 unitatem,
478 1005 559 1059 aqua
572 988 660 1043 atium
673 986 883 1059 quidiscordat,
935 1001 1001 1040 cum
1016 988 1114 1040 sancta
1135 986 1266 1041 Romanu
1286 987 1419 1054 Ecclesia,
1436 991 1464 1042 et
1482 1003 1548 1042 cum
1565 988 1677 1043 caeteris
1692 989 1745 1044 Ec·

69 1084 142 1138 sieut
155 1084 255 1138 beatus
274 1083 439 1138 Ambrosius
457 1082 672 1137 hlediolaueusis
692 1081 884 1154 archiepisco·
934 1082 1025 1139 clasiis
1047 1099 1111 1154 quae
1135 1090 1201 1139 sunt
1224 1084 1252 1138 in
1274 1083 1434 1154 occidente,
1459 1086 1605 1141 communi
1628 1088 1695 1142 voto
1717 1090 1747 1142 et

68 1195 126 1249 pus
141 1178 221 1245 dixit,
236 1177 311 1232 liunc
327 1178 410 1248 plane
424 1177 589 1231 haereticum
609 1193 670 1230 esso
685 1180 801 1245 coustat3
820 1174 881 1247 qui·
934 1177 996 1247 pari
1011 1193 1150 1232 consensu
1165 1177 1225 1233 siue
1242 1177 1338 1250 aliquo
1355 1183 1518 1234 nostrorum
1537 1179 1667 1236 scandalo
1682 1196 1744 1237 var·

69 1288 183 1342 eurique
216 1272 293 1326 onim
326 1271 550 1342 praesumptione
579 1273 663 1341 atque
694 1269 884 1324 obstinatione
933 1270 1002 1325 burn
1018 1270 1216 1341 hoc,Spv'rv'tes
1237 1277 1346 1327 structus
1359 1274 1512 1343 procedito
1530 1275 1608 1337 Eitio,
1623 1273 1746 1330 libenter

68 1366 184 1436 nititur,
198 1382 262 1420 cum
278 1365 389 1420 ratione
402 1371 429 1419 ει
442 1365 607 1419 auctoritate
621 1364 794 1435 sullragaute
805 1379 885 1435 supc-
934 1364 1153 1436 susciperemus,
1172 1370 1200 1420 et
1220 1365 1449 1437 praedicaremus,
1475 1373 1504 1422 et
1524 1367 1703 1435 doceremus,
1717 1372 1747 1423 et

69 1466 163 1526 ratur,
181 1460 243 1514 siue
262 1459 346 1514 venia
368 1458 536 1530 ignorantiae
552 1461 659 1530 praeeat,
675 1457 797 1530 ideoque
818 1474 882 1529 gra·
934 1457 1131 1527 scriberemus,
1147 1460 1176 1512 et
1190 1458 1220 1513 iu
1234 1459 1365 1514 Ecclesiis
1375 1460 1493 1515 orientis
1506 1460 1619 1533 publice
1632 1464 1745 1517 mutau-

69 1554 137 1608 vius
150 1553 280 1608 ollcudit.
292 1552 468 1608 llecetetiem
478 1552 654 1607 sanctitatem
663 1555 741 1605 tuam
754 1557 782 1606 et
793 1550 885 1606 humi·
934 1551 1003 1606 dum
1018 1551 1244 1608 institueremus.
1260 1574 1274 1603 u

67 1648 181 1702 litatem
198 1663 302 1714 nicam,
318 1663 383 1700 cum
406 1647 493 1700 simus
514 1645 650 1717 episcopi,
665 1647 698 1699 ιιι
718 1661 774 1700 uon
790 1646 882 1699 solum
968 1646 1119 1701 anselmus
1134 1646 1368 1718 havelbergensis
1383 1647 1616 1721 episcopusdixit
1632 1665 1639 1704 ι
1655 1670 1669 1698 u
1685 1648 1744 1705 Uti·

67 1741 194 1794 scienter
207 1740 358 1794 doceamus
374 1756 407 1794 ea
421 1756 485 1811 quan
497 1740 595 1808 simus,
611 1739 760 1793 sedetiam
775 1731 919 1810 patiere-B
931 1755 999 1795 nam
1014 1739 1069 1795 hoc
1086 1739 1208 1808 videam,
1225 1743 1255 1795 et
1275 1744 1333 1795 tam
1348 1746 1447 1796 sancto
1466 1741 1586 1797 concilio
1606 1742 1745 1799 interesse

68 1837 113 1888 ter
126 1833 266 1888 discamus
281 1850 315 1888 ea
328 1849 390 1904 quae
403 1833 474 1888 lorte
490 1833 667 1905 ignoramus.
687 1858 701 1885 »
932 1850 1057 1903 merear,
1071 1834 1121 1889 ubi
1141 1835 1276 1906 princeps
1295 1834 1491 1906 apostolorum
1510 1837 1610 1891 Petrus
1628 1836 1657 1890 iu
1678 1852 1744 1908 per·

105 1927 750 1999 Nechilesarchiepiscopush'icomcdieedixit:
767 1929 879 1982 «luam
932 1943 1003 1983 sona
1024 1928 1120 1983 vicarii
1143 1927 1187 1982 sui
1211 1927 1332 1983 Romani
1354 1929 1497 2001 pontilleis
1520 1946 1586 1985 cerm
1615 1929 1745 1985 universe

67 2021 275 2089 humilitatem,
291 2021 379 2075 trater
398 2020 572 2089 charissime,
588 2023 754 2093 amplector,
771 2025 798 2075 et
817 2037 883 2075 eeur
932 2022 1054 2078 Ecclesia
1067 2022 1096 2077 iu
1110 2038 1200 2077 uuum
1216 2023 1342 2091 collecta,
1359 2039 1423 2094 quae
1438 2023 1478 2078 illi
1491 2041 1508 2079 a
1522 2026 1578 2079 Deo
1591 2022 1746 2081 commissa

68 2115 253 2171 devotionem
266 2131 354 2186 quam
368 2114 475 2170 habere
488 2114 635 2170 viderisad
647 2115 791 2170 veritatem
804 2114 881 2183 lidei,
933 2120 985 2185 est,
1008 2115 1169 2183 consedeat,
1186 2119 1214 2170 et
1231 2116 1352 2187 Spiritus
1365 2120 1489 2184 sauctus,
1507 2117 1542 2171 de
1564 2133 1620 2189 quo
1637 2121 1743 2173 tracta·

67 2209 207 2280 admiror,
222 2215 249 2264 et
267 2211 379 2265 lateor:
402 2226 583 2282 nequaquam
600 2225 715 2281 possum
730 2226 786 2264 novi
804 2225 880 2264 com·
932 2210 1035 2277 vimus,
1051 2225 1138 2280 super
1159 2225 1257 2264 omncs
1276 2210 1461 2277 descendens,
1483 2213 1512 2265 et
1531 2226 1648 2265 omnem
1668 2209 1743 2265 veri·

68 2304 219 2361 moverite
240 2305 394 2376 loquente,
417 2303 641 2359 assentioetiam
662 2303 795 2359 ommbus
818 2318 882 2375 quae
932 2306 1102 2359 tatcmtuuc
1124 2306 1152 2358 et
1173 2320 1261 2376 usquc
1283 2304 1321 2358 ad
1344 2304 1624 2361 consummationem
1647 2303 1744 2359 saculi
1843 2348 1847 2355 .

68 2399 178 2467 dixisti,
193 2405 221 2453 ct
235 2398 340 2453 accedo
357 2404 413 2453 tutu
427 2398 523 2453 auimo
536 2404 564 2453 et
577 2404 636 2453 tolo
651 2414 777 2469 corpore.
795 2398 882 2452 Porro
932 2397 1047 2466 docens,
1061 2411 1162 2453 omnes
1180 2413 1270 2453 unum
1290 2397 1320 2451 iu
1339 2398 1450 2455 Christo
1471 2414 1536 2453 cum
1556 2400 1640 2455 l‘atro
1662 2403 1692 2454 et
1712 2397 1742 2453 iu

66 2494 157 2547 verba
171 2493 255 2548 bac:
279 2495 398 2564 Spiritus
411 2499 521 2547 serarius
539 2493 659 2563 procedit
674 2509 690 2545 ιι
714 2493 792 2553 Filio,
807 2507 878 2562 quo·
932 2491 987 2546 tide
1009 2491 1085 2546 Petri
1108 2491 1208 2546 iaciat!
1229 2491 1352 2561 Utiuour,
1375 2492 1494 2561 utinam,
1519 2492 1645 2548 utinam!
1668 2492 1742 2548 Deus

67 2587 370 2642 niamhuctcnusnon
391 2590 553 2642 sonuerunt
574 2585 683 2657 publice
704 2585 732 2639 iu
749 2584 879 2639 Ecclesiis
931 2585 1006 2653 velit,
1034 2585 1107 2639 [ιειιε
1132 2584 1208 2653 velit,
1238 2586 1310 2640 llaus
1335 2585 1423 2641 veliti
1450 2589 1528 2642 Deae
1554 2589 1579 2642 ei
1605 2602 1620 2641 o
1648 2588 1741 2649 rasos,

66 2685 244 2748 Graecorum,
265 2697 448 2754 nequaquam
470 2679 562 2734 subito
584 2685 704 2750 possunt
725 2678 831 2748 induci,
850 2680 880 2733 ιιι
929 2680 1005 2733 Doara
1027 2684 1051 2734 si
1075 2695 1089 2733 o
1116 2678 1208 2742 Tbaos,
1223 2681 1300 2734 Doce
1312 2682 1338 2735 si
1359 2695 1374 2735 o
1397 2681 1502 2736 Theos!
1523 2682 1592 2736 ltem
1614 2680 1663 2736 alii
1684 2680 1741 2736 cla·

66 2777 127 2832 siue
158 2775 255 2847 aliquo
280 2775 411 2830 scandolo
430 2774 519 2846 plebis
539 2775 581 2829 vel
604 2773 766 2845 aliquorum
785 2773 879 2827 minus
928 2778 1039 2827 mantes
1057 2772 1214 2828 dixerunt:
1239 2773 1349 2828 Bourrm
1368 2779 1420 2841 est,
1436 2774 1546 2830 bonum
1565 2778 1617 2843 est,
1633 2774 1742 2830 bonum

64 2870 253 2942 prudentium
268 2869 380 2941 publice
396 2869 561 2937 doceantur,
577 2868 622 2922 vel
635 2867 796 2922 scribantur
808 2884 816 2935 ;
830 2865 878 2921 sed
928 2865 987 2921 estt
1002 2866 1043 2922 lta
1054 2866 1114 2935 fiet,
1127 2866 1187 2935 liat,
1201 2868 1269 2923 liat!
1286 2890 1301 2919 »

95 3016 146 3079 (30)
159 3015 283 3079 EJ'rvrdom
295 3015 364 3079 fidei.
381 3017 421 3066 lta
436 3015 656 3078 amandavimus,
672 3028 738 3065 cum
752 3014 860 3066 editum
877 3016 952 3064 asset
966 3012 1081 3078 ejusdem
1095 3012 1163 3077 riori.

63 3213 217 3223 ....--.-.-—
228 3212 510 3219 .-.--.-..-.-.-.-
522 3211 704 3219 -------—-
712 3211 808 3218 ——--
818 3210 1221 3221 -..m—m·—

667 3346 836 3438 LlBER
875 3345 1131 3437 TERTIUS.

62 3562 103 3621 De
135 3557 257 3619 diverso
288 3555 489 3618 Eucharistiae
523 3555 583 3617 ritu
615 3556 792 3617 tireucorum
823 3562 853 3617 at
883 3553 1077 3626 Latinorum,
1112 3553 1255 3616 videlicet
1287 3552 1385 3635 azymi
1420 3559 1450 3614 et
1482 3551 1675 3624 tenuenteti,
1710 3557 1741 3612 et

607 3653 645 3716 de
667 3653 849 3717 tauctoritate
871 3654 1017 3717 Romanae
1039 3652 1196 3716 Ecclesia.

293 4009 486 4065 dlrlrutblt
502 4009 644 4065 PlllblUld.
887 4007 1018 4095 Atersit,
1041 4025 1092 4080 per
1114 4006 1320 4064 inhabitantem
1341 4008 1371 4060 et
1391 4004 1585 4060 abvrudantem
1606 4000 1741 4074 gratiam.

63 4116 250 4171 llecottotione
260 4129 321 4184 quaa
332 4114 409 4181 secto
423 4117 463 4167 est
474 4115 503 4167 ιἰι
519 4114 634 4169 basilico
649 4112 758 4168 Sanctae
771 4114 879 4184 Sophiae
928 4106 971 4159 11³
982 4103 1089 4174 quippe
1104 4102 1242 4174 scriplum
1257 4105 1299 4156 est
1314 4118 1321 4155 τ
1339 4101 1389 4157 Uli
1401 4101 1456 4154 duo
1466 4099 1509 4154 vel
1519 4106 1572 4153 tres
1584 4098 1743 4166 tonereedtt'

210 4195 396 4264 inpraesentia
410 4196 561 4262 sapientum
577 4194 737 4251 Graecorum.
927 4203 991 4251 seut
1015 4199 1044 4252 in
1059 4200 1166 4252 neruiue
1183 4211 1249 4262 mco,
1268 4198 1297 4249 to
1317 4195 1404 4250 medio
1423 4208 1515 4248 eoram
1537 4208 1595 4247 sam
1617 4191 1742 4262 (Mettio,

97 4293 249 4347 Anselmus
264 4290 495 4363 havelbergensis
507 4291 657 4364 episcopus
672 4291 762 4347 dixit:
777 4313 791 4341 c
805 4291 877 4345 Cum
927 4307 1006 4358 xvm,
1023 4294 1078 4359 ιθ),
1101 4290 1170 4345 dicit
1190 4290 1335 4345 Dominus.
1353 4287 1438 4342 Video
1459 4287 1546 4342 etiam
1569 4285 1659 4340 multo
1677 4284 1740 4355 plu·

60 4388 91 4442 iu
104 4387 249 4459 preterita
265 4385 441 4440 hebdomada
455 4385 485 4439 in
506 4386 579 4449 loco,
595 4386 646 4457 qvvi
667 4390 783 4440 vocatur
800 4385 875 4440 Pisa·
927 4401 972 4440 res
994 4384 1166 4440 reverendas
1187 4398 1322 4455 personas
1345 4382 1393 4437 hic
1415 4381 1589 4447 convenisse,
1610 4384 1638 4434 et
1661 4376 1741 4432 valde

62 4496 168 4536 norum
197 4480 285 4545 vicus,
312 4478 554 4548 convenissemus,
582 4483 610 4534 et
636 4480 671 4535 de
698 4478 876 4551 processione
927 4478 997 4534 mihi
1014 4477 1212 4534 meticulosum
1227 4482 1280 4543 est,
1297 4481 1325 4531 et
1338 4476 1423 4530 etiam
1439 4473 1573 4530 erubesco
1589 4472 1665 4527 iuter
1676 4474 1740 4525 tau·

61 4574 184 4645 Spiritus
203 4573 292 4628 saneti
316 4577 509 4640 tractaremus,
528 4573 604 4628 idem
624 4572 745 4644 Spiritus
763 4556 876 4627 sauctus
926 4579 971 4630 tos
984 4573 1114 4629 doctores
1126 4572 1215 4643 loqui,
1231 4572 1389 4642 intorques
1403 4585 1457 4640 ego
1470 4584 1517 4623 me
1530 4572 1666 4638 tanquam
1679 4562 1743 4619 nul·

60 4669 166 4723 docens
179 4684 295 4722 omucm
309 4667 469 4732 veritatem,
485 4666 634 4722 nobiscum
651 4667 753 4731 adluit,
767 4666 876 4738 etquid
926 4668 988 4723 lum
997 4666 1130 4723 existimo
1142 4683 1149 4733 ;
1165 4669 1195 4720 at
1208 4666 1232 4719 si
1247 4664 1317 4735 quid
1331 4680 1384 4735 pro
1400 4678 1464 4718 mea
1479 4660 1615 4733 parvitate
1629 4659 1740 4713 locutus

61 4763 97 4816 de
112 4762 183 4832 ipso,
198 4777 247 4816 seu
260 4762 295 4816 de
309 4778 359 4815 sua
378 4760 559 4833 processione
580 4761 764 4817 sentiendum
790 4766 875 4827 esset,
926 4762 1017 4830 luero,
1039 4759 1164 4832 idipsum
1186 4758 1299 4830 ignoro,
1316 4757 1339 4812 si
1357 4757 1400 4811 vel
1421 4753 1682 4819 commendatione,
1698 4750 1741 4807 vel

59 4856 121 4927 ipse
141 4872 192 4909 nos
211 4860 311 4911 urvrtua
332 4855 482 4911 collatione
503 4855 679 4910 sufficienler
698 4855 822 4923 edocuit,
847 4857 877 4909 et
927 4853 1146 4927 reprehensione
1158 4853 1284 4923 dignum
1294 4849 1371 4922 apud
1383 4866 1432 4905 vos
1441 4847 1590 4905 habeatur.
1602 4845 1706 4900 Varum
1717 4843 1741 4897 si

58 4953 126 5021 post
139 4950 243 5004 multos
258 4966 317 5004 non
333 4950 515 5005 contentiose
529 4953 557 5004 et
568 4950 703 5004 lrateruae
713 4949 877 5020 disputatio·
926 4950 956 5004 in
972 4947 1069 5003 medio
1093 4948 1241 5004 doctorum
1262 4947 1396 5001 iuventus
1412 4946 1492 4999 luero
1514 4942 1696 5012 interrogans
1715 4940 1744 4995 et

59 5045 105 5098 uis
130 5042 286 5112 anfractus,
307 5044 423 5099 taudem
447 5043 476 5098 in
503 5043 597 5114 legem
622 5043 778 5112 charitatis,
797 5046 825 5098 et
846 5043 875 5098 in
925 5042 1055 5110 audiens,
1069 5057 1254 5113 nequaquam
1269 5039 1341 5094 mihi
1354 5039 1407 5093 hoc
1421 5036 1475 5092 erit
1487 5033 1651 5107 inglorium,
1666 5047 1740 5104 praa·

58 5137 187 5209 ejusdem
211 5138 360 5192 sententiae
376 5137 557 5191 concordiam
574 5152 625 5191 nos
638 5135 785 5191 humiliter
798 5152 874 5191 cour·
926 5136 1025 5191 sertim
1039 5151 1106 5190 oum
1131 5136 1191 5206 ipse
1208 5134 1295 5189 Filius
1316 5132 1375 5200 llei,
1389 5129 1531 5202 sapientia
1551 5128 1613 5197 Dei,
1628 5128 1658 5182 in
1679 5142 1740 5181 me·

58 5232 165 5305 posuit.
182 5233 215 5286 Et
237 5231 375 5302 quoidam
400 5231 530 5285 oninium
556 5235 681 5284 vestrum
703 5230 875 5285 excellentiae
926 5230 975 5286 dio
995 5229 1144 5286 doctorum
1166 5229 1280 5296 sedens,
1303 5234 1333 5282 et
1353 5225 1534 5297 interrogans
1557 5228 1587 5279 et
1609 5220 1739 5286 audieus,

58 5326 170 5396 placuit
195 5330 226 5380 ut
249 5326 279 5380 iu
304 5325 355 5379 laec
379 5328 475 5379 sancta
496 5324 612 5379 basilica
638 5326 747 5380 Sanctia
762 5323 876 5396 Sophiae
926 5324 1091 5396 exeuvplum
1116 5321 1288 5379 humilitatis
1314 5320 1440 5391 seipsum
1463 5316 1546 5374 uobis
1572 5313 1737 5388 prebuerit.

56 5422 167 5476 iterum
187 5419 417 5484 conveniremus,
434 5418 462 5471 iu
481 5418 561 5488 cujus
580 5417 679 5473 absida
696 5434 773 5473 nuuc
792 5415 913 5488 sede-B
926 5419 985 5490 Ego
1002 5433 1071 5473 saue
1086 5417 1178 5489 magis
1193 5415 1255 5471 velo
1274 5412 1479 5485 interrogando
1493 5409 1600 5483 aliquid
1614 5408 1682 5464 boui
1696 5408 1738 5463 di·

57 5531 145 5580 mus;
174 5514 245 5568 siout
270 5511 445 5568 credendum
474 5517 516 5567 est
544 5512 621 5583 quod
651 5511 728 5567 idern
754 5512 875 5585 Spiritus
925 5529 1002 5581 caro,
1018 5528 1105 5585 quam
1118 5527 1170 5584 pro
1184 5510 1277 5566 nimia
1293 5505 1475 5576 verecundia,
1490 5521 1556 5561 cum
1572 5507 1685 5575 tempus
1698 5508 1740 5557 est

57 5615 184 5675 sauctus,
199 5608 248 5673 oui
266 5607 358 5679 replet
378 5607 478 5661 orbam
498 5612 651 5675 terrarum,
664 5622 805 5679 nusquam
822 5606 872 5662 de·
923 5605 1070 5680 loquendi,
1095 5609 1201 5673 tacere,
1214 5608 1242 5661 et
1264 5602 1386 5661 tacendo
1406 5599 1485 5674 quod
1505 5600 1579 5655 scire
1594 5597 1739 5654 desidera·

56 5702 94 5758 sit
109 5718 160 5772 por
174 5701 299 5755 divinam
314 5701 489 5771 essentiau13
507 5700 547 5755 ita
566 5716 680 5773 quoque
699 5700 873 5773 sperandum
923 5701 1001 5771 hain,
1016 5700 1164 5775 ignorare.
1179 5720 1195 5751 u
1618 5775 1623 5784 ἱ
1718 5767 1728 5779 .

57 5802 102 5854 cst
114 5801 147 5852 ut
162 5799 307 5851 tantorum
324 5795 449 5853 virorum
464 5794 617 5855 conventui
629 5812 708 5855 nuuc
722 5795 814 5859 etiem
833 5795 888 5859 iu·
960 5798 1102 5861 h'echites
1114 5794 1362 5872 archediaconus
1369 5781 1562 5848 S'xeomeh'tue
1573 5777 1699 5831 διιεῖ*
1710 5768 1790 5815 Q·
