3750 6046
135 208 200 269 ii'li

133 432 323 488 concessionis
352 436 381 488 et
405 435 629 492 confirmationis
653 438 823 509 infringere,
851 439 893 493 rel
922 438 947 492 ei

132 540 204 581 ausu
217 526 372 582 temerarie
388 529 542 584 contraire.
558 530 588 586 Si
601 532 664 603 quis
678 537 774 586 antem
792 532 844 587 hoc
859 534 949 586 atten-

132 622 196 673 tare
214 619 343 688 voluerit,
365 621 570 692 omnipotentis
584 624 643 691 lici,
659 629 687 680 ct
703 624 855 679 beatorum
874 623 949 679 Petri

135 713 165 765 et
182 711 260 766 Pauli
275 714 468 784 apostolorum
484 716 554 788 ejus,
572 716 795 789 indignationem
812 718 947 773 incurrat.

133 806 237 872 Anien,
251 822 346 876 amen,
362 824 456 863 emen.

169 898 273 954 Datum
284 915 361 955 anno
373 900 528 957 ilomiuieor
541 902 747 958 luceruationis
758 908 766 959 l
778 907 837 972 teu,
851 920 950 960 mense

131 991 208 1047 lunii
222 1008 250 1047 rv
266 991 440 1049 indictionis.

508 1089 573 1145 Cili.

133 1181 333 1249 Apripentinae,
349 1183 525 1245 lirrzurensis,
541 1183 689 1239 Melitensis
704 1186 884 1240 Ecclesirrrurn
898 1188 952 1255 epi·

169 1274 271 1329 scopos,
290 1262 414 1317 &etesiae
430 1265 628 1318 Panormitenae
647 1266 834 1334 suffragrnuees
856 1268 952 1320 consti·

172 1342 252 1401 tutos,
266 1342 377 1408 Huponi
391 1341 590 1413 archiepiscopo
603 1343 878 1414 obtemperarejubet.

382 1433 557 1506 (Beneventi,
571 1436 625 1491 lul.
644 1439 702 1507 re)

328 1526 424 1598 ipsust,
439 1528 535 1585 Sicilia
548 1529 645 1592 Secru,
662 1532 684 1597 Ι,
701 1529 756 1599 titul

170 1622 309 1677 dontinus
323 1620 589 1692 episcopusservus
603 1638 749 1678 serverum
765 1622 825 1689 nei,
841 1622 952 1677 dilectis

820 217 959 273 inurunt
980 215 1011 270 tv
1031 213 1125 272 PAPAE

169 338 244 393 Nulli
262 354 331 410 erge
347 339 467 396 omnino
486 342 568 397 liceat
591 343 663 399 hene
688 343 822 416 paginam
845 347 990 428 nostraeA

1762 218 1824 275 nn

1374 345 1439 401 CVl.

998 441 1121 496 Ecclesiae
1134 440 1283 510 ,tirunensis
1300 442 1493 509 protectionem
1513 440 1638 510 suscipit,
1657 438 1784 509 teneque
1800 447 1822 494 cl
1867 460 1869 487 ι

1286 519 1357 589 jure
1371 522 1521 589 confirmet.

1258 612 1392 684 (Narniae,
1407 615 1479 683 Aug.
1495 612 1551 685 is}

1036 708 1204 779 [birunnun
1217 708 1320 763 Annei.
1337 706 1472 777 lamule,
1488 708 1535 776 lli,
1553 706 1699 778 append..
1714 706 1789 779 leeg

1034 811 1174 864 duarenus
1194 808 1351 880 episcopus,
1372 825 1468 864 servus
1486 824 1639 863 servornm
1659 806 1725 874 uei,
1746 805 1823 861 dilec-

1000 902 1036 957 tis
1049 902 1114 956 tiliis
1124 906 1248 957 nessaeo
1260 901 1403 956 Balneusis
1415 902 1540 957 ecelesias
1555 899 1821 973 archipresbytero,

1001 996 1118 1067 ejusque
1142 995 1277 1050 iratribus
1300 1000 1359 1050 tam
1383 996 1572 1066 presentibus
1592 1010 1689 1066 quam
1712 993 1821 1059 iuturis,

1000 1089 1164 1159 regularem
1179 1088 1265 1142 vitem
1280 1087 1422 1158 protessis,
1436 1088 1465 1141 in
1482 1089 1669 1160 perpetuum.

1038 1181 1176 1238 Effectum
1190 1181 1270 1252 juste
1289 1180 1496 1252 postulantibus
1514 1180 1684 1251 indulgere,
1705 1182 1737 1234 et
1750 1180 1821 1251 vigur

1001 1275 1152 1346 equinus,
1165 1281 1193 1330 ct
1204 1274 1275 1329 erdo
1288 1274 1377 1345 exigit
1389 1274 1519 1341 rationis,
1531 1273 1701 1344 presertim
1713 1274 1819 1344 quando

1001 1369 1184 1440 praesentium
1204 1368 1363 1423 voluntates
1382 1374 1410 1421 et
1429 1368 1518 1438 pietas
1533 1365 1667 1438 adjuvat,
1683 1369 1716 1421 et
1731 1366 1823 1421 verita«

1001 1476 1060 1516 nou
1074 1461 1220 1531 relinquit.
1236 1459 1383 1528 Quocirca,
1398 1459 1494 1515 dilecti
1509 1459 1539 1514 in
1552 1459 1684 1515 Domino
1698 1458 1752 1514 iulii
1769 1476 1822 1514 ru·

1001 1555 1053 1610 tris
1067 1554 1151 1625 justis
1170 1553 1406 1626 postulationibus
1428 1555 1584 1609 elementer
1603 1552 1783 1617 annuimus,
1800 1556 1824 1607 et

1004 1649 1152 1719 praeletam
1168 1648 1325 1716 ecclesiam,
1341 1647 1370 1701 in
1384 1663 1439 1718 qua
1460 1647 1555 1702 divino
1575 1645 1747 1716 mancipati
1768 1647 1824 1701 estis

135 1713 200 1768 filiis
215 1715 387 1771 Gsuesnrrno
406 1718 435 1769 et
453 1715 625 1781 iiezariensi,
643 1721 672 1770 et
688 1715 826 1771 lielitensi
846 1716 953 1783 electis,
965 1722 993 1794 Β
1006 1741 1150 1812 obsequio,
1167 1741 1219 1794 sub
1232 1740 1308 1795 beat,
1320 1740 1396 1794 petri
1414 1747 1442 1795 et
1454 1745 1553 1795 „offla
1567 1740 1760 1810 promum„
1774 1755 1824 1793 su„

136 1807 259 1863 salutem
274 1814 303 1863 et
317 1809 506 1879 apostolicam
518 1808 758 1865 benedictionem.

172 1901 212 1955 Ne
228 1900 257 1955 in
270 1900 365 1972 aliqua
379 1901 528 1973 provincia
541 1901 672 1956 iidelibus
684 1901 848 1956 Christianis
862 1918 954 1958 seero-

117 1990 203 2048 'rum
225 1993 446 2049 ministeriorum
469 1994 615 2065 plenitudo
642 1995 762 2064 deesset,
790 1999 953 2050 sanctorum

138 2086 254 2141 Petrum
274 2086 369 2141 sanxit
386 2087 548 2156 auctoritas,
566 2094 598 2141 nt
616 2088 645 2142 in
665 2087 784 2159 singuiis
802 2088 954 2160 provinciis

138 2179 235 2250 aliqua
249 2179 416 2250 metropolis
428 2180 593 2247 haberetur,
610 2197 674 2252 quae
688 2181 749 2235 eliis
768 2186 797 2235 et
809 2183 953 2254 dispensa-

137 2271 215 2327 tione
237 2272 400 2345 regiminis,
421 2278 450 2328 et
470 2273 637 2329 auctoritate
664 2274 748 2329 efficii
771 2274 951 2346 praesideret.

139 2367 198 2420 iioc
221 2366 360 2438 siquidem
384 2367 535 2437 provincie
554 2367 657 2421 Sicilire
686 2367 784 2422 deesse
811 2368 953 2436 videntes,

139 2458 371 2514 Panormitenam
403 2460 560 2527 civitatem,
581 2476 645 2531 quer
672 2461 732 2515 solo
755 2461 815 2515 lere
841 2462 955 2515 nomine

138 2566 229 2622 usque
250 2553 336 2607 mede
355 2553 517 2624 metropolis
536 2553 705 2622 habebatur,
729 2555 756 2608 in
777 2555 956 2625 plenitudine

139 2644 286 2715 dignitatis
311 2647 500 2717 metropolites
521 2647 698 2702 decrevimus
720 2648 912 2712 statuendam,
929 2654 957 2703 et

139 2737 268 2793 civitates
295 2743 400 2793 vestras
424 2739 450 2794 ei
474 2740 540 2809 jure
573 2741 779 2811 metropolitico
812 2741 958 2812 perpetuis

140 2832 319 2902 temporibus
332 2832 654 2904 statuimussubjecere,
671 2834 805 2898 Quocirca
818 2850 870 2906 per
885 2850 954 2904 spo-

141 2924 237 2979 stolica
257 2925 333 2979 robis
354 2926 458 2998 scripta
482 2926 657 2981 mandamus
676 2932 818 2999 quatenns
838 2942 957 2982 venera-

141 3016 192 3072 bili
203 3017 282 3073 frutri
296 3024 392 3074 nostro
404 3020 514 3091 liugoni
525 3020 654 3090 ejusdem
668 3020 719 3075 loci
732 3020 956 3093 archiepiscopo,

143 3111 215 3165 sicut
240 3112 462 3183 metropolitano
485 3118 580 3169 vestre
603 3114 751 3169 humiliter
771 3114 904 3186 pareatis,
929 3085 995 3168 etC

36 3234 40 3243 ·
142 3205 331 3259 reverentiam
348 3208 377 3259 et
396 3205 535 3261 honorem
553 3206 580 3260 ei
595 3208 731 3263 studeatis
747 3208 857 3280 jugiter
878 3207 956 3262 exhi·

141 3295 221 3352 bere.

176 3391 279 3446 ilatum
293 3391 456 3462 Beneventi,
471 3408 499 3449 vs
511 3392 577 3449 idus
588 3393 665 3449 iulii.

514 3488 579 3543 CiV.

140 3579 303 3635 Moncsterii
325 3583 542 3651 iiupsburqensis
559 3584 751 3652 protectionem
771 3585 895 3654 suscipit,
912 3585 956 3639 tro-

418 3676 509 3730 noque
529 3664 677 3730 confirmet.

479 3746 563 3811 (sug.
583 3743 621 3811 s.)

142 3832 229 3902 [Velle
242 3834 332 3888 illittlr.
347 3850 375 3889 u.
393 3835 422 3889 d.
436 3834 500 3890 Get.
519 3834 584 3888 trist.
600 3839 660 3888 ent.
678 3836 785 3890 Perseis.
801 3835 844 3902 iil,
864 3851 883 3902 1,
903 3836 958 3906 i⁰.]

177 3930 313 3983 laurinus
341 3928 501 3999 episcopus,
527 3943 623 3983 seruus
645 3944 802 3997 serrorum,
825 3934 891 3996 etc,
914 3930 959 3984 iir-

142 4034 248 4075 cunnue
260 4020 355 4075 abbati
376 4020 542 4075 monasterii
559 4020 798 4093 iiuysburgeusis,
814 4027 868 4077 etc,
887 4025 959 4077 Prae-

141 4119 182 4168 ter
200 4117 372 4183 possessiones
398 4131 415 4168 c
437 4115 673 4184 praedecessoribus
697 4130 843 4176 concessus,
865 4119 961 4186 confir-

141 4212 198 4261 nret
212 4213 351 4275 sequentes
365 4227 373 4262 ε

176 4302 207 4355 ln
240 4300 318 4356 curia
348 4301 582 4368 iialberstetensi,
610 4303 699 4357 linter
730 4302 758 4355 in
792 4303 957 4370 Bodesleue,

141 4394 271 4466 ilplinge,
294 4396 403 4464 ileieve,
427 4396 602 4467 vogelstorp,
623 4395 812 4466 Tingeistede,
835 4396 953 4452 Series-

141 4489 218 4559 sede,
237 4488 412 4558 Tietevorde,
427 4489 591 4557 Erhestede,
613 4488 875 4560 Riebertiggerede,
897 4495 954 4546 hn-

142 4581 278 4650 derbehe,
301 4580 450 4638 Nieustede
474 4585 558 4654 atque
582 4582 814 4638 Fleisehzebuten
838 4584 867 4638 in
896 4584 957 4639 lie-

139 4674 230 4744 weile,
246 4677 300 4731 ete.

177 4772 231 4823 An.
252 4774 329 4838 iiiiii,
344 4769 441 4825 indict.
457 4786 495 4838 rr,
512 4769 690 4842 pontificatus
703 4770 819 4825 Adriani
833 4787 914 4843 papae
931 4774 964 4827 IV

143 4881 218 4921 aerio
231 4880 261 4919 n,

525 4936 577 4992 CV.

148 5031 275 5085 Universe
290 5029 359 5084 clere
374 5035 398 5084 ct
415 5030 515 5100 populo
536 5031 694 5097 ilopuritino
714 5030 848 5099 siginificat
868 5044 894 5084 se
914 5032 965 5085 Ar·

179 5110 291 5164 neldren
305 5110 543 5180 arehiepiscopum,
565 5130 577 5157 n
592 5109 630 5164 ud
641 5110 794 5180 apostelicae
806 5110 876 5165 sedis
888 5126 962 5181 prze-

177 5192 293 5244 sentiom
319 5192 468 5245 amotionis
491 5191 597 5244 iutuitu
617 5192 781 5253 tenentem,
809 5212 823 5238 »ι
850 5192 963 5259 benr'qne

178 5271 333 5340 suscepisse,
347 5274 375 5323 et
390 5289 404 5319 «
419 5284 561 5339 personum
581 5269 640 5338 ejus
655 5283 716 5323 cum
734 5274 789 5323 teto
808 5271 962 5341 episcopatu

177 5362 225 5403 suo
242 5355 268 5404 et
279 5365 340 5404 eum
353 5350 537 5420 mffropcneis
549 5351 606 5404 suis
618 5350 749 5420 episcopis
760 5350 844 5419 ‹rjure
854 5350 964 5420 lupetiu-

178 5429 221 5484 iris
234 5430 334 5485 iiiitini
354 5431 518 5486 Trevirensis
530 5429 732 5500 archiepiscopi,
753 5428 906 5499 apostolice
920 5443 963 5484 se-

178 5508 221 5565 dis
235 5509 331 5579 teneti,
346 5509 493 5565 oboluisse
508 5530 522 5560 »ι
539 5510 696 5566 Arnoldum
710 5509 891 5565 commendet.

411 5602 545 5673 (iternis,
559 5606 633 5674 Aug.
650 5606 706 5676 ii.)

142 5696 224 5770 [Vide
235 5696 351 5756 meiius
365 5696 400 5764 tu
412 5696 509 5751 liunde
529 5696 777 5753 oesterreielriscier
795 5697 963 5755 Geseiictts·

363 5767 483 5843 quellen.
502 5768 630 5841 isso,11,
646 5783 675 5843 p.
689 5766 747 5842 till.

1004 1835 1137 1907 cipimus,
1158 1839 1186 1889 et
1203 1833 1352 1904 presentis
1373 1832 1467 1904 scripti
1491 1833 1648 1903 privilegio
1672 1833 1824 1887 communi·

1004 1944 1077 1983 mus.
1101 1927 1247 1999 inprimis
1266 1926 1406 1997 siquidem
1429 1928 1590 1981 statuentes
1609 1932 1644 1980 ut
1659 1925 1736 1981 ordo
1756 1942 1826 1980 cene

1005 2022 1096 2088 nicus,
1117 2022 1165 2093 qui
1186 2020 1341 2074 secuudum
1362 2018 1436 2074 beati
1453 2018 1614 2089 Augustini
1639 2019 1785 2090 Regulam
1803 2025 1825 2074 ei

1007 2115 1213 2170 institutionem
1227 2113 1321 2169 Sancti
1336 2112 1477 2182 Frigdiani
1491 2112 1520 2166 in
1535 2112 1647 2168 eodem
1668 2112 1737 2167 ioco
1751 2114 1826 2167 nese

1007 2214 1052 2264 tur
1065 2207 1218 2275 institutus,
1235 2206 1379 2278 perpetuis
1389 2206 1495 2260 ibidem
1513 2206 1709 2276 temporibus
1723 2206 1825 2261 invicia·

1006 2302 1100 2358 biiiter
1112 2307 1301 2356 corrserretur.
1320 2302 1458 2355 Praeteree
1470 2315 1669 2371 quascunque
1688 2301 1826 2372 possessio·

1007 2412 1067 2462 nes,
1085 2409 1264 2467 quaecunqnc
1278 2394 1364 2457 bena,
1380 2394 1478 2448 eadem
1493 2393 1620 2448 ecelesia
1635 2394 1826 2465 inpresentia-

1007 2507 1071 2545 rum
1094 2490 1170 2560 juste
1197 2490 1225 2543 ei
1249 2488 1383 2542 canonice
1409 2487 1547 2558 possidet,
1569 2493 1623 2542 eut
1651 2487 1685 2542 in
1713 2488 1827 2542 intumus

1008 2583 1192 2639 cericessiene
1205 2580 1385 2653 pontificum,
1399 2580 1557 2651 largitione
1575 2596 1687 2651 regum
1707 2581 1753 2635 vei
1765 2582 1827 2653 priu-

1008 2677 1114 2748 cipum,
1137 2675 1279 2730 oblatione
1302 2673 1440 2739 fidelium,
1458 2689 1509 2727 seu
1532 2673 1602 2728 aliis
1619 2673 1716 2744 justis
1740 2675 1824 2735 medis,

1008 2776 1161 2843 prestante
1177 2768 1306 2830 Domino,
1323 2768 1426 2838 poterit
1439 2766 1560 2837 adipisci
1576 2766 1671 2822 lirina
1687 2768 1767 2823 uobis
1778 2785 1822 2822 res·

1008 2865 1117 2934 trisque
1141 2861 1362 2927 suecessoribus,
1386 2866 1413 2913 ei
1438 2859 1549 2913 illibata
1576 2864 1783 2930 permaneant.
1802 2862 1823 2915 ln

1009 2957 1113 3029 quibus
1124 2957 1184 3010 heac
1192 2954 1315 3026 propriis
1325 2953 1456 3008 duximus
1467 2952 1673 3023 exprimenda
1680 2955 1821 3010 vocabulis:

1046 3052 1148 3105 Hortus
1163 3052 1192 3103 et
1205 3047 1389 3102 molendinus
1403 3047 1431 3100 in
1448 3046 1510 3100 luce
1529 3046 1586 3118 qui
1608 3046 1725 3103 dicitur
1743 3050 1821 3104 Pauta-

1007 3161 1070 3213 nus,
1096 3141 1288 3215 possessiones
1317 3141 1346 3194 in
1371 3139 1524 3210 Batipulla,
1549 3146 1582 3194 et
1605 3141 1756 3214 quidquid
1773 3142 1822 3213 jure

1008 3236 1122 3294 habetis
1137 3237 1165 3290 in
1179 3237 1258 3291 curte
1273 3234 1433 3290 Castelline.
1448 3232 1622 3289 Definitivas
1639 3251 1759 3308 quoqne
1777 3252 1823 3289 sen·

1009 3331 1123 3399 tentius,
1143 3346 1213 3401 qnas
1238 3329 1426 3399 praedecessor
1447 3330 1549 3382 noster
1572 3327 1674 3384 felicis
1697 3330 1823 3385 memorie

1008 3422 1194 3478 innocentius
1207 3438 1281 3493 papa
1299 3437 1384 3493 super
1399 3421 1649 3491 controversiam,
1665 3439 1732 3495 que
1744 3422 1776 3477 de
1790 3438 1824 3476 cs·

1008 3518 1102 3590 pellis,
1131 3515 1259 3585 decimis,
1282 3513 1480 3582 oblationibus,
1503 3519 1567 3570 tem
1597 3516 1736 3572 vivorum
1758 3530 1825 3589 quau

1008 3615 1189 3666 mertuorum
1206 3612 1235 3664 et
1248 3607 1358 3679 reliquo
1368 3605 1529 3679 parochiali
1538 3607 1612 3678 jure
1628 3607 1709 3666 inter
1723 3612 1825 3665 vestran

1009 3707 1037 3759 ct
1053 3703 1233 3758 Treriensem
1248 3702 1394 3757 ecclesium
1408 3699 1589 3771 vertebatur,
1606 3704 1742 3759 noscitur
1756 3718 1825 3758 cuno·
1861 3730 1865 3741 ·

1008 3797 1070 3853 nice
1095 3797 1261 3868 protulisse,
1286 3797 1316 3849 et
1338 3793 1435 3865 scripti
1462 3792 1505 3847 sui
1535 3795 1655 3867 pagina
1683 3798 1826 3853 roborasse.

1010 3890 1090 3946 robis
1112 3888 1298 3945 nihilomiuus
1319 3886 1531 3942 confirmamus.
1555 3888 1640 3953 Quas
1664 3892 1763 3963 utiquc
1781 3906 1828 3945 seu·
1867 3942 1869 3957 ,

1008 3984 1112 4040 tentius
1134 3983 1164 4038 in
1183 3981 1332 4054 privilegio
1352 3980 1481 4053 ejusdem
1501 3981 1740 4052 praedecessoris
1757 3982 1827 4039 nestri

1012 4079 1058 4134 his
1069 4077 1160 4132 uerbis
1170 4075 1369 4148 perspeximus
1380 4074 1549 4144 descriptas.
1558 4074 1685 4133 Dudum
1696 4078 1828 4151 siquiden,

1011 4171 1115 4226 dilecte
1130 4171 1157 4225 in
1173 4170 1293 4226 licutino
1307 4169 1349 4223 lili
1363 4170 1487 4223 lestines
1502 4168 1762 4244 archipresbyter,
1771 4170 1828 4244 apud
1867 4216 1869 4229 .

1009 4283 1062 4321 nes
1076 4281 1152 4336 saepe
1171 4279 1291 4319 nrrmero
1311 4267 1427 4334 questus
1444 4278 1474 4316 es
1497 4278 1551 4333 pro
1574 4264 1700 4335 injuriis
1720 4270 1750 4322 ei
1766 4282 1830 4337 pres

1010 4361 1084 4415 suris
1098 4375 1167 4430 quas
1182 4357 1315 4412 Bninensi
1329 4355 1456 4411 ecelesiae
1470 4355 1523 4411 tibi
1539 4359 1719 4416 commissus
1734 4358 1831 4431 insum

965 4453 1129 4529 Ddieebus.
1145 4453 1221 4506 inter
1235 4456 1336 4506 caetera
1351 4466 1410 4518 ros,
1433 4448 1484 4520 qui
1509 4449 1546 4506 de
1563 4451 1685 4510 eisdem
1710 4452 1834 4527 grarani-

1015 4547 1097 4602 nibus
1117 4546 1197 4600 nobis
1215 4544 1368 4617 exposuisti
1390 4542 1526 4599 adsersus
1548 4546 1743 4605 Triuiensem
1765 4546 1834 4605 ebba·

1014 4645 1074 4696 tem
1089 4639 1212 4711 graviter
1231 4642 1347 4712 questus
1366 4654 1406 4705 es,
1422 4654 1558 4694 asserens
1576 4642 1663 4713 quod
1680 4659 1721 4700 ιιι
1734 4643 1836 4716 capellas

1014 4751 1079 4789 eum
1094 4732 1220 4800 decimis,
1237 4731 1427 4787 oblationibus
1441 4736 1504 4787 tam
1517 4732 1664 4792 rivorum
1679 4754 1769 4810 quem
1778 4752 1836 4793 mer·

1014 4833 1138 4896 tuorum,
1162 4831 1190 4881 et
1210 4825 1319 4897 reliquo
1337 4824 1493 4896 parochiali
1509 4826 1584 4897 jure
1609 4830 1753 4888 lialnensi
1770 4830 1838 4887 eccle

1014 4922 1062 4976 sire
1082 4921 1221 4975 violenter
1239 4920 1375 4975 auferret.
1399 4920 1606 4984 Quamobrem
1631 4927 1776 4982 nuntium
1794 4941 1840 4980 nos

1014 5022 1090 5070 trum
1105 5016 1140 5070 ed
1155 5021 1247 5085 peries
1260 5017 1365 5068 uestras
1385 5012 1564 5083 direximus,
1584 5017 1640 5089 qui
1657 5023 1691 5074 et
1711 5021 1840 5094 negotium

1015 5109 1108 5181 ipsurn
1131 5108 1283 5179 diiigenter
1308 5106 1467 5180 inquireret
1470 5148 1526 5163 .....
1554 5120 1782 5188 quapropter...
1800 5129 1840 5169 one

1015 5202 1152 5275 proximis
1167 5201 1299 5256 iialeudis
1315 5198 1389 5255 lunii
1406 5200 1442 5255 ed
1461 5202 1618 5272 agendam
1640 5222 1767 5265 censam
1783 5224 1839 5282 pre

1015 5297 1121 5352 dictam
1136 5299 1202 5351 ante
1218 5294 1400 5367 presentiam
1415 5296 1550 5351 nostram
1569 5304 1726 5359 evocaret.
1739 5302 1799 5369 Quo
1809 5301 1840 5357 ui·

1014 5390 1119 5445 mirum
1144 5388 1266 5445 termino
1290 5393 1410 5461 utreque
1436 5393 1519 5460 perte
1547 5396 1660 5451 nostro
1689 5394 1841 5471 conspectu

1014 5486 1187 5558 presentata
1210 5481 1344 5554 prelatus
1362 5480 1451 5537 abbas
1468 5482 1629 5554 quoddam
1648 5488 1841 5565 scriptumest

1015 5577 1133 5634 tremine
1154 5575 1368 5650 predecessoris
1395 5574 1488 5632 nostri
1511 5574 1616 5637 beatos
1643 5582 1840 5643 oemsdnticnit

1015 5688 1096 5745 papae
1119 5670 1258 5726 Pascbelis
1280 5669 1309 5723 in
1327 5672 1537 5742 argumentum
1562 5688 1668 5733 causo
1682 5694 1747 5735 sne
1764 5690 1837 5735 m

1015 5764 1097 5823 dium
1118 5764 1246 5840 pretulit.
1271 5762 1354 5832 Quod
1378 5762 1552 5841 diligentius
1576 5766 1737 5835 intumit
1755 5782 1837 5845 W·
