3750 6046
108 137 111 145 ⁴
132 204 138 213 .
163 178 232 237 socr
831 179 1004 237 sunsrlsu
1024 180 1056 234 iv
1075 179 1172 236 clun
1776 182 1838 239 soca

151 288 278 360 ecclesiis
292 303 337 358 vel
357 303 479 360 abbatiis
497 305 626 377 ejusdem
644 303 796 377 provincie
814 305 845 360 in
864 305 970 377 episco-
1056 304 1123 369 Quae
1138 304 1167 360 in
1182 305 1309 360 Romana
1321 303 1447 359 Ecclesia
1463 303 1563 360 ordine
1570 302 1728 376 judiciario
1741 306 1835 361 termi-

151 414 253 472 porum
268 398 454 454 electionibus
469 400 511 456 vel
527 399 662 454 abbatum
679 398 847 454 canonicam
863 399 968 454 habea·
1021 404 1135 467 uantur,
1150 397 1180 453 in
1195 398 1366 454 suadebant
1384 398 1536 454 stabilitate
1550 413 1736 470 permanere,
1752 404 1782 455 et
1795 401 1838 472 qui

35 502 44 515 ⁸
149 492 185 547 tis
197 491 487 565 libertatcm,nbsque
499 492 633 560 hominii,
642 493 811 564 juramenti,
822 509 873 548 seu
883 492 971 548 aliam
1021 509 1054 547 ea
1073 493 1180 548 violare
1203 497 1396 565 presumunt,
1416 493 1461 548 rel
1486 492 1643 564 quominus
1665 492 1837 565 impleantur

18 610 38 639 ·.
148 585 214 643 tldei
235 602 287 658 per
307 603 408 641 manus
426 586 500 642 datrc
524 586 738 658 obligationem.
755 588 840 642 Porro
860 585 970 659 quoda
1020 585 1236 659 quomodolibet
1258 586 1416 658 impedire,
1443 585 1579 642 districtae
1605 585 1711 642 ultioni
1737 585 1837 644 debent

147 680 401 754 predecessoribus
415 681 522 736 nostris
537 680 566 735 in
581 681 764 753 generalibus
777 686 819 736 cst
833 683 970 738 statutum
1019 679 1225 751 proculdubio
1250 679 1406 752 subjacere.
1433 678 1527 753 Super
1549 695 1636 736 causa
1656 683 1757 736 autem
1778 697 1835 753 que

146 774 283 845 conciliis,
299 791 344 829 res
360 776 388 830 et
401 775 478 829 bona
493 777 521 829 et
536 774 667 830 universa
682 774 899 847 burdegalensis
919 791 968 830 ar·
1018 773 1241 831 interdllcctum
1251 773 1344 829 illium
1354 778 1482 829 nostrum
1495 775 1612 830 Petrum
1623 773 1835 831 cluniacensem

148 869 321 942 chlepiseopi
335 872 364 923 at
378 868 623 941 suffraganeorum
642 869 843 942 episcoporum
857 869 900 925 vel
917 869 967 924 ab·
1018 868 1149 923 abbatem
1167 868 1384 923 cluniacensem
1405 871 1434 922 et
1455 867 1637 939 Eustorgium
1652 867 1790 924 abbatem
1804 869 1833 925 de

17 948 45 985 ¹·
149 963 251 1019 hatum
278 962 491 1031 decedentium,
517 979 710 1019 successorum
737 964 833 1019 usibus
859 963 969 1019 illibata
1017 961 1157 1017 ldiraton'o
1172 961 1325 1033 agebatur,
1344 960 1432 1016 talem
1447 960 1830 1018 noveritisanobissanten·

148 1057 255 1113 servari
270 1057 378 1128 pariter
393 1059 421 1113 et
438 1056 604 1112 inconvulsa
623 1057 777 1129 apostolica
796 1056 967 1113 auctoritate
1018 1054 1086 1110 tiam
1114 1055 1216 1111 ordine
1238 1054 1390 1126 judiciario
1417 1056 1641 1128 promulgatam.
1666 1055 1713 1110 Ab
1739 1055 1832 1113 eodem

35 1178 53 1199 .·
151 1149 344 1207 decernimus.
369 1149 541 1222 Adjicientes
564 1151 649 1207 etiam
671 1155 702 1206 ut
723 1166 822 1207 omnes
843 1150 968 1206 ecclesie
1017 1149 1094 1204 euim
1112 1148 1213 1204 abbate
1229 1148 1265 1204 de
1279 1148 1425 1204 lliratorio
1440 1149 1593 1221 pecuniam
1610 1148 1714 1205 decem
1733 1151 1830 1222 etsep·

148 1245 225 1301 infra
250 1244 445 1317 supradictam
468 1245 646 1317 provinciam
669 1245 828 1301 constitutae
850 1245 965 1317 predia,
1017 1246 1075 1298 tem
1099 1242 1223 1298 millium
1245 1241 1400 1298 solidorum
1425 1242 1624 1315 Lugdunensis
1644 1248 1771 1300 monetae
1790 1261 1830 1300 su-

148 1339 341 1410 possessicnes
363 1342 392 1393 et
412 1339 546 1394 universa
569 1339 606 1393 ad
627 1339 702 1412 ipsas
722 1339 904 1412 pertinentia,
925 1355 967 1395 se-
1017 1336 1144 1408 pradlcto
1161 1335 1219 1392 tilio
1234 1340 1332 1393 nostro
1347 1336 1527 1393 cluniacensi
1539 1336 1830 1409 abhatijudicavimus

149 1431 275 1488 cundum
290 1431 450 1505 privilegia,
460 1432 586 1503 justitias
602 1435 631 1486 et
642 1432 733 1488 bonas
746 1432 966 1489 consuetudines
1015 1446 1077 1485 esse
1091 1429 1278 1486 reddendam.
1298 1432 1403 1486 Vemm
1418 1431 1556 1503 quoniam
1575 1431 1736 1503 praedictus
1750 1431 1829 1488 abbas

46 1582 49 1586 .
149 1526 338 1597 suasiutegra
349 1530 377 1581 et
389 1525 553 1581 inconvulsa
567 1526 739 1597 possideant,
751 1531 847 1599 atque,
863 1529 894 1582 ut
906 1526 965 1583 dic·
1015 1524 1050 1580 de
1071 1523 1223 1595 llirotoric,
1243 1524 1405 1595 supradicta
1426 1524 1567 1580 sententia
1587 1530 1760 1597 commotus,
1778 1543 1829 1582 non

149 1625 211 1676 tuni
226 1623 278 1687 est,
298 1619 327 1674 in
348 1620 482 1675 omuibus
501 1621 626 1676 ecclesiis
649 1636 806 1693 earumque
829 1621 965 1677 ministris
1013 1622 1128 1690 accepta
1151 1618 1267 1675 licentia
1290 1619 1613 1689 remeavi13utnostra
1637 1619 1745 1675 debeat
1769 1637 1830 1676 sen·

151 1718 180 1769 et
203 1713 427 1787 possessionibus
454 1714 555 1769 vestris
582 1714 747 1770 canonicam
777 1714 907 1771 habeatis
935 1713 1106 1791 insstcntia
1131 1713 1294 1784 adimpleri,
1316 1713 1464 1769 statuimus
1486 1712 1564 1786 quod
1585 1713 1662 1769 idem
1688 1713 1775 1770 abbas
1797 1715 1828 1769 dc

151 1808 284 1864 omnibus
304 1807 476 1876 libertatem,
497 1809 575 1864 salva
591 1808 666 1863 sedis
685 1807 847 1881 apostolicae
868 1811 966 1865 aucto·
1015 1806 1157 1863 ldiratorio
1171 1810 1200 1863 et
1216 1808 1317 1863 tratres
1338 1806 1426 1879 ipsius
1447 1824 1537 1880 usque
1559 1806 1596 1864 ad
1618 1808 1762 1864 Kalendas
1781 1814 1831 1864 An·

148 1903 243 1957 ritate.
263 1901 338 1957 Nulli
360 1919 430 1974 ergo
451 1902 601 1958 hominum
614 1903 657 1958 fas
671 1902 707 1958 sit
720 1919 768 1958 vos
780 1902 824 1960 rel
837 1903 967 1959 ecclesias
1016 1900 1091 1973 gusti
1103 1901 1254 1973 pecuniam
1267 1901 1359 1974 ipsam
1372 1901 1550 1958 cluniacensi
1559 1901 1656 1958 abbati
1670 1904 1829 1968 restituant,

149 1999 257 2051 vestras
270 2012 356 2067 snper
369 1996 422 2051 hac
441 2000 537 2052 nostra
554 1997 756 2053 constitutione
776 1999 885 2054 temere
900 2013 965 2069 per·
1016 1994 1144 2067 alioquin
1157 2000 1262 2051 extunc
1275 2001 1335 2051 tam
1348 1996 1442 2068 ipsum
1454 1996 1584 2052 abbatem
1601 2012 1690 2068 quam
1708 1996 1831 2069 priorem

149 2091 265 2145 turbare
286 2094 335 2144 aut
359 2089 485 2163 aliquam
505 2090 583 2146 vobis
607 2091 711 2146 exinde
734 2091 966 2147 contrarietatem
1016 2089 1078 2160 ejus
1092 2089 1205 2144 vinculo
1221 2089 1352 2145 noveritis
1365 2090 1555 2145 anathematis
1568 2089 1733 2162 innodatos,
1750 2095 1831 2164 atquc

149 2183 266 2239 inferre.
292 2184 321 2239 Si
344 2184 408 2256 quis
431 2189 529 2240 autem
549 2185 615 2240 huic
643 2189 746 2241 nostrae
771 2185 967 2242 constitutioni
1016 2183 1046 2238 in
1065 2199 1164 2240 eornm
1178 2183 1296 2239 ecclesia
1309 2187 1338 2238 et
1350 2183 1486 2239 iratribus
1503 2183 1635 2239 omnihus
1655 2190 1750 2257 atque·
1765 2200 1830 2241 con-

149 2295 219 2333 ausu
233 2278 388 2333 temerario
404 2277 545 2334 contraire
562 2279 720 2347 tentaverit,
736 2279 760 2334 si
772 2295 831 2334 uon
850 2283 965 2336 reatum
1015 2277 1101 2333 versis
1115 2277 1277 2350 ubicunque
1291 2278 1408 2346 luerint,
1421 2277 1517 2333 divina
1530 2277 1625 2334 sciatis
1638 2278 1733 2334 officia
1746 2279 1830 2334 inter·

148 2389 233 2428 snum
250 2389 377 2445 congrue
397 2372 600 2442 emendaverit,
624 2372 772 2444 potestatis
792 2373 965 2446 honorisque
1015 2371 1100 2427 dicta.
1115 2371 1198 2427 Vobis
1211 2388 1280 2444 ergo
1296 2388 1348 2443 per
1367 2373 1519 2443 apostolica
1537 2371 1643 2444 scripta
1661 2372 1830 2428 mandamus

147 2466 189 2521 sui
211 2472 306 2521 careat
320 2466 469 2538 dignitate,
486 2472 513 2522 ct
526 2466 732 2538 omnipotentis
751 2467 801 2523 Dei
820 2472 848 2523 et
865 2467 964 2523 beato·
1015 2469 1156 2537 quatenus
1176 2464 1345 2520 seutentiam
1368 2465 1672 2541 excommunicationis
1695 2471 1726 2522 ct
1745 2467 1829 2521 inter·

148 2576 212 2615 rum
227 2560 303 2614 Petri
318 2566 347 2615 et
360 2560 438 2614 Pauli
454 2562 649 2632 apostolorum
663 2562 723 2632 ejus
736 2561 965 2634 indignationem
1015 2559 1081 2615 dicti
1101 2576 1153 2632 per
1174 2563 1279 2615 vestras
1298 2559 1456 2631 provincias
1470 2575 1560 2632 usque
1578 2559 1615 2615 ad
1635 2560 1831 2632 impletionem

148 2655 289 2722 incurrat,
312 2658 341 2709 et
361 2655 647 2710 excommunicationi
669 2655 821 2727 subjaceat.
844 2656 963 2712 Conscr-
1015 2653 1104 2708 nostri
1118 2653 1253 2722 mandati,
1269 2654 1379 2709 faciatis
1394 2653 1515 2710 tirmiter
1528 2654 1685 2710 observari.

148 2750 250 2802 rantes
263 2763 331 2803 rero
346 2749 512 2804 eorumdem
529 2749 720 2820 apostolorum
737 2749 964 2805 benedictionem
1050 2750 1151 2804 Datum
1167 2747 1298 2803 Laterani
1313 2763 1349 2804 vn
1368 2748 1428 2803 llal.
1449 2747 1523 2813 licii,
1544 2748 1727 2820 pontificatus
1745 2748 1829 2804 nostri

148 2846 177 2897 ct
190 2842 313 2913 gratiam
328 2847 545 2915 consequantur.
559 2846 659 2900 Amen.

185 2936 246 3007 Ego
257 2936 423 2992 Anastasius
435 2936 581 2992 catholicae
595 2935 727 2993 Ecclesiae
740 2936 888 3009 episcopus
901 2937 963 2993 sub-

147 3030 257 3102 scripsi.

183 3125 242 3196 Ego
257 3125 365 3180 lmarus
379 3124 554 3180 Tusculanus
569 3125 719 3197 episcopus
731 3142 753 3179 s.

1013 2859 1087 2897 anno
1099 2843 1204 2914 primo.

1368 2963 1468 3020 Lllllll.

972 3081 1156 3172 CGrrnonicis
1168 3082 1197 3137 S.
1214 3081 1369 3138 Alexandri
1380 3083 1574 3152 possessionem
1592 3082 1714 3140 ecclesie
1729 3084 1760 3141 S.
1778 3083 1827 3141 lli·

1235 3163 1334 3217 cloelis
1346 3162 1379 3217 de
1394 3163 1485 3230 Vernis
1496 3165 1605 3218 amerit.

183 3220 243 3290 Ego
263 3217 402 3290 Cynthius
424 3218 585 3274 Portuensis
606 3223 635 3275 et
649 3219 760 3275 Sancte
777 3219 885 3276 Rullnae
902 3219 963 3292 epi-

150 3329 249 3384 scopus
263 3329 285 3366 s.

186 3409 245 3478 Ego
261 3406 304 3460 W.
320 3404 468 3477 presbyter
482 3404 633 3461 cardinalis
646 3406 691 3462 tit.
705 3407 803 3463 Calixti
819 3425 841 3462 s.

189 3503 247 3572 Ego
261 3499 405 3554 llubaldus
419 3497 512 3571 presb.
527 3499 603 3555 card.
619 3500 663 3556 tit.
678 3502 707 3558 S.
723 3500 855 3556 Praxedis
869 3518 891 3555 s.

185 3596 244 3667 Ego
258 3594 418 3650 henfredus
430 3592 525 3665 presb.
541 3593 617 3649 card.
633 3594 677 3649 tit.
693 3595 720 3650 S.
735 3594 884 3650 Sabinas.

183 3690 242 3760 Ego
257 3686 402 3743 drihertus
416 3686 508 3760 presb.
522 3687 598 3742 card.
615 3688 658 3743 tit.
676 3688 705 3744 S.
720 3688 877 3744 Anastasius
891 3705 914 3743 s.

184 3785 243 3855 Ego
255 3781 345 3838 Julius
358 3781 451 3854 presb.
466 3780 545 3836 card.
560 3781 603 3837 tit.
620 3782 645 3837 S.
662 3783 784 3839 llercelli
797 3800 819 3838 s.

1253 3272 1406 3343 (Laterani,
1420 3273 1508 3344 April.
1523 3272 1583 3344 30.)

1105 3387 1214 3462 [Lucus
1231 3388 1295 3445 God.
1312 3390 1425 3460 diplom.
1440 3392 1574 3458 bergom„
1591 3389 1626 3458 ll,
1644 3391 1738 3462 tibh]

1049 3513 1219 3563 Auasrrsrns
1236 3505 1398 3578 episcopus,
1421 3521 1517 3562 servus
1537 3522 1688 3562 serrorum
1708 3508 1771 3580 Dei,
1792 3507 1829 3564 d'r

1014 3601 1093 3657 lectis
1107 3601 1170 3656 liliis
1184 3601 1345 3657 Lnurnnnco
1359 3600 1510 3673 praeposito
1523 3605 1551 3656 et
1564 3602 1678 3657 cacteris
1690 3601 1829 3660 canonicis

1014 3696 1088 3752 Beati
1103 3694 1252 3751 Alexandri
1270 3694 1478 3765 bergomensis,
1497 3695 1621 3750 salutem
1642 3700 1674 3752 et
1692 3696 1825 3769 apostoli·

1014 3806 1077 3844 cam
1089 3789 1327 3845 benedictionem.

1049 3885 1076 3940 Si
1091 3899 1143 3955 pro
1156 3882 1347 3939 sollicitudine
1367 3881 1498 3939 omnium
1516 3883 1701 3941 ecclesiarum
1716 3885 1828 3941 nobisa

1013 3976 1069 4031 Dec
1084 3973 1232 4029 commissa
1247 3973 1296 4046 qui
1311 3973 1391 4028 beato
1412 3974 1494 4028 Petro
1509 3974 1642 4030 ciclorum
1670 3976 1756 4048 regni
1772 3977 1827 4032 cla-

184 4063 340 4136 EgoOddc
359 4062 569 4122 diac.card.S.
589 4066 693 4121 Nicolai
714 4066 878 4122 incarcere
898 4066 963 4123 Tul·
1012 4069 1122 4139 sigero,
1150 4067 1279 4140 quamvis
1304 4067 1441 4122 immeriti
1467 4084 1644 4125 successores
1672 4070 1826 4139 existimus,

147 4159 223 4214 liano
240 4176 262 4213 s.
1013 4180 1065 4235 pro
1080 4162 1213 4218 omnihus
1229 4161 1352 4217 ecclesiis
1366 4166 1394 4217 et
1406 4162 1597 4218 ecclesiasticis
1618 4164 1752 4234 personis
1765 4165 1826 4221 red·

184 4255 289 4308 batum
305 4252 436 4308 Laterani
448 4269 500 4325 per
512 4269 630 4309 manum
646 4254 768 4310 Rolandi
781 4255 891 4311 Sanctae
905 4255 962 4311 llo·
1013 4257 1098 4313 dituri
1115 4255 1260 4311 Altissimo
1276 4255 1425 4324 rationem,
1443 4256 1536 4328 magis
1551 4272 1584 4311 ea
1602 4273 1669 4329 quae
1683 4274 1700 4313 a
1716 4258 1826 4330 praede·

147 4364 239 4403 mance
258 4347 388 4403 Ecclesiae
409 4347 566 4421 presbyteri
584 4348 736 4404 cardinalis
754 4353 783 4404 et
802 4349 963 4405 cancellarii
1013 4349 1169 4406 cessorlbus
1191 4349 1292 4404 nostris
1313 4348 1516 4404 rationabiliter
1536 4352 1641 4405 statuta
1661 4356 1730 4407 sunt
1749 4352 1827 4409 decet

148 4460 186 4498 vn
202 4443 263 4497 Kal.
278 4441 352 4511 ldaii,
374 4441 530 4497 indictione
545 4459 574 4512 n,
589 4443 793 4498 lucarnationis
809 4444 1001 4546 DominicmD
1014 4462 1066 4500 nos
1079 4445 1174 4499 animo
1192 4443 1293 4499 libenti
1311 4443 1425 4498 tirmare
1439 4448 1467 4498 et
1479 4458 1515 4498 ne
1533 4442 1636 4498 futuris
1651 4445 1827 4517 temporibus

147 4554 223 4592 anno
246 4536 324 4604 llbl,
346 4535 525 4607 pontificatus
548 4554 615 4593 vero
639 4537 749 4593 domiui
772 4537 908 4593 Anastasli
928 4539 961 4592 lv
1012 4539 1201 4595 immutentur
1214 4536 1349 4593 attentius
1362 4536 1584 4609 providere.0ui
1599 4537 1678 4594 enim
1690 4539 1827 4595 lactasua

144 4648 237 4703 papae,
253 4647 329 4686 anno
344 4630 448 4702 primo.
1011 4650 1069 4688 non
1083 4633 1142 4688 vult
1158 4632 1245 4687 asnis
1256 4631 1461 4687 successoribus
1480 4631 1627 4688 immutari
1646 4633 1733 4690 dehet
1753 4650 1825 4706 prte-

512 4730 597 4785 l.lllll.
1011 4727 1191 4783 decessorum
1206 4742 1323 4781 suorum
1338 4741 1427 4797 opera
1446 4729 1474 4780 et
1494 4728 1600 4781 statuta
1618 4726 1754 4783 inviolata
1773 4745 1826 4784 ser-

143 4833 191 4888 Ad
211 4833 384 4888 pisanecium
409 4837 434 4889 es
457 4833 662 4902 Lugdunensem
683 4832 905 4906 archiepiscopos,
926 4863 960 4878 ..
1010 4837 1075 4878 rare
1088 4827 1118 4877 ct
1127 4821 1293 4876 assertionis
1310 4836 1369 4874 suae
1389 4818 1550 4874 munimine
1569 4819 1717 4877 roborare.
1742 4823 1827 4894 Hujus

183 4915 217 4968 Ut
231 4913 369 4968 obseruari
380 4915 489 4980 sociant
504 4916 666 4968 sententiam
681 4916 961 4972 excommunicationis
1010 4916 1104 4987 itaque
1125 4914 1242 4970 rationis
1263 4913 1360 4969 debito
1375 4913 1532 4986 provocati,
1546 4913 1644 4970 dilecti
1658 4915 1689 4970 in
1703 4915 1825 4971 Domino

180 4999 205 5049 et
216 4993 436 5056 intersecare
448 4992 697 5088 mainctsdemrio
707 4995 847 5065 proraiam
863 4996 893 5049 s.
911 4995 958 5050 ab·
1009 5009 1072 5078 filii,
1099 5007 1314 5064 rationabilibus
1341 5006 1579 5079 postulationibus
1605 5008 1705 5064 vestus
1732 5009 1826 5066 ocare

180 5075 267 5130 bam
283 5078 308 5129 ‘t
319 5075 421 5140 mm
435 5075 585 5178 mmm·
614 5167 620 5178 ,
1008 5102 1186 5174 benignitate
1207 5106 1321 5174 gratum
1345 5100 1541 5173 impertientes
1559 5117 1718 5171 assensum,
1738 5103 1826 5160 eccle·

386 5167 539 5239 stateram·
552 5168 642 5239 ΑΡΠῙ·
659 5169 714 5239 ²54
1006 5197 1076 5252 siam
1092 5196 1188 5252 Sancti
1206 5194 1349 5251 llichaelis
1364 5195 1399 5250 de
1415 5194 1508 5266 Virgis
1525 5210 1591 5251 cum
1611 5195 1748 5253 omnibus
1761 5213 1825 5270 per·

311 5267 631 5341 1⁰·3000U3b1120110t'h
648 5271 700 5338 xvi
715 5271 790 5342 ⁶⁶¹d
1006 5290 1134 5346 tinentiis
1154 5289 1221 5359 suis,
1244 5306 1332 5362 quam
1350 5288 1521 5345 venerabilis
1542 5289 1693 5346 memorie
1713 5291 1825 5364 praede·

175 5383 344 5439 luseramus
363 5381 524 5455 episcopus,
545 5399 641 5439 servus
660 5399 808 5440 serrorum
830 5383 889 5453 llei,
906 5400 955 5439 ve·
1006 5400 1100 5440 casser
1110 5389 1211 5441 noster
1224 5399 1297 5456 papa
1311 5383 1492 5439 Innocentius
1506 5382 1611 5455 scripto
1625 5399 1678 5440 suo
1689 5383 1825 5455 firmarit,

140 5475 317 5531 nerabilihus
333 5474 471 5532 iratribus
490 5475 658 5551 munnere]
677 5477 824 5534 Bisuutino
837 5483 866 5535 ct
880 5479 954 5552 Lug·
1005 5494 1058 5534 nos
1070 5494 1186 5551 quoque
1197 5476 1381 5535 concedimus
1390 5483 1419 5534 et
1430 5475 1567 5550 regimini
1576 5479 1674 5535 vestro
1685 5482 1826 5553 perpetuo

131 5568 257 5626 dunensi
270 5568 328 5643 (12)
341 5569 574 5645 archiepiscopis,
588 5572 711 5629 salutem
725 5577 755 5629 et
769 5571 955 5646 apostolicam
1005 5571 1215 5645 disponendam
1228 5571 1447 5647 regendamque
1459 5571 1612 5629 donamus.
1626 5571 1825 5646 adjudicium

111 5660 366 5724 henadIctionem.
1008 5675 1108 5726 antem
1115 5667 1206 5740 huius
1218 5672 1324 5723 nosue
1343 5664 1533 5723 concessionis
1553 5667 1584 5724 ct
1600 5664 1769 5727 donationis
1788 5664 1825 5727 rh

118 5787 176 5851 (Β)
186 5788 311 5846 Eracllo
328 5793 384 5864 qul
395 5806 479 5851 anno
493 5794 563 5854 tldb
573 5797 658 5855 litam
671 5798 851 5871 composnlt,
863 5797 915 5853 ntt
924 5792 1027 5853 aldene
1040 5789 1230 5850 ceremiam.
1238 5786 1407 5844 emaum

184 3880 242 3949 Ego
257 3875 424 3948 Rodolphus
439 3876 576 3933 diaconus
589 3876 665 3933 card.
680 3877 709 3933 S.
723 3877 813 3932 aniae
825 3895 849 3933 s.

181 3972 242 4042 Ego
256 3970 347 4025 Guido
361 3970 435 4024 diac.
449 3971 525 4026 card.
541 3972 569 4027 S.
584 3971 677 4028 llarioe
693 3972 722 4026 in
738 3971 848 4027 Porticu
863 3989 885 4027 s.
