3750 6046
87 156 138 215 tot
356 150 359 157 ’
774 164 933 221 nunsula!
951 163 1081 222 viratus
1715 163 1766 221 eet

89 282 180 340 censis
198 284 353 339 luminibus
372 285 538 342 festinanter
557 287 592 343 ed
611 303 753 343 carcerem
772 305 903 345 sucurre»
914 288 1059 377 Abantes,
1078 288 1122 344 vir
1141 288 1242 345 litteris
1261 286 1423 344 liberalibus
1440 290 1469 343 et
1489 287 1592 344 divinis
1610 287 1780 362 eruditissiq

89 382 167 437 runt.
184 379 468 436 Invenientesautem
480 382 555 437 ostia
567 382 680 453 penitus
694 383 848 455 integr-aee
859 383 903 438 ttr-
954 401 1028 451 mus,
1049 400 1114 438 cum
1134 383 1214 438 omni
1235 399 1322 455 grege
1346 382 1556 437 monachorum
1578 384 1609 437 et
1624 387 1766 455 apparatu

89 476 174 540 mata,
190 472 326 528 adhibitis
343 475 465 531 clavibus
482 476 670 532 intraverunt.
685 476 817 533 videntes
837 494 902 533 vero
953 477 1086 545 ecclesiae,
1104 478 1214 533 obviem
1233 476 1273 533 illi
1294 476 1509 549 processionem
1526 480 1608 531 extra
1626 478 1767 532 monaste·

90 564 182 636 illum,
197 582 282 638 quem
299 568 418 640 ligatum
433 570 580 637 miserant,
597 570 732 637 solutum,
747 571 838 642 magis
852 571 903 626 mi·
952 571 1026 628 rium
1040 571 1131 626 duxit.
1146 569 1264 627 Dicebat
1276 570 1353 626 enim
1370 586 1377 623 :
1392 569 1425 626 Si
1436 570 1551 625 laomiuis
1566 570 1684 639 olbujus
1697 585 1767 625 mor·

90 660 143 715 rati
159 664 233 715 sunt.
250 663 282 716 Et
296 662 537 735 interrogantibus
557 663 592 718 de
608 666 686 718 tanto
704 664 798 719 souitu
817 682 902 736 quem
954 668 994 720 tei
1011 667 1133 736 reliquiae
1149 667 1178 719 iu
1195 665 1314 720 Ecclesia
1334 665 1431 731 festive
1451 664 1536 734 recipi
1554 662 1661 726 debent,
1681 664 1765 719 multo

90 753 250 823 audierant,
268 757 310 811 vel
333 758 399 829 quia
420 773 485 812 eum
506 757 625 825 iecisset,
649 758 698 829 qui
719 758 806 813 etiam
829 775 903 813 com-
952 763 1039 828 iucem
1051 761 1127 814 uiuus
1139 760 1282 828 reliquias,
1297 758 1369 812 buno
1382 756 1504 812 uidelicet
1523 757 1666 821 bominem,
1682 756 1764 812 beno-

90 848 222 918 peditum
236 851 370 918 solvisset,
385 851 456 905 alius
469 850 598 922 quidam,
614 851 643 905 iu
659 867 772 906 carcere
787 868 852 907 cum
866 868 901 906 eo
951 856 1024 922 rifice
1037 854 1223 923 suscipiemus.
1246 853 1284 906 De
1302 853 1408 906 mortuo
1425 864 1550 920 numque,
1564 849 1617 904 eet
1631 852 1668 905 sit
1679 851 1764 921 spiri·

90 941 205 1014 ligatus,
221 944 268 998 illo
283 949 393 999 tacente
407 944 555 1015 respondit
571 961 577 998 :
593 947 686 1003 Nescio
705 961 764 1016 que
782 960 903 1016 persone
952 951 995 1001 tus
1006 946 1071 1015 ejas,
1087 960 1135 1000 uos
1152 945 1241 999 adbuc
1258 947 1286 998 iu
1309 943 1409 1013 fragili
1420 945 1479 998 nitu
1499 945 1584 1014 positi
1597 943 1764 1006 dubitamus,

90 1052 150 1090 cum
174 1040 291 1092 mammo
313 1039 415 1092 lumine
434 1054 565 1093 crrreerem
587 1041 774 1101 intruserunt,
795 1046 821 1094 et
841 1055 902 1095 cum
952 1038 1224 1109 deistonero,quod
1243 1054 1261 1091 α
1279 1040 1344 1101 Deo,
1363 1036 1500 1107 quinidii
1518 1037 1618 1105 injuste
1636 1037 1764 1104 farcitis

88 1131 140 1182 isto
152 1133 222 1184 socio
234 1146 290 1185 meo
302 1132 385 1200 plura
400 1133 483 1186 locuti
501 1138 573 1188 sunt.
594 1133 647 1190 Sed
661 1134 728 1203 quid
744 1135 770 1187 ei
783 1134 902 1188 dicerent
951 1138 1043 1189 nostro
1058 1131 1202 1204 praesentio
1215 1132 1344 1186 unitates
1356 1145 1388 1185 oe
1407 1130 1538 1185 liberates
1552 1131 1598 1192 sit,
1616 1144 1670 1184 non
1685 1131 1762 1198 igno·

89 1224 131 1276 ecl
144 1224 275 1290 fecerent,
289 1226 377 1295 ipsum
390 1228 442 1295 qui
456 1226 552 1280 meiius
570 1228 621 1281 scit
638 1228 813 1295 interrogate.
828 1226 900 1281 Cou-
950 1241 1053 1283 rrimus.

90 1317 163 1370 versi
187 1316 222 1370 nd
246 1317 327 1372 illum
352 1317 506 1374 dixerunt:
530 1322 578 1374 Dic
602 1320 677 1375 noba
699 1320 765 1389 quid
786 1320 899 1382 audisti,
987 1341 1002 1369 a
1015 1319 1142 1391 Cumque
1155 1319 1210 1373 Deo
1223 1333 1275 1389 pro
1288 1333 1371 1389 posse
1385 1332 1436 1372 suo
1448 1316 1530 1389 juxta
1543 1316 1763 1372 aestimationem

89 1411 133 1464 uel
146 1411 262 1465 videti?
275 1413 308 1465 Bt
321 1411 368 1466 ille
384 1415 531 1480 :Sanctus
542 1413 644 1484 inquit,
658 1414 827 1476 Benedictus,
841 1429 901 1470 cum
951 1430 1032 1469 suam
1046 1411 1261 1468 venerationem
1281 1411 1406 1467 debitam
1428 1426 1480 1482 pro
1500 1409 1577 1465 illius
1595 1409 1764 1466 liberatione

90 1509 184 1559 structa
199 1505 349 1574 Epeldridu
364 1512 389 1561 et
409 1522 499 1561 sorore
514 1522 564 1562 sue
581 1505 735 1577 Seaburpe,
748 1507 792 1561 laic
806 1507 902 1573 adfue-
951 1506 1150 1574 reddidissent,
1163 1505 1267 1577 regina
1277 1504 1357 1560 illum
1370 1505 1406 1559 ad
1421 1503 1570 1560 ecclesiam
1584 1504 1696 1560 Sanctae
1711 1502 1765 1559 vir·

89 1603 166 1661 runt,
181 1604 207 1653 et
220 1599 357 1668 corripedes
368 1600 593 1670 depedibusmeis
605 1600 783 1655 abstulerunt.
797 1602 829 1658 Si
840 1615 901 1656 uero
952 1600 1027 1673 ginis
1040 1599 1201 1671 Egeldridae
1220 1599 1250 1654 in
1271 1598 1374 1654 tiliensi
1393 1598 1485 1654 insula
1504 1614 1569 1652 cum
1593 1596 1698 1669 grandi
1718 1597 1766 1652 ho-

91 1708 146 1746 nen
158 1693 268 1747 creditis
279 1692 355 1757 mibi,
369 1695 412 1748 vel
424 1695 506 1748 oculis
516 1696 611 1749 nestris
623 1693 733 1748 credite.
751 1693 793 1747 llli
805 1699 901 1748 autem
913 1674 940 1745 B
953 1711 1022 1750 nore
1037 1699 1065 1750 et
1078 1693 1183 1766 gaudio
1197 1693 1314 1749 remisit.
1329 1693 1387 1764 ligo
1401 1696 1509 1760 autem,
1521 1696 1549 1747 et
1560 1691 1654 1747 omnis
1668 1707 1765 1748 mone·

94 1785 152 1840 viso
167 1786 316 1856 miraculo,
330 1802 382 1841 nee
396 1786 463 1841 inde
476 1787 649 1854 dubitantes,
663 1802 746 1842 mnne
762 1785 834 1841 facto
849 1788 903 1841 lda-
954 1789 1074 1844 chorum
1092 1792 1257 1852 conventos,
1274 1802 1339 1842 cum
1354 1785 1442 1842 cereis
1457 1791 1487 1841 et
1506 1784 1638 1842 crucibus
1656 1801 1766 1858 proces·

92 1879 176 1935 thildi
189 1880 308 1951 regium,
325 1897 389 1952 quer
409 1884 476 1935 tune
492 1881 563 1935 forte
579 1880 609 1934 in
628 1881 728 1936 eadem
744 1883 804 1936 erat
824 1880 903 1949 urbe,
954 1882 1101 1938 sionaliter
1113 1880 1226 1937 obviam
1244 1881 1280 1950 ei,
1299 1883 1333 1937 Te
1343 1883 1426 1936 Deum
1445 1880 1589 1935 tendamus
1607 1882 1764 1949 mutantes,

93 1973 307 2028 nuntiaverunt.
328 1977 364 2029 nt
381 1973 429 2028 illa
448 1973 597 2029 lindulfum
617 1974 743 2043 Bassum,
760 1974 809 2045 qui
824 1989 903 2029 eum·
955 1975 1102 2032 exivimus.
1118 1975 1248 2046 Cumque
1266 1975 1347 2029 illum
1358 1973 1467 2043 festive,
1483 1977 1516 2028 ut
1529 1973 1660 2041 decebat,
1674 1972 1704 2027 in
1719 1989 1764 2028 ec·

94 2066 160 2122 dem
182 2067 310 2122 Briestan
333 2067 511 2140 praejudicari
529 2068 661 2138 jusserat,
680 2072 709 2122 et
726 2067 781 2123 hoc
797 2067 905 2123 factum
955 2067 1446 2138 clesiamintroduceremus3divinis
1459 2067 1589 2122 laudibus
1605 2065 1765 2137 celeBratis,

93 2165 153 2217 arte
169 2162 279 2233 magica
301 2166 447 2232 peractum
467 2161 559 2216 adhuc
578 2161 699 2229 dicebat,
712 2161 748 2216 ad
763 2177 905 2218 carcerem
956 2162 1145 2218 monachilem
1163 2161 1303 2231 habitum,
1320 2177 1408 2234 quem
1430 2160 1479 2215 diu
1499 2159 1722 2228 desideraverat,
1737 2160 1767 2216 in

92 2255 179 2310 misit.
206 2256 260 2321 Qui
278 2255 392 2310 veniens
407 2256 485 2323 illue,
506 2255 587 2328 quasi
607 2253 741 2323 irrisorie,
762 2255 835 2310 sicut
851 2255 904 2310 dir·
955 2257 1065 2313 honore
1078 2255 1245 2311 sanctissimi
1265 2254 1408 2311 Benedicti
1425 2255 1587 2310 liberatoris
1607 2255 1651 2311 sui
1666 2255 1693 2310 ei
1711 2257 1768 2309 tra-

93 2350 162 2405 dum
178 2350 291 2418 fecerat,
307 2364 370 2404 cum
387 2365 421 2405 eo
443 2350 528 2421 caepit
544 2348 624 2421 loqui
640 2365 647 2404 ι
663 2349 736 2416 Quid
749 2351 819 2420 agis,
832 2350 904 2404 Beie-
956 2350 1089 2406 didimus.
1113 2349 1193 2406 Boias
1212 2353 1320 2417 autem,
1343 2349 1445 2420 quibus
1464 2348 1642 2420 compeditus
1664 2348 1767 2417 fuerat,

91 2446 175 2500 stou?
187 2443 321 2514 Nunquid
332 2460 381 2514 per
394 2444 504 2514 angelos
516 2458 576 2499 suos
589 2444 640 2499 tibi
651 2444 753 2498 locutus
765 2449 803 2499 est
815 2445 905 2498 licus?
955 2445 991 2499 oh
1011 2445 1149 2498 honorem
1171 2443 1259 2498 sancti
1279 2442 1423 2499 Benedicti
1441 2442 1490 2515 qui
1510 2458 1557 2498 eas
1576 2442 1767 2514 confregerat,

92 2539 226 2610 Nunquid
240 2539 277 2593 ud
296 2543 321 2593 te
342 2540 371 2592 in
393 2553 524 2593 carcerem
546 2537 819 2593 descenditfliuerro
838 2537 907 2592 mibi
956 2553 1066 2593 necnon
1080 2537 1293 2593 venerationem
1313 2535 1432 2608 uirginis
1448 2535 1695 2608 Egeldridce,quoe
1713 2535 1770 2591 col·

1 2615 3 2620 ⁵
90 2647 151 2703 quae
169 2636 234 2687 suut
252 2632 306 2687 baec
328 2632 461 2701 meleficia
482 2635 541 2685 tue.
557 2631 619 2701 lpse
639 2645 718 2698 vero,
732 2628 810 2685 velut
831 2646 906 2686 mou
955 2633 1017 2704 loga
1040 2630 1116 2686 illius
1136 2630 1273 2700 astiterat,
1296 2632 1325 2685 in
1347 2631 1446 2685 eadem
1468 2629 1585 2685 ecclesia
1607 2646 1767 2702 suspensas,

91 2731 167 2793 tuus,
184 2725 295 2779 nullum
308 2724 426 2779 omnino
437 2724 514 2779 dedit
529 2739 707 2795 responsum.
955 2725 1036 2797 quasi
1049 2724 1215 2780 memoriale
1229 2724 1299 2780 tanti
1314 2723 1453 2790 miraculi,
1464 2723 1497 2779 ad
1512 2723 1609 2795 populi
1625 2727 1769 2795 spectacu-

129 2840 143 2867 «
158 2819 234 2873 Tunc
249 2818 397 2886 liedulfus,
413 2817 512 2873 videns
526 2816 673 2889 quomodo
687 2816 837 2889 compedes
850 2817 905 2872 illae
955 2820 1013 2874 lum
1028 2818 1174 2890 posuimus
1188 2835 1195 2886 3
1208 2818 1304 2890 ibique
1319 2835 1376 2873 non
1389 2818 1501 2873 modico
1515 2822 1658 2889 tempore,
1672 2819 1704 2871 ut
1716 2832 1769 2888 per

91 2914 190 2968 fractae
202 2913 328 2979 fuerant,
344 2911 461 2967 audiens
484 2911 572 2966 etiam
595 2926 646 2982 per
665 2909 772 2965 socium
788 2910 849 2981 ejus
870 2910 906 2966 de
956 2929 1002 2968 eas
1015 2912 1175 2981 resciretur,
1190 2912 1350 2984 dependere
1363 2912 1431 2966 visae
1444 2916 1520 2967 sunt.

90 3007 218 3079 personis
231 3006 332 3074 tribus,
347 3022 412 3078 qnae
425 3021 489 3060 cnm
503 3004 611 3060 lumine
626 3020 769 3060 carcerem
783 3004 904 3059 intrave-
993 3030 1006 3057 a
1023 3008 1086 3062 lloec
1104 3005 1271 3061 venerahilis
1289 3005 1380 3061 Patris
1399 3004 1542 3061 Benedicti
1561 3020 1648 3077 opera
1663 3008 1769 3061 sanetae

91 3104 164 3168 runt,
180 3100 214 3156 de
230 3099 399 3172 verbisque.
413 3099 514 3154 locutae
526 3098 650 3168 fuerant,
663 3098 698 3154 de
712 3097 805 3153 sonitu
816 3114 902 3170 quem
953 3101 1082 3156 Ecclesiae
1094 3099 1160 3155 filiis
1174 3099 1321 3155 notificare
1331 3099 1537 3155 voluimusnon
1551 3098 1618 3170 quia
1627 3099 1694 3154 satis
1708 3115 1768 3154 non

90 3196 227 3262 fecerant,
243 3199 271 3250 et
286 3193 512 3248 animadvertens
525 3191 585 3247 haec
599 3191 793 3247 indubitanter
803 3191 904 3246 divini·
952 3195 1064 3250 fecisset
1083 3194 1200 3266 majore,
1214 3194 1264 3249 sed
1285 3193 1355 3266 quia
1370 3193 1504 3248 istasunt
1518 3192 1645 3262 noviora,
1661 3195 1690 3247 et
1704 3209 1767 3248 nos-

92 3295 136 3344 tus
148 3287 309 3359 contigisse,
323 3285 502 3342 abundanter
514 3285 599 3358 coepit
611 3286 690 3341 llere.
706 3287 740 3341 Et
752 3300 902 3341 conversus
954 3289 1004 3343 tris
1021 3287 1198 3360 temporibus
1216 3287 1247 3342 in
1265 3286 1371 3343 tinibus
1387 3286 1499 3359 Angliae
1516 3286 1651 3342 inusitata
1671 3287 1769 3342 viden·

92 3383 126 3437 ad
147 3382 285 3447 Briestan,
308 3381 348 3436 ait
363 3398 369 3435 :
382 3382 489 3443 Frater,
502 3394 594 3435 serum
611 3395 672 3435 sum
685 3395 731 3448 ego
747 3383 837 3434 structi
851 3380 901 3434 Be·
954 3388 1008 3438 tur.
1024 3383 1079 3437 Nec
1096 3381 1132 3436 de
1146 3380 1230 3437 heato
1244 3382 1327 3437 Patre
1341 3386 1438 3436 nostro
1453 3380 1604 3437 Benedicta
1623 3380 1698 3436 ullus
1715 3380 1767 3435 mi-

91 3476 200 3538 nedioti,
232 3480 259 3530 et
289 3480 390 3531 sancte
418 3476 536 3545 uirginis
562 3474 732 3543 Egeldea'de3
758 3476 789 3528 in
812 3488 904 3530 eorum
953 3481 1043 3546 retur,
1060 3476 1083 3530 si
1096 3491 1200 3547 magna
1212 3480 1242 3531 et
1251 3475 1339 3531 etiem
1352 3474 1559 3531 inaestimabilia
1572 3473 1670 3543 faciat,
1686 3474 1770 3546 quip-

90 3586 180 3626 emore
197 3585 297 3626 meeum
315 3570 430 3640 loquere.
452 3571 488 3624 llt
506 3568 554 3623 ille
574 3568 743 3640 respondit:
764 3568 795 3629 Si
810 3583 903 3624 seruus
953 3586 989 3642 pe
1010 3569 1070 3642 qui,
1091 3585 1164 3642 pape
1176 3569 1310 3641 Gregorio
1329 3572 1410 3638 teste,
1426 3569 1457 3623 in
1476 3568 1557 3624 latice
1574 3568 1714 3641 producto
1734 3567 1769 3623 de

88 3670 282 3721 reseratorum
298 3664 501 3736 predictorum,
519 3663 603 3718 berrae
622 3668 660 3718 est
679 3662 810 3718 aduentus
829 3667 902 3718 tuus.
953 3681 1024 3736 rupe
1047 3663 1132 3736 lluysi
1159 3665 1331 3736 coequatur,
1359 3663 1388 3719 in
1412 3662 1487 3719 corvi
1513 3662 1677 3718 obedientie
1700 3662 1769 3717 [ilice

91 3762 148 3816 fdus
159 3775 221 3814 sero
233 3775 293 3830 quae
307 3759 382 3814 vides
395 3759 437 3814 vel
454 3757 534 3813 endis
554 3759 628 3812 circe
646 3772 688 3811 me
699 3760 823 3828 patrato,
838 3772 903 3811 cere
954 3758 1137 3825 assimilatur,
1156 3758 1186 3813 in
1205 3758 1281 3813 ferro
1304 3757 1339 3812 de
1361 3757 1506 3830 profundo
1526 3755 1618 3829 abyssi
1639 3760 1768 3812 revocato

89 3856 158 3911 scias
179 3868 316 3916 essenon
335 3854 451 3921 magica.
472 3850 609 3906 liedulfus
626 3854 733 3919 autem,
748 3850 904 3922 apprehen·
953 3851 1090 3907 Helisaeus
1115 3851 1229 3919 dicitur,
1256 3851 1285 3906 iu
1310 3850 1448 3924 discipulo
1467 3851 1547 3922 jussu
1571 3866 1658 3922 super
1680 3867 1770 3922 aquas

91 3948 163 4003 dens
173 3933 266 4013 illum,
278 3946 314 4000 ad
325 3944 508 4016 praesentiam
519 3944 639 4015 reginae,
651 3947 678 3998 et
690 3944 904 4016 nrultorumqui
953 3944 1117 4000 amBulante
1126 3947 1210 4000 Petro
1225 3944 1418 4016 conjungitur.
1431 3946 1491 4016 lpse
1506 3944 1602 4012 etiam,
1620 3946 1650 3999 ut
1665 3948 1768 3998 notum

91 4036 904 4109 aderautbarouum,gaudensetploransdurit.lnterim
954 4042 1005 4107 est,
1032 4039 1173 4111 propheta
1200 4037 1382 4110 praevidendo
1408 4037 1506 4093 futura
1533 4037 1598 4105 fuit,
1622 4038 1768 4108 apostolus

90 4149 191 4189 rumor
211 4132 268 4199 ille,
293 4130 369 4186 ocior
390 4130 517 4203 qualibet
540 4129 670 4198 volucre,
692 4134 779 4184 totam
802 4129 905 4185 urbem
953 4132 1093 4206 patrando
1114 4131 1251 4187 miracula
1268 4131 1385 4202 exstitit,
1398 4132 1452 4199 vel,
1472 4135 1505 4186 ut
1526 4130 1640 4186 brevius
1663 4130 1769 4200 dicam,

90 4225 246 4282 lundoniae
266 4225 425 4297 pervolans,
445 4240 527 4279 aures
548 4223 677 4278 omnium
702 4239 776 4295 pene
799 4223 904 4279 civium
955 4226 1086 4282 omnium
1106 4226 1248 4298 justorum
1270 4225 1373 4298 spiritu
1395 4226 1496 4297 plenus
1519 4225 1583 4281 fuit.
1609 4224 1679 4289 Quia
1700 4241 1769 4297 ergo

90 4319 194 4391 attigit.
209 4321 287 4375 Tunc
302 4318 377 4374 cives
391 4318 516 4391 undique
536 4318 564 4372 iu
578 4318 680 4372 eoelum
693 4317 848 4373 clamorem
864 4321 905 4372 at·
954 4320 1015 4376 siue
1029 4320 1163 4391 scrupulo
1172 4320 1304 4375 novimus
1319 4319 1354 4375 de
1368 4319 1430 4391 ipso
1441 4320 1517 4391 quod
1533 4334 1713 4392 quaecunque
1726 4335 1770 4373 ve

89 4415 205 4482 tollunt,
227 4413 321 4469 omnis
340 4430 424 4468 serus
443 4416 472 4467 et
490 4413 557 4467 retus
576 4412 605 4466 in
628 4428 778 4466 commune
798 4414 1049 4490 nomenDluerit,
1072 4413 1256 4486 consequitur
1281 4430 1298 4468 a
1323 4412 1454 4480 Domino,
1472 4412 1626 4469 letabundi
1656 4428 1770 4468 manea·

90 4508 205 4564 Bomini
220 4507 404 4575 benedicunt,
421 4511 450 4562 et
465 4507 499 4561 ad
516 4506 635 4574 curiam,
651 4505 698 4560 rrhi
712 4504 830 4561 ductum
846 4522 905 4561 esse
956 4507 1062 4563 musio
1083 4507 1158 4563 illius
1175 4506 1298 4574 servitio,
1314 4507 1437 4562 scientes
1456 4523 1507 4561 uos
1525 4506 1586 4578 ejus
1604 4522 1691 4577 prece
1712 4522 1771 4562 non

29 4588 34 4603 ⁸
91 4603 251 4674 audierant,
267 4604 386 4658 currunt
395 4621 404 4668 ;
424 4602 562 4674 lacrymas
573 4600 680 4656 laelitiae
700 4599 906 4672 quamplurimi
957 4601 1086 4656 fraudari
1100 4601 1227 4657 denario.
1242 4600 1269 4656 Si
1282 4606 1378 4656 autem
1393 4603 1507 4655 sanctus
1520 4600 1689 4655 Benedictus
1704 4600 1772 4655 huic

89 4698 231 4765 fundunt,
246 4697 340 4753 caeleri
357 4697 498 4751 mirantur
515 4712 579 4768 quae
594 4694 692 4749 vident
710 4695 754 4749 vel
774 4693 905 4750 audiunt.
955 4694 1091 4750 auxilium
1107 4711 1165 4750 non
1180 4695 1305 4767 negarit,
1319 4694 1409 4766 quise
1425 4710 1507 4749 snum
1520 4694 1581 4750 iore
1595 4694 1772 4750 monachum

90 4792 199 4864 Regina
214 4808 295 4862 vero,
313 4791 416 4862 gaudio
431 4790 550 4861 repleta,
564 4794 622 4844 crat
637 4787 714 4843 enim
729 4787 802 4842 bona
815 4787 907 4844 Chris·
956 4788 1077 4858 devovit,
1093 4789 1176 4861 quale
1199 4787 1356 4843 suhsidium
1374 4788 1418 4843 lus
1431 4788 1480 4860 qui
1500 4788 1575 4843 ultro
1588 4787 1706 4843 vinculis
1722 4789 1773 4844 lle·

89 4885 177 4954 tiana,
194 4902 245 4957 pro
260 4885 331 4940 tanti
346 4884 472 4940 novitate
492 4882 631 4950 miraculi,
644 4881 727 4953 jubet
744 4880 906 4953 peremnia
956 4883 1030 4954 gulos
1041 4882 1115 4937 illins
1125 4882 1187 4954 jam
1199 4881 1445 4954 constringuntur,
1456 4880 1669 4953 suppeditabit?
1679 4881 1773 4937 llultis

90 4979 209 5035 civitatis
238 4978 412 5034 monasteria
443 4979 525 5050 signa
553 4975 670 5048 pulsari,
698 4977 726 5029 et
757 4974 793 5030 ab
827 4973 906 5029 omni
956 4976 1136 5032 evidentibus
1161 4975 1338 5031 documentis
1368 4974 1518 5030 manifeste
1548 4974 1666 5046 patescit
1696 4975 1773 5049 quod

89 5073 267 5128 ecclesiastici
300 5071 408 5126 ordinis
442 5073 583 5126 conventu
615 5069 713 5124 laudes
746 5069 803 5123 Beo
835 5085 906 5123 can·
956 5068 1099 5142 benignus
1112 5069 1258 5142 magister,
1269 5069 1432 5141 jemalleo
1451 5068 1481 5124 in
1496 5068 1574 5124 coelis
1586 5068 1772 5140 glorificatus,

90 5166 155 5221 tari.
185 5166 314 5239 Cumque
340 5166 388 5221 ille
413 5166 595 5236 ‹qnaruplures
623 5162 755 5218 ecclesias
777 5162 904 5231 civitatis,
956 5180 1008 5234 pro
1028 5162 1204 5236 supplicibus
1226 5162 1372 5235 discipulis
1392 5161 1589 5218 indesinenter
1608 5163 1772 5232 intercedit,

88 5260 204 5316 devotas
223 5261 278 5315 Beo
298 5258 404 5331 gratias
419 5260 555 5327 referens,
572 5274 603 5313 er
624 5256 781 5312 abundanti
800 5256 905 5328 gaudio
956 5256 1054 5328 eisque
1078 5257 1205 5330 quotidie
1230 5257 1259 5311 iu
1288 5257 1504 5313 necessitatibus
1529 5257 1585 5312 suis
1619 5256 1775 5313 eflioacitec

89 5370 149 5409 suae
162 5352 339 5409 liberationis
349 5351 487 5419 visitaret,
499 5352 583 5408 turba
596 5352 684 5407 multa
694 5367 745 5423 per
755 5351 832 5406 vicos
840 5366 906 5406 curn
956 5349 1096 5406 subsenit.
1118 5351 1172 5405 Nos
1194 5348 1304 5423 itaque,
1324 5350 1371 5424 qui
1387 5350 1449 5422 jam
1467 5350 1532 5406 lene
1551 5349 1656 5422 jugum
1669 5350 1775 5409 Christi

88 5446 261 5520 sequebatur
282 5450 311 5501 et
332 5444 521 5518 precedebat,
538 5449 567 5500 et
586 5446 666 5518 quasi
687 5460 792 5501 norum
816 5443 907 5499 homi·
957 5444 1142 5516 suscepimus,
1159 5448 1188 5500 ot
1206 5443 1320 5516 pondus
1332 5444 1389 5501 diei
1403 5449 1434 5500 et
1446 5448 1541 5512 aestus,
1558 5443 1586 5498 in
1605 5443 1667 5515 ejus
1688 5445 1774 5500 vines

87 5557 155 5596 uem
170 5541 367 5612 unusquisque
377 5540 473 5597 videre
484 5538 625 5612 cupiebat.
637 5539 708 5596 Cum
720 5541 816 5595 autem
828 5536 906 5593 Beati
955 5537 1129 5610 laborantes,
1151 5537 1283 5611 femmas,
1295 5539 1325 5595 in
1340 5536 1467 5595 bonitate
1488 5538 1538 5594 bei
1559 5540 1723 5595 constantes
1744 5542 1774 5596 et

87 5634 163 5691 Petri
191 5634 360 5704 basilicam,
390 5651 454 5708 qum
480 5633 762 5691 westmonasterium
787 5630 906 5705 Angliee
956 5635 1181 5706 perseverantes,
1197 5632 1267 5689 certi
1287 5648 1348 5689 esse
1369 5632 1505 5689 debemus
1520 5629 1597 5705 quod
1617 5631 1730 5688 meritis
1744 5635 1774 5689 et

88 5734 281 5803 nuncupatur,
304 5728 475 5800 devenisset,
491 5727 580 5787 abbas
601 5728 728 5805 ejusdem
749 5727 803 5786 loci
820 5725 906 5789 oisle-
955 5725 1085 5802 precibus
1098 5725 1303 5802 signipotentis
1317 5725 1454 5787 didascali
1468 5742 1520 5786 nos
1533 5727 1668 5802 proteget
1684 5730 1775 5804 atque
