3750 6046
1865 40 1871 141 l

145 162 215 249 sesa
695 185 838 244 susurru
858 183 1153 242 ulvaeraaaemsrs
1172 184 1276 241 ruse.
1756 184 1817 242 rasa
1869 146 1871 175 '

145 317 305 382 exstinctos,
321 314 355 369 ab
372 312 496 369 Ecclesia
509 319 537 369 et
551 313 586 368 ab
597 314 645 369 illa
657 320 751 369 sancta
765 314 897 369 societate
913 330 955 368 se·
969 312 1108 408 Adecem
1122 318 1151 369 ct
1165 319 1228 368 octo
1244 315 1358 368 Petrum
1374 311 1563 383 compositum
1576 317 1606 368 et
1618 311 1819 369 confirmatum

146 409 310 483 questravit.
326 410 389 480 lpsc
409 407 552 464 Simonem
567 408 679 479 Magum
693 425 758 462 cum
773 408 893 480 pecunia
907 423 959 461 sna
1009 411 1062 461 est.

147 502 302 570 damnavit,
313 506 343 556 et
354 502 562 573 primatumsui
577 503 747 574 apostolatus
758 502 831 557 inter
843 506 959 557 caeteros
1047 523 1060 549 «
1092 501 1198 557 Deinde
1230 503 1399 557 succedente
1431 506 1578 573 tempore,
1608 500 1821 557 succedentibus

146 598 289 670 apostolos
302 597 458 665 humiliter,
474 597 564 667 major
577 596 683 668 ubique
696 596 847 653 virtutibus
867 599 895 650 et
910 595 960 650 mi·
1009 612 1123 669 quoque
1146 595 1263 651 diversis
1282 597 1447 663 heresibus,
1466 596 1521 651 alia
1536 596 1629 650 multa
1649 595 1771 650 concilia
1790 597 1822 651 ad

145 691 259 758 reculis,
276 694 448 762 cooperante
463 690 808 757 Oomino,honorillcavit.
823 690 960 756 Quocirca
1009 689 1231 745 destructionem
1249 689 1425 744 diversarum
1446 690 1595 756 haeresum,
1613 693 1644 744 et
1657 688 1696 743 ad
1709 688 1823 744 aedisrca·

148 786 218 840 nulli
234 784 363 840 fidetium
376 784 510 839 convenit
524 785 703 856 aliquatenus
711 784 851 851 dubitare,
864 799 914 839 seu
929 784 959 837 in
1009 783 1116 837 tionem
1133 783 1277 838 catholicae
1297 783 1429 838 Ecclesiae
1448 783 1590 838 celebrata
1609 786 1687 837 sunt.
1707 784 1777 838 liam
1799 790 1823 839 et

148 879 336 952 quaestionem
359 894 477 949 ponere,
502 877 550 934 sed
573 878 738 933 firmissime
759 882 869 946 tenere,
883 875 960 949 quod
1009 877 1039 931 in
1052 877 1273 932 Chalcedoneusi
1285 877 1410 944 ecclesia,
1421 882 1450 932 et
1459 878 1488 931 in
1500 877 1552 932 hac
1563 876 1823 949 Constantinopoli-

149 975 248 1029 l’etrus
269 989 286 1027 a
306 971 430 1028 Domino
450 972 583 1042 princeps
603 971 795 1043 apostolorum
810 973 846 1026 sit
856 971 959 1026 consti·
1011 972 1088 1037 tana,
1100 975 1129 1025 et
1139 971 1167 1025 in
1180 971 1331 1042 Ephesiua,
1343 978 1371 1026 et
1382 972 1413 1025 in
1425 970 1612 1035 Antiochum,
1624 976 1655 1024 et
1668 971 1698 1025 in
1712 971 1824 1026 hlcran-

150 1071 237 1124 tutus.
251 1066 501 1131 Quemadmodum
512 1070 607 1121 autem
622 1067 696 1121 solus
710 1067 855 1121 Romanus
868 1066 959 1137 ponti·
1012 1064 1094 1119 drina
1114 1066 1257 1135 generalia
1277 1065 1393 1119 concilia
1412 1064 1575 1119 solemniter
1597 1063 1700 1119 habita
1717 1068 1783 1118 sunt
1799 1068 1824 1120 ιιι

149 1162 195 1218 lex
213 1160 272 1216 viee
288 1160 362 1215 ltetri
383 1160 472 1215 vicem
486 1160 560 1231 gerit
581 1159 695 1227 Christi,
725 1160 764 1214 ita
783 1176 850 1215 sane
864 1159 961 1215 caeteri
1011 1158 1224 1213 damnationem
1245 1160 1454 1225 haereticorum,
1479 1164 1507 1213 et
1528 1158 1562 1213 ad
1585 1159 1824 1213 corroborandam

150 1255 275 1327 episcopi
292 1254 380 1309 ricem
401 1257 506 1324 gerunt
519 1253 712 1325 apostolorum
726 1255 778 1308 sub
798 1254 919 1321 Christo,
935 1257 962 1308 et
1011 1251 1099 1306 iidem
1114 1255 1142 1306 et
1158 1253 1293 1306 unitatem
1306 1253 1435 1308 omnium
1448 1251 1649 1307 Ecclesiarum.
1666 1252 1747 1307 Unde
1762 1253 1825 1307 sicut

149 1351 210 1405 vice
232 1349 336 1403 Christi
352 1348 404 1403 sub
428 1349 521 1415 Petro,
543 1353 572 1402 et
591 1347 650 1402 vice
665 1348 739 1403 Petri
754 1347 806 1402 sub
826 1347 961 1418 pontifice
1012 1344 1080 1413 diri,
1094 1346 1115 1399 si
1127 1346 1172 1400 hic
1184 1351 1288 1401 exortae
1301 1351 1367 1401 sunt
1380 1346 1510 1413 haereses,
1523 1346 1568 1400 hic
1582 1346 1672 1400 ctiam
1686 1346 1825 1401 exstincta

151 1446 279 1500 Romano
294 1442 355 1512 ejus
368 1441 559 1496 vicarioznec
572 1441 601 1495 in
614 1441 666 1495 hoe
682 1441 863 1512 aliquatenus
877 1441 961 1496 dero·
1013 1444 1095 1506 sunt3
1129 1440 1299 1510 videturque
1333 1440 1408 1511 qnod
1441 1440 1563 1496 Ecclesia
1599 1439 1648 1494 Oai
1685 1440 1826 1495 occasione

152 1544 235 1609 gatar
258 1536 343 1591 alicui
366 1535 572 1607 apostolorum,
599 1535 621 1590 si
650 1534 799 1607 unicuique
818 1534 963 1590 humiliter
1013 1532 1156 1587 haeresum
1169 1533 1260 1604 magis
1279 1550 1311 1587 ac
1326 1533 1417 1604 magis
1432 1534 1462 1587 in
1480 1532 1600 1588 scientia
1619 1533 1826 1604 Scripturarum

152 1647 234 1686 suum
247 1628 413 1684 attribuitur
427 1628 562 1684 osticium.
578 1650 592 1677 a
1014 1627 1140 1695 creverit,
1156 1634 1184 1682 et
1195 1627 1286 1697 majus
1299 1627 1387 1681 robur
1397 1626 1464 1681 fidei
1487 1631 1551 1698 post
1572 1627 1731 1681 exstinctas
1746 1628 1828 1681 hacre-

975 1712 1003 1784 B
1016 1737 1058 1776 sas
1073 1721 1223 1791 acceperit,
1236 1720 1308 1775 adeo
1322 1723 1352 1774 nt
1360 1719 1417 1775 tide
1427 1719 1569 1775 Catholica
1580 1721 1643 1790 jam
1659 1720 1794 1775 distincta
1805 1725 1830 1775 ct

427 1780 620 1836 CAPITULUM
640 1780 682 1835 xl·
1012 1816 1072 1886 jarn
1085 1814 1121 1869 ad
1133 1813 1248 1886 plenum
1260 1820 1469 1882 consummata,
1475 1815 1551 1885 juste
1562 1830 1579 1868 a
1590 1814 1698 1868 sanctis
1707 1789 1829 1869 Patribus

152 1899 229 1968 0²³0d
240 1898 350 1953 imm
360 1899 389 1951 ²⁸7¹
400 1898 642 1991 Q'Wf'lf’lffl»
655 1898 806 1988 '’emittit“
818 1899 847 1951 ²⁸⁷2
858 1897 966 1953 Oriente
1015 1909 1168 1963 inhibitum
1187 1909 1232 1975 sit,
1247 1910 1323 1979 quod
1340 1925 1425 1963 nemo
1444 1908 1568 1980 amplius
1587 1908 1624 1963 de
1645 1907 1705 1962 tide
1723 1908 1829 1979 publice

296 1984 372 2041 ‘m’
387 1982 442 2032 Μ
458 1984 539 2032 emm
557 1977 656 2032 'mem
670 1983 819 2032 mmm·
1015 2002 1159 2074 disputare
1176 2002 1288 2067 audeat,
1304 2002 1460 2072 prasertim
1478 2018 1543 2056 cnm
1563 2002 1634 2056 nihil
1655 2001 1830 2056 demendum

192 2093 325 2151 Nechites
340 2092 569 2165 archiepiscopus
590 2092 762 2148 Nicomediae
784 2092 873 2147 dixit:
892 2114 906 2143 (ι
918 2093 966 2146 Po
1015 2096 1058 2150 vel
1068 2095 1230 2151 addendum
1240 2095 1276 2149 sit
1285 2094 1320 2150 dc
1330 2099 1444 2150 caetero.
1456 2096 1572 2149 iuventa
1582 2095 1692 2167 quippe
1703 2095 1827 2162 veritate,

154 2192 210 2246 test
235 2203 296 2243 esse
319 2187 396 2259 quod
419 2185 498 2241 dicis.
522 2188 662 2242 Caeterum
688 2186 771 2256 paulo
793 2191 858 2241 ante
872 2185 965 2240 dixisti
1016 2189 1064 2261 qni
1074 2189 1197 2260 amplius
1207 2189 1319 2260 quaerit,
1330 2188 1399 2260 quid
1410 2188 1486 2244 aliud
1499 2192 1627 2243 merctur
1638 2187 1830 2243 invenirerisi

155 2282 299 2339 ecclesiam
325 2279 677 2352 constantinopolitanam,
705 2280 764 2335 imo
791 2280 851 2335 lere
873 2285 966 2335 totum
1016 2283 1219 2338 mendacium?
1234 2284 1327 2338 Potest
1347 2282 1480 2354 equidem
1501 2282 1563 2354 quis
1583 2280 1737 2336 humiliter
1751 2283 1830 2336 inter-

154 2377 298 2435 Orientem
330 2374 415 2430 variis
447 2373 604 2429 haeresibus
637 2374 885 2429 contaminatum:
914 2373 966 2428 boc
1017 2377 1145 2448 rogando
1159 2377 1339 2448 investigare,
1356 2381 1385 2430 ut
1395 2377 1448 2431 sihi
1464 2377 1499 2431 de
1515 2375 1571 2431 lide
1585 2375 1697 2447 aliquid
1712 2377 1742 2430 in
1761 2377 1828 2430 noli·

155 2469 261 2540 dixisti,
275 2473 304 2524 ct
325 2484 425 2523 verum
439 2484 471 2524 er
493 2473 576 2540 parte
589 2467 695 2532 dixisti,
711 2468 778 2539 quia
793 2470 822 2523 et
834 2484 888 2538 ego
901 2483 966 2523 cum
1017 2472 1086 2525 tiam
1103 2472 1206 2538 veniat,
1223 2471 1300 2542 quod
1313 2474 1378 2526 aute
1392 2472 1569 2542 aliquatenus
1590 2469 1754 2541 ignorabat,
1773 2477 1829 2525 tru-

155 2565 209 2619 sim
234 2579 328 2619 servus
352 2561 487 2630 veritatis,
502 2562 649 2617 veritatem
663 2578 770 2634 negare
791 2578 848 2616 uou
864 2560 965 2628 debeo,
1017 2571 1077 2619 lum
1108 2582 1143 2619 ne
1168 2567 1278 2619 revocet
1300 2565 1367 2619 illud
1392 2563 1421 2618 in
1449 2564 1619 2634 ambiguum
1645 2563 1828 2634 contentiose,

157 2658 213 2714 Sed
227 2657 282 2726 dic,
298 2671 406 2729 quaeso,
429 2655 478 2710 uhi
494 2659 561 2710 sunt
582 2656 724 2710 damnatae
738 2656 792 2710 illae
819 2655 967 2710 baereses‘l
1017 2660 1093 2729 quod
1106 2677 1122 2713 a
1135 2660 1237 2712 sanctis
1257 2659 1387 2713 Patribus
1404 2664 1482 2713 certo
1501 2658 1566 2713 fidei
1580 2659 1708 2714 termino
1724 2664 1766 2713 est
1779 2657 1828 2713 dil·

155 2752 222 2818 Ouis
234 2769 281 2807 eas
295 2749 466 2806 damnavit?
483 2749 511 2805 Si
528 2749 573 2804 hic
588 2767 603 2803 a
617 2750 709 2821 pravis
736 2753 765 2804 et
785 2749 889 2820 iniquis
903 2751 968 2803 snrrt
1018 2753 1145 2818 finitum,
1161 2739 1213 2808 hoc
1227 2753 1306 2807 enim
1320 2752 1393 2806 nulli
1406 2752 1572 2806 mortalium
1586 2756 1747 2807 retractare
1760 2752 1827 2818 licet,

156 2851 272 2915 exorta,
296 2844 342 2900 hic
362 2844 447 2899 etiam
470 2843 584 2899 abonis
606 2850 634 2898 at
656 2843 801 2899 catholicis
815 2843 883 2898 viris
902 2845 969 2896 sunt
1018 2846 1150 2917 quoniam
1178 2846 1343 2917 gravissimo
1368 2845 1547 2901 anathemate
1572 2846 1761 2901 interdictum
1783 2850 1827 2900 est.

157 2943 299 2999 damnatae
309 2961 318 3013 ;
336 2942 476 3014 siquidem
488 2941 673 2998 Constantino
683 2942 783 3013 llagno
797 2941 968 3012 imperatore
1021 2939 1108 3010 lgitur
1125 2941 1177 2994 hoc
1195 2940 1402 3012 improperium
1420 2939 1496 3011 qnod
1518 2939 1601 2994 uobis
1621 2939 1659 2994 dc
1681 2941 1829 2994 haeresibus

157 3038 193 3094 ad
209 3038 293 3093 tidem
316 3052 462 3103 conrerso,
475 3040 503 3090 et
526 3035 665 3091 scribente
679 3036 737 3090 Deo
763 3035 875 3106 placitas
889 3035 967 3104 leges
976 3080 1004 3155 C
1018 3032 1177 3104 impingere
1199 3033 1323 3100 voluisti,
1342 3033 1402 3103 jam
1424 3032 1548 3104 amplius
1567 3039 1674 3102 cesset,
1696 3034 1828 3105 quioniam

157 3149 209 3205 pro
233 3130 410 3197 Christianis,
425 3131 515 3185 ltoma
530 3146 595 3185 cum
612 3147 662 3184 suo
682 3129 837 3197 occidente,
852 3131 881 3182 et
894 3128 965 3182 Con·
1017 3127 1135 3198 quidem
1145 3127 1221 3198 apud
1235 3142 1334 3182 omines
1346 3126 1488 3198 sapientes
1503 3125 1566 3198 plus
1583 3127 1671 3182 debet
1684 3129 1779 3182 valere
1792 3142 1828 3181 rc·

157 3225 434 3297 stantinopolisoum
449 3240 499 3279 suo
523 3223 633 3279 oriente
653 3240 685 3278 ex
706 3223 824 3278 decretis
843 3221 965 3292 impera·
1018 3221 1086 3275 ritas
1105 3223 1134 3276 ot
1152 3222 1241 3275 virtus
1262 3221 1413 3290 bonorum,
1435 3238 1520 3292 quam
1542 3220 1696 3275 mendacia
1719 3225 1749 3276 et
1770 3220 1828 3276 ritis

157 3319 226 3376 toris
238 3320 272 3375 ad
295 3318 380 3374 fidem
400 3318 533 3372 cucurrit.
552 3319 586 3372 Et
600 3317 736 3389 quoniam
751 3332 823 3371 nova
838 3322 866 3371 et
878 3316 966 3388 pluri·
1017 3315 1168 3371 malorum.
1186 3316 1241 3385 Dic,
1258 3332 1363 3387 quaeso,
1379 3315 1427 3369 nbi
1440 3332 1516 3369 nunc
1531 3318 1598 3369 sunt
1611 3316 1764 3370 haeretici?
1776 3317 1828 3370 h'on

148 3416 212 3471 bus
228 3413 355 3469 inaudita
377 3411 447 3467 fides
467 3411 560 3467 subito
577 3411 689 3483 publice
705 3410 923 3483 praedicabatur,
940 3415 968 3465 ct
1019 3413 1085 3464 suut
1097 3410 1152 3476 hic,
1170 3426 1293 3480 quorum
1307 3426 1359 3464 uec
1372 3425 1477 3464 nomeu
1492 3409 1596 3463 alicubi
1611 3409 1642 3463 in
1658 3410 1776 3465 Oriente
1790 3426 1830 3463 au·

157 3510 187 3564 in
200 3510 256 3564 hac
268 3506 380 3562 civitate
389 3506 482 3562 studia
491 3506 649 3560 liberahum
661 3506 764 3560 artium
779 3504 922 3575 vigebant,
940 3510 969 3559 ct
1018 3505 1107 3571 ditur,
1123 3504 1173 3559 sed
1188 3503 1365 3558 acatholicis
1382 3503 1487 3574 ubique
1508 3519 1559 3574 pcr
1579 3503 1731 3558 Orientem
1752 3504 1829 3576 plana

156 3602 239 3660 multi
255 3601 395 3673 sapientes
409 3600 437 3655 iu
453 3600 554 3672 logica,
577 3600 649 3655 etin
667 3606 727 3655 arte
744 3586 885 3655 dialectica
902 3597 967 3652 sub·
1020 3602 1049 3653 ct
1064 3615 1131 3652 snua
1147 3598 1202 3652 lide
1217 3598 1273 3651 Oco
1293 3597 1414 3669 dignum
1434 3597 1604 3669 obsequium
1623 3597 1788 3653 exhibetur.
1802 3598 1830 3651 lit

158 3697 264 3753 tilesin
292 3694 401 3750 ratione
417 3694 574 3748 disserendi
598 3693 796 3765 praevalebant,
822 3697 970 3763 ceperunt
1019 3691 1138 3747 fortasse
1162 3692 1190 3746 in
1214 3693 1343 3747 llomana
1366 3692 1478 3746 civitate
1499 3691 1604 3746 idcirco
1627 3708 1686 3748 non
1704 3708 1829 3748 surrexe·

158 3791 244 3847 iidem
258 3790 448 3848 Christianam
460 3787 624 3843 disserendo
638 3788 809 3852 exaurinare,
826 3793 854 3841 et
865 3786 970 3841 erami-
1020 3792 1088 3841 runt
1100 3786 1233 3854 haereses,
1251 3787 1318 3858 quia
1339 3803 1394 3841 nou
1413 3785 1484 3840 adeo
1499 3785 1652 3856 sapientes,
1668 3791 1696 3842 et
1710 3788 1829 3855 subtiles,

157 3885 253 3941 nando
268 3890 296 3938 et
319 3881 515 3937 ratiocinando
540 3880 680 3951 delicere3
697 3885 853 3935 scrutantes
872 3879 971 3934 scruti·
1019 3886 1047 3936 et
1061 3882 1268 3953 scripturarum
1282 3881 1498 3951 investigatores
1512 3880 1550 3934 ibi
1565 3880 1685 3937 luerunt
1696 3885 1830 3956 quemad·

156 3978 214 4046 nin,
229 3980 258 4033 et
275 3977 401 4032 dicentes
419 3991 448 4029 se
468 3990 529 4029 esse
547 3975 695 4046 sapientes,
713 3974 791 4029 stulti
808 3974 874 4029 lacti
892 3976 969 4044 suut,
1020 3975 1137 4031 modom
1152 3974 1226 4046 apud
1246 3992 1314 4044 uos;
1329 3981 1356 4030 et
1375 3976 1446 4029 sicut
1468 3976 1667 4031 hereticorum
1691 3979 1742 4051 qui
1764 3979 1831 4051 apud

158 4075 188 4127 et
201 4074 378 4127 evanuerunt
390 4068 419 4123 in
433 4068 651 4140 cogitationibus
670 4069 737 4137 suis,
753 4069 821 4141 qnia
838 4085 894 4124 non
915 4068 969 4122 hu·
1021 4087 1072 4124 nos
1086 4070 1212 4138 luerunt,
1229 4086 1302 4124 rana
1323 4070 1461 4140 sapientia
1478 4087 1534 4142 qua
1555 4070 1664 4126 seducti
1685 4082 1765 4139 sunt,
1783 4074 1833 4128 cul·

159 4169 265 4223 militer
286 4166 524 4237 investigaverunt
541 4166 617 4237 quod
633 4166 678 4236 pie
699 4170 727 4220 et
746 4164 892 4220 humiliter
913 4181 972 4219 cre·
1021 4163 1117 4235 panda
1132 4170 1187 4232 est3
1201 4165 1239 4218 ita
1260 4164 1397 4219 nimirum
1418 4163 1559 4220 laudanda
1578 4170 1621 4220 est
1636 4167 1772 4222 Romana
1789 4168 1833 4221 im·

160 4261 227 4317 dere
247 4259 425 4328 debuerunt;
441 4264 469 4315 ct
481 4260 549 4314 dum
569 4259 691 4331 superba
711 4260 819 4314 ratione
837 4259 970 4313 humanae
1022 4259 1132 4329 peritia,
1145 4276 1200 4330 qua
1216 4257 1267 4329 ipsi
1282 4275 1334 4313 nec
1349 4259 1409 4324 hoc,
1422 4275 1473 4313 nec
1486 4259 1555 4314 illud
1569 4259 1605 4314 de
1619 4259 1678 4316 lide
1694 4261 1832 4330 dixemnt,

159 4355 285 4413 scientiae
300 4354 460 4409 tendentia
472 4354 745 4424 altum‚ceeidernnt
758 4354 786 4408 in
798 4353 972 4408 infidelitatis
1022 4352 1069 4407 sed
1095 4352 1165 4407 alios
1189 4352 1257 4407 inde
1284 4353 1411 4407 dicentes
1439 4358 1467 4408 et
1493 4354 1627 4408 docentes
1656 4355 1834 4428 simplicitate

159 4448 346 4525 protundum,
359 4455 388 4504 et
400 4449 468 4504 iacti
481 4452 548 4503 sum
561 4448 686 4503 haeretici
701 4448 793 4516 multi,
805 4450 834 4502 et
845 4448 1012 4527 fecaruntl)
1024 4447 1102 4518 quasi
1125 4446 1220 4501 minus
1238 4447 1320 4502 docta
1338 4447 1499 4502 audierunt.
1521 4446 1603 4511 Orrod
1625 4449 1781 4521 contigisse
1798 4450 1834 4502 ri·

160 4544 212 4600 sibi
227 4547 318 4598 sectas
337 4543 452 4613 multas,
468 4547 497 4597 et
514 4542 630 4597 confusa
650 4547 678 4597 et
694 4542 820 4597 lacerata
837 4549 879 4597 est
900 4542 972 4597 fides
1022 4542 1105 4597 detur
1124 4542 1166 4596 vel
1188 4558 1221 4595 er
1244 4540 1332 4595 nimia
1348 4541 1522 4614 negligentia
1536 4542 1747 4615 investigandae
1765 4545 1835 4613 fidei,

160 4638 327 4703 Christiana,
351 4637 381 4691 in
398 4638 502 4692 rnultas
523 4640 552 4691 et
567 4636 771 4691 diversissimas
792 4637 913 4691 larcreses
927 4637 971 4692 di·
1022 4636 1063 4690 vel
1079 4652 1113 4690 ex
1133 4652 1231 4706 grossa
1246 4635 1377 4690 tarditate
1391 4635 1499 4690 hebetis
1513 4636 1634 4707 ingenii,
1652 4639 1697 4694 rel
1711 4657 1745 4694 er
1758 4655 1835 4695 occu·

161 4735 226 4789 visa.
243 4733 340 4803 ltaque
353 4730 475 4786 Ecclesia
486 4730 610 4786 Orientis
624 4730 721 4785 ridens
733 4732 803 4786 tales
822 4730 898 4785 abuti
918 4747 969 4786 sae·
1022 4731 1135 4802 palione
1149 4747 1181 4784 ac
1194 4730 1268 4786 mole
1285 4730 1427 4785 saecularis
1440 4731 1652 4803 impedimenti.
1670 4732 1752 4789 Sicut
1764 4735 1836 4790 enim

160 4828 247 4884 culari
266 4825 393 4889 scientia,
406 4828 436 4879 et
451 4842 504 4896 per
518 4824 628 4879 diversa
642 4824 703 4879 loca
727 4823 844 4879 diversis
863 4829 970 4897 tempo·
1022 4827 1171 4880 doctorum
1190 4828 1232 4880 cst
1251 4829 1300 4879 aut
1321 4826 1438 4881 omniuo
1458 4826 1542 4893 bene,
1557 4830 1606 4881 aut
1627 4828 1753 4883 omnino
1768 4829 1838 4884 male

160 4923 238 4978 ribus
257 4920 376 4975 ebullire
400 4919 491 4991 capita
513 4918 777 4986 haeresiarcharum,
797 4919 887 4973 missis
907 4919 971 4974 ubi·
1022 4919 1126 4974 sentire
1147 4919 1190 4974 vel
1210 4919 1321 4989 dicere;
1338 4920 1374 4974 ita
1399 4920 1594 4992 insipientium
1613 4926 1644 4975 et
1657 4921 1838 4978 indoctomm

160 5033 215 5089 quc
234 5013 374 5086 synodicis
394 5013 530 5084 epistolis,
554 5012 748 5067 adnitentibus
770 5013 901 5085 piissimis
922 5013 973 5067 im·
1023 5019 1065 5068 est
1083 5030 1136 5068 nec
1153 5013 1235 5080 bone,
1254 5030 1305 5068 noc
1319 5015 1394 5069 male
1411 5015 1516 5069 sentire
1534 5015 1577 5069 vel
1591 5014 1686 5070 dicere
1704 5017 1785 5087 [(34).
1804 5018 1839 5071 lte

159 5109 348 5183 potatoribus,
369 5109 458 5162 multa
479 5106 597 5161 coucilia
617 5106 778 5161 celebravit.
801 5107 927 5161 Primum
943 5107 973 5161 in
1023 5107 1084 5163 istis
1103 5106 1170 5163 dicit
1184 5108 1333 5179 Apostolus
1350 5125 1356 5162 :
1371 5111 1522 5166 Nasctentcs
1536 5124 1622 5179 neque
1641 5126 1704 5180 qna·
1725 5112 1839 5183 loquan-

159 5203 251 5260 lticaea
262 5201 400 5274 Bithyniae
414 5201 574 5272 provinciae,
593 5200 640 5255 ubi
655 5201 788 5256 damnata
801 5205 843 5256 est
857 5201 973 5257 heresis
1023 5207 1078 5270 tur,
1092 5218 1176 5272 aeque
1188 5203 1330 5272 dequibus
1343 5204 1515 5273 affirmenttl
1530 5205 1610 5266 lim„
1626 5220 1644 5272 1,
1661 5204 1719 5276 ll).
1735 5206 1776 5261 Oe
1790 5205 1841 5261 illis

160 5296 274 5365 Ariana,
295 5301 324 5351 et
343 5294 501 5367 symbolum
525 5295 591 5350 lidei
614 5294 745 5349 omnibus
767 5294 911 5351 catholicis
928 5295 972 5350 in·
1023 5295 1091 5351 dicit
1110 5296 1227 5368 quidam
1246 5297 1383 5369 sapiens:
1403 5297 1536 5353 Dubitare
1560 5298 1596 5354 de
1615 5297 1744 5372 singulis
1764 5299 1841 5357 hand

160 5388 292 5446 violabile
306 5388 473 5445 auctoritate
491 5387 610 5460 Spiritus
625 5389 715 5444 sancti
734 5392 763 5445 et
781 5393 973 5445 trecentorum
1023 5390 1078 5444 crit
1091 5390 1200 5446 inutile.
1217 5390 1255 5461 t»

182 5614 293 5681 (uma
310 5614 371 5668 latet
387 5612 462 5666 dicit
484 5609 566 5678 Quod
584 5612 695 5665 nnctnls
710 5612 850 5666 inclusum
864 5616 915 5674 eat,
931 5613 973 5666 at·
1023 5618 1360 5681 sepostremumcomma
1375 5612 1476 5672 alibro
1489 5632 1520 5684 ιι,
1534 5632 1594 5687 cap.
1612 5620 1655 5687 2¹,
1671 5620 1842 5681 hucadvec-

136 5682 226 5739 detor
235 5686 308 5741 baie
317 5684 385 5740 loco
396 5690 529 5739 amotum
542 5685 580 5740 ab
595 5686 727 5753 imperito
744 5687 826 5754 juxta
841 5690 871 5739 ct
882 5688 979 5754 tuopte
1026 5692 1090 5741 tum
1100 5691 1152 5741 est.

120 5762 316 5826 smannens&
328 5774 400 5815 nam
423 5774 494 5815 cnm
510 5760 713 5830 repertoribus
735 5774 795 5815 non
817 5760 986 5816 cohaerent:
