3750 6046
76 239 140 294 foai
572 237 742 296 nulsione
761 237 805 292 ET
822 235 1025 292 emittimus.
1047 264 1081 275 -
1100 235 1157 290 AN.
1179 235 1257 290 iias.
1689 235 1759 290 {522

74 363 151 419 sitati
174 368 274 419 vestra
299 362 393 435 ipsum
418 363 555 419 attentius
577 364 821 434 commendamus,
835 380 888 436 per
899 374 926 448 Α
937 360 1076 429 fidelium,
1093 377 1143 416 seu
1159 361 1221 415 aliis
1230 359 1315 432 justis
1336 358 1439 427 modis,
1453 361 1609 431 praetante
1635 358 1756 415 Domino

74 458 236 528 apostolica
249 457 329 512 verbis
342 459 444 530 scripta
458 459 636 525 mandantes,
659 466 799 530 qrratenus
823 475 889 514 eum
940 455 1046 526 poterit
1068 455 1197 527 adipisci,
1220 455 1302 509 firma
1315 453 1403 522 robis,
1423 458 1452 509 et
1474 454 1518 509 his
1532 454 1582 526 qui
1603 454 1632 509 in
1653 454 1757 509 eodem

75 551 233 607 honorifice
262 551 415 622 recipiatis,
439 553 558 608 honeste
585 554 720 621 tractetis,
738 558 766 608 et
787 553 813 608 ei
827 559 887 609 tan·
939 549 1114 605 monasterio
1129 549 1291 622 studuerint
1304 548 1424 604 Domino
1436 547 1585 617 deservire,
1604 550 1633 604 et
1649 548 1757 603 illibata

73 663 162 719 quam
183 646 324 717 spirituali
349 645 470 718 principi
494 652 522 701 et
547 647 708 702 animarum
728 652 888 702 vestrarum
938 648 1130 716 permaneant.
1146 643 1329 715 sepulturam
1343 659 1457 715 qnoque
1471 643 1545 697 itlius
1560 643 1612 697 loci
1633 641 1756 697 liberam

73 740 179 795 rectori
193 739 318 794 debitam
329 739 358 793 in
372 740 503 795 omnibns
514 740 708 795 obedientiam
719 747 887 797 straveren·
937 754 998 793 esse
1018 738 1211 807 concedimus,
1232 740 1264 792 ut
1285 753 1383 792 eorum
1404 736 1547 792 devotioni
1568 739 1598 792 et
1620 738 1755 792 extremae

73 834 145 889 tiam
160 833 344 906 impendatis.
359 834 401 888 nd
423 834 485 889 haec
508 834 672 890 discretioni
694 838 794 890 rastra
817 852 889 908 prae-
938 831 1075 886 voluntati
1092 832 1158 903 ,qui
1184 847 1213 886 se
1236 830 1292 886 illie
1313 830 1427 901 sepeliri
1447 830 1678 897 deliberaverint,
1698 829 1754 884 nisi

76 928 200 983 sentium
227 927 433 999 significatione
458 928 591 983 rolrrmus
612 929 780 997 innotescat,
812 930 888 1001 quod
938 926 1012 980 forte
1042 924 1282 980 excommunicati
1308 925 1352 979 vel
1386 924 1530 980 interdicti
1558 924 1634 993 sint;
1659 922 1755 978 nuilus

73 1022 160 1076 frater
180 1025 277 1076 noster
291 1021 436 1077 ledrensis
459 1022 690 1095 archiepiscopus
700 1023 730 1078 iu
744 1029 841 1078 nostra
859 1026 888 1079 et
936 1019 1062 1086 obsistat,
1070 1019 1146 1073 salva
1161 1022 1258 1074 lamen
1266 1017 1376 1090 justitia
1390 1017 1514 1073 matricis
1527 1016 1661 1073 ecclesia.
1681 1017 1755 1073 Sane

69 1117 193 1171 fratrum
207 1119 371 1170 nostrorum
386 1117 547 1187 praesentia,
560 1117 812 1172 memoralofratri
826 1134 887 1173 nos·
936 1112 1079 1167 novalium
1093 1113 1221 1184 ejusdem
1242 1113 1418 1180 monasterii,
1435 1129 1500 1184 quie
1518 1112 1640 1183 propriis
1660 1111 1753 1166 mani-

71 1213 116 1265 tro
136 1209 305 1280 patriarchae
320 1209 438 1281 ejusque
453 1210 669 1277 successoribus,
680 1210 889 1278 obedientiam,
936 1206 988 1261 bus
1001 1211 1050 1261 sut
1063 1206 1223 1279 sumptibus
1243 1206 1420 1274 excoluntur,
1444 1206 1501 1261 sive
1519 1205 1553 1261 de
1575 1206 1755 1261 nutrimentis

70 1307 210 1375 tanquam
221 1302 334 1374 primati
348 1319 399 1358 suo
413 1309 569 1375 spontanea
585 1304 733 1360 voluntate
746 1304 885 1377 promisit,
936 1299 1106 1355 animalium
1137 1305 1295 1355 aestrorum
1325 1301 1418 1355 uultus
1445 1301 1570 1356 decimas
1599 1303 1755 1372 praesumat

68 1400 99 1452 et
124 1413 175 1451 nos
196 1396 416 1468 promissionem
436 1397 526 1468 ipsam
548 1397 578 1453 in
598 1396 743 1470 publicum
766 1397 886 1453 fecimus
936 1393 1060 1464 exigere.

68 1490 162 1563 redigi
186 1491 419 1547 instrumentum.
442 1493 497 1547 Vos
511 1497 607 1548 autem
620 1492 692 1546 sicut
705 1491 756 1547 viri
775 1491 885 1547 strenui
971 1486 1156 1542 Decernimus
1169 1504 1237 1560 ergo
1251 1491 1281 1542 ut
1296 1488 1364 1543 nulli
1378 1488 1494 1543 omnino
1505 1488 1654 1543 hominum
1665 1488 1752 1543 liceat

67 1590 97 1639 el
120 1585 222 1639 famosi
238 1584 274 1639 ad
294 1584 455 1640 dilatandos
471 1585 609 1641 terminos
629 1585 773 1641 Gratensis
791 1585 883 1642 Eccle·
935 1580 1084 1653 praefalum
1099 1581 1303 1636 monasterium
1320 1588 1427 1637 temere
1439 1581 1612 1653 perturbare,
1626 1584 1676 1636 aut
1688 1581 1752 1653 ejus

67 1679 118 1733 sim
137 1678 234 1734 matris
255 1682 354 1734 restrae
370 1679 502 1735 omnibus
522 1678 615 1734 medis
636 1679 780 1748 laboretis,
796 1685 882 1752 atqua
935 1675 1124 1746 possessiones
1136 1676 1259 1743 artferre,
1276 1676 1318 1730 rel
1337 1675 1445 1730 ablatas
1465 1675 1597 1744 retinere,
1622 1676 1750 1731 minnere

67 1772 105 1828 ad
117 1773 379 1851 ejusaugmentum
393 1772 546 1828 efficaciter
563 1773 712 1830 studeatis.
735 1743 981 1830 Nosenimssseu
1002 1769 1174 1840 quibuslibet
1195 1768 1388 1823 vexationibus
1412 1768 1545 1840 fatigare,
1574 1769 1622 1824 sed
1644 1769 1751 1825 illibata
1809 1820 1813 1829 ,

65 1866 205 1938 temporis
221 1867 433 1938 opportunitate
442 1873 565 1939 accepta,
579 1868 712 1923 eamdem
726 1869 881 1924 Ecclesium
932 1863 1027 1917 omnia
1039 1868 1068 1917 et
1085 1863 1195 1934 integra
1213 1867 1420 1917 conserventur
1433 1877 1544 1927 surum,
1561 1877 1611 1933 pro
1626 1877 1747 1933 quorum

64 1961 169 2033 quibus
185 1960 276 2015 modis
290 1977 355 2016 eum
373 1962 427 2017 fleo
443 1962 609 2033 poterimus,
618 1962 780 2018 curabimus
793 1961 882 2018 heno-
933 1955 1141 2027 gubernatione
1164 1959 1193 2010 et
1211 1955 1416 2010 sustentatione
1441 1970 1571 2009 concessa
1592 1959 1669 2021 sunt,
1680 1954 1746 2022 {usi-

67 2071 141 2121 rnre,
167 2057 252 2126 aune
275 2055 440 2110 exaltationi
459 2059 488 2110 et
506 2055 619 2111 utilitati
638 2056 727 2128 ipsius
746 2057 883 2113 attentius
932 2049 985 2104 bus
1005 2048 1179 2104 omnimodis
1206 2049 1361 2120 prorutum,
1386 2049 1460 2103 saiva
1488 2047 1748 2119 sedisapostolicae

64 2147 230 2220 providere.
931 2143 1099 2198 auctoritate
1120 2149 1148 2198 et
1166 2142 1317 2199 dioecesani
1331 2142 1455 2214 episcopi
1470 2142 1603 2197 canoniea
1624 2141 1745 2214 justitia.

102 2244 204 2297 flatum
220 2245 291 2311 Lat,
303 2242 375 2298 idib.
391 2243 478 2312 iunii,
493 2261 569 2300 anno
584 2260 624 2301 ιιι.
967 2237 995 2293 Si
1012 2253 1068 2309 qua
1080 2237 1179 2309 igitur,
1194 2240 1247 2292 ete.

440 2351 514 2408 CXL.
968 2334 1026 2404 Ego
1043 2331 1194 2400 Adrianus,
1209 2331 1355 2386 catholica
1370 2329 1500 2385 Ecclesia
1512 2329 1674 2402 episcopus.

61 2442 207 2511 liudulpho
221 2445 312 2513 puori
331 2443 534 2501 camaldulensi
556 2446 668 2517 ejusque
688 2448 882 2504 successoribus
966 2427 1025 2497 38⁰
1037 2424 1373 2497 Gl⁰8⁰li¹¹⁸23³hi¹¹0¹¹³i⁸
1386 2425 1545 2496 θΡῑὸθῡΡῑῐὸ·

99 2524 195 2577 amerit
210 2527 402 2578 monasterium
421 2525 771 2597 Pretolienseuieronyme
785 2529 882 2598 episeo-
967 2522 1026 2591 Ego
1040 2518 1201 2575 lfanfradus
1222 2518 1313 2590 presb.
1334 2518 1413 2573 card.
1429 2519 1472 2573 tit.
1495 2518 1605 2574 Sanctae
1620 2516 1744 2585 Sabinae,
1851 2558 1855 2569 .

98 2617 133 2671 Po
147 2602 262 2659 aretino
277 2605 418 2659 donatum.
965 2614 1025 2684 Ego
1036 2613 1137 2679 tulius,
1152 2612 1248 2685 presb.
1261 2612 1339 2667 card.
1357 2612 1400 2667 tit.
1417 2611 1513 2667 Sancti
1521 2611 1655 2666 Marcelli.

312 2693 463 2761 (mittini,
484 2695 549 2750 tun.
572 2697 625 2768 it.)
966 2708 1025 2779 Ego
1050 2706 1202 2774 tiebaldus,
1238 2705 1333 2778 presb.
1364 2705 1441 2760 card.
1468 2705 1512 2760 tit.
1537 2705 1563 2762 S.
1598 2705 1694 2761 Crucis
1716 2705 1745 2762 in

125 2787 292 2857 illiciuntur,
308 2787 383 2843 Aua.
405 2788 521 2853 Comei„
538 2790 581 2856 lit,
595 2789 739 2861 append,
750 2791 824 2861 luel
929 2800 1095 2856 Jerusalem,

97 2894 236 2946 donnaus
254 2890 411 2962 episcopus,
434 2907 529 2948 servus
542 2908 691 2949 servorum
709 2893 768 2962 uei,
791 2894 878 2950 ditae·
966 2896 1024 2965 Ego
1039 2893 1141 2963 Guido,
1157 2892 1253 2965 presb.
1268 2893 1347 2948 card.
1363 2893 1406 2948 tit.
1427 2894 1560 2949 Pastoris.

61 2989 104 3039 tes
129 2982 195 3038 filiis
222 2983 371 3040 Renunruo
399 2984 487 3055 priori
511 2986 739 3056 camaldulensi,
759 2987 879 3058 ejusque
965 2990 1024 3058 Ego
1036 2987 1213 3056 Octavianus,
1229 2987 1323 3059 presb.
1336 2987 1416 3042 card.
1433 2987 1476 3044 tit.
1492 2989 1519 3044 S.
1538 2988 1668 3044 Caeciliae.

61 3077 209 3144 frutribus,
238 3083 298 3132 tam
320 3079 510 3149 presentibus
528 3096 612 3152 quam
626 3080 739 3149 nutriris,
762 3081 915 3184 regula-C
965 3084 1023 3154 Ego
1040 3081 1316 3152 bernarduspresb.
1336 3080 1414 3136 card.
1435 3081 1478 3136 tit.
1501 3081 1530 3138 S.
1557 3081 1691 3154 Stephani
1716 3082 1745 3138 in

62 3186 125 3225 rem
140 3171 226 3225 vitam
241 3172 385 3242 protessis,
400 3173 429 3227 in
445 3179 625 3245 perpetuum.
927 3176 1014 3232 Coelio
1026 3176 1130 3231 tlontc.

96 3265 213 3329 Quoties
232 3264 303 3319 iilud
322 3281 339 3319 a
355 3265 434 3320 uobis
455 3265 571 3338 petitur,
593 3266 669 3339 quod
690 3267 824 3339 religioni
847 3273 878 3324 et
961 3273 1020 3341 Ego
1029 3271 1164 3338 loannes,
1180 3267 1272 3340 presb.
1295 3269 1375 3324 card.
1399 3269 1446 3325 SS.
1470 3269 1590 3325 loannis
1616 3272 1644 3324 et
1665 3269 1743 3325 Pauli

61 3358 202 3412 honestati
218 3358 369 3413 convenire
388 3359 575 3430 dignoscitur,
599 3360 706 3431 animo}
724 3377 777 3417 nos
793 3361 878 3420 decet
925 3363 969 3418 til.
982 3363 1167 3418 Pammachii.

59 3451 160 3506 libenti
180 3452 346 3520 concedere,
370 3458 399 3508 et
419 3452 577 3525 petentium
591 3453 741 3510 desideriis
755 3471 877 3528 congru·
962 3458 1021 3528 Ego
1047 3455 1239 3524 ildebrandus,
1262 3455 1357 3529 presb.
1383 3455 1459 3510 card.
1481 3455 1524 3510 lit.
1549 3454 1671 3511 Basilica
1699 3457 1743 3513 ΙΙΙΙ

60 3563 110 3600 nm
124 3546 267 3616 impertiri
282 3545 459 3617 suffragium.
476 3547 615 3603 Petivistis
631 3564 648 3602 a
665 3549 876 3617 nobis,.dilecti
925 3550 1128 3622 apostolorum.

59 3641 90 3694 in
107 3640 226 3695 ltomino
244 3641 305 3709 filii,
319 3644 351 3695 ut
367 3641 550 3697 donationem
570 3643 732 3698 monasterii
754 3644 791 3699 do
811 3646 877 3700 Pra·
962 3647 1020 3716 Ego
1033 3643 1125 3711 Oddo,
1149 3643 1223 3698 diae.
1247 3643 1323 3698 card.
1340 3642 1433 3699 Sancti
1456 3643 1560 3699 Nieeiai
1581 3643 1744 3701 incarcere

60 3735 127 3789 talia
151 3739 178 3789 et
202 3735 415 3790 concessionem
439 3735 517 3791 vohis
542 3741 571 3792 et
593 3752 647 3808 por
671 3753 721 3792 ros
744 3738 875 3797 Ecclesia
924 3738 1062 3794 Tulliano.

59 3828 300 3884 camaldulensia
321 3829 476 3885 venerabili
495 3829 584 3885 fratre
602 3834 700 3886 nostro
718 3832 874 3905 leronymo
959 3835 1017 3903 Ego
1038 3831 1129 3902 0ddo,
1149 3832 1221 3888 diac.
1243 3831 1324 3887 eard.
1347 3831 1442 3889 Sancti
1458 3832 1571 3904 Georgii
1592 3834 1628 3888 ad
1641 3834 1741 3890 Velum

59 3921 176 3977 aretino
189 3922 319 3995 episcopo
334 3922 412 3977 vobis
425 3923 562 3978 canonice
573 3924 688 3994 factam,
704 3925 874 3984 auctoritate
923 3928 1060 3982 Aureum.

60 4016 214 4088 apostoliea
234 4016 423 4085 muniremus,
439 4033 491 4072 nos
504 4033 571 4072 vero
585 4033 620 4072 ex
633 4018 762 4090 ejusdem
779 4019 874 4076 fratris
960 4023 1018 4092 Ego
1032 4019 1178 4089 liouadies,
1195 4019 1267 4076 diae.
1279 4020 1355 4075 card.
1372 4020 1468 4077 Sancti
1481 4021 1596 4093 angeli.

58 4111 181 4183 episcopi
203 4109 364 4166 litterarum
391 4114 501 4178 tenere,
517 4127 588 4182 quas
606 4112 688 4167 uobis
705 4115 872 4186 transmisit,
960 4118 1019 4187 Ego
1034 4116 1114 4184 Boso,
1130 4113 1202 4170 diac.
1216 4114 1292 4171 card.
1315 4115 1362 4171 SS.
1376 4117 1484 4173 Cosmoe
1500 4117 1529 4171 el
1542 4116 1685 4173 [iamiaui.

56 4204 185 4276 plenarie
198 4206 414 4276 cognoscentes,
431 4205 562 4260 eamdem
583 4205 766 4262 donationem
785 4224 871 4263 cano·
958 4210 1061 4264 Datum
1075 4208 1205 4264 Laterani
1220 4225 1274 4280 per
1287 4224 1404 4264 manum
1418 4210 1548 4277 ilolandi,
1571 4217 1675 4267 sanctae
1689 4214 1740 4269 lio-

56 4299 118 4353 uice
138 4299 242 4353 factam
254 4298 420 4355 auctoritate
435 4299 588 4370 apostolica
610 4299 824 4370 confirmamus,
845 4306 873 4359 et
922 4319 1016 4359 mance
1029 4304 1160 4358 ltcclesfae
1174 4302 1330 4376 presbyteri
1353 4303 1503 4358 cardinalis
1523 4309 1552 4359 et
1571 4305 1739 4374 cancellarii,

55 4391 302 4447 confirmationem
318 4381 409 4463 ipsam
430 4399 521 4447 ratam
544 4396 573 4447 et
593 4392 791 4450 inconcussam
806 4412 871 4467 per·
921 4413 965 4453 rvr
992 4396 1112 4452 Kalend.
1137 4397 1212 4465 iulii,
1234 4395 1393 4452 indictione
1415 4413 1441 4458 v.
1462 4398 1668 4453 iucarnationis
1689 4401 1741 4455 ito·

55 4486 149 4560 petuis
163 4485 337 4558 temporibus
351 4486 531 4541 decernimus
543 4503 726 4558 parmanere.
880 4477 1035 4550 Dminieee
1048 4508 1123 4546 anno
1133 4495 1142 4546 Ι
1151 4495 1211 4560 iti,
1226 4491 1408 4564 pontificatus
1421 4507 1488 4546 sero
1504 4491 1603 4546 domni
1621 4492 1738 4549 Adriani

90 4580 242 4635 i‘raefstum
273 4596 342 4650 ergo
369 4581 577 4635 monasterium
602 4597 667 4636 cum
693 4582 819 4638 ecclesiis
844 4586 872 4640 et
920 4602 1002 4658 papae
1019 4587 1053 4641 iv
1066 4601 1142 4641 anno
1151 4601 1191 4641 ιιι.

53 4672 187 4729 omnibus
208 4672 387 4745 pertinentiis
419 4675 477 4730 suis
504 4674 581 4730 vobis
610 4674 772 4731 munimine
796 4678 870 4733 sedis
1286 4675 1373 4730 cxii.

54 4765 218 4837 apostoliea
238 4767 439 4824 confirmantes
452 4768 546 4839 ipsum
560 4769 612 4823 sub
623 4771 781 4842 aposlolieae
797 4771 870 4827 sedis
1054 4770 1228 4838 Priuilegium
1243 4785 1294 4840 pro
1309 4770 1431 4824 Ecclesia
1448 4770 1609 4827 Ruuettcnsi.

54 4864 83 4917 el
99 4869 194 4915 nostra
207 4860 321 4933 speciali
336 4861 509 4933 protectione
523 4863 692 4936 suscipimus
702 4870 731 4920 et
742 4881 868 4937 praesen-
1158 4861 1327 4935 ithnagnias,
1341 4863 1418 4934 Sept.
1438 4867 1464 4917 tl
1474 4865 1491 4934 ,Ι

52 4957 89 5013 lis
99 4955 195 5027 scripti
208 4954 356 5027 privilegio
371 4955 590 5013 communimus.
1080 4957 1224 5028 [Ueneria
1242 4958 1326 5012 ltutiu
1340 4972 1429 5020 sumu,
1446 4959 1466 5024 l,
1484 4958 1575 5029 fllia]

91 5050 231 5122 inprimis
244 5050 385 5121 siquidem
399 5053 555 5106 statuentes
570 5054 600 5105 ut
611 5052 681 5107 ordo
695 5054 869 5110 monasticus
954 5065 1092 5117 Annuaus
1122 5061 1155 5116 ΙΙΙ
1180 5060 1345 5131 episcopus,
1371 5077 1470 5116 servus
1496 5076 1644 5117 serrorum
1672 5061 1734 5132 uei,

54 5145 104 5218 qui
123 5143 280 5200 secundum
302 5145 393 5199 Deum
409 5148 438 5199 et
459 5145 538 5199 beati
565 5145 708 5202 Benedicti
730 5147 869 5219 Regulam
917 5170 981 5210 ven.
999 5154 1033 5210 ir.
1043 5155 1087 5211 10.
1102 5154 1260 5209 flavellensi
1277 5154 1362 5225 episc.
1377 5154 1493 5228 ejusque
1509 5171 1630 5211 success.
1653 5173 1735 5214 cauo-

52 5245 138 5311 alque
164 5239 296 5294 ordinem
324 5238 583 5295 camaldulensium
609 5241 730 5296 fratrum
760 5241 866 5297 ibidem
917 5248 982 5304 nica
997 5247 1202 5303 substituendis
1215 5248 1246 5303 in
1259 5250 1439 5320 perpetuum.

51 5334 229 5405 dignoscitur
262 5332 418 5402 institutus,
452 5332 598 5404 perpetuis
625 5334 654 5389 in
681 5335 782 5392 eodem
806 5336 867 5392 ioco
951 5341 1009 5397 Pia
1035 5341 1189 5413 postulatio
1218 5342 1372 5397 voluntatis
1396 5340 1500 5398 aflectu
1528 5341 1616 5399 debet
1638 5361 1737 5418 prose·

51 5427 228 5498 temporibus
242 5426 442 5483 inviolabiliter
456 5426 632 5483 observetur.
916 5435 1021 5503 quanta
1047 5431 1195 5504 compleri,
1227 5435 1373 5505 qnatenus
1406 5432 1565 5489 devolionis
1589 5433 1735 5491 sinceritas

86 5523 226 5577 Praeterea
252 5538 435 5594 quascunque
462 5520 664 5594 possessiones,
688 5538 866 5596 quacunque
916 5524 1100 5582 laudabiliter
1123 5526 1270 5594 enitescat,
1303 5529 1332 5582 et
1359 5526 1465 5582 utilitas
1488 5528 1630 5599 postulata
1660 5529 1735 5585 sires

49 5617 126 5672 hone
145 5615 221 5671 idern
248 5615 451 5671 monasterium
470 5615 727 5686 impraesentiarum
743 5617 820 5687 juste
838 5624 866 5674 et
915 5618 1110 5675 indubitanter
1138 5623 1272 5676 assumat.
1312 5622 1477 5694 Eapropter,
1507 5621 1679 5679 venerabilis
1705 5623 1734 5677 in

48 5710 187 5766 canonice
199 5710 333 5782 possidet,
348 5713 398 5765 aut
411 5710 441 5766 in
453 5709 581 5765 futurum
596 5709 780 5767 concessione
792 5727 863 5783 pon·
915 5713 1024 5770 Christo
1042 5715 1130 5771 frater
1150 5715 1271 5771 loannes
1292 5715 1433 5788 episcopa,
1453 5714 1509 5771 tuis
1526 5715 1612 5789 justis
1637 5717 1734 5787 postu·

48 5804 169 5876 tificum,
184 5805 336 5877 largitione
357 5822 460 5879 regum
474 5805 517 5863 vet
537 5804 709 5880 principum,
723 5805 864 5865 oblatione
914 5807 1068 5866 talionibus
1082 5809 1241 5866 clementer
1253 5810 1416 5882 annuimus,
1430 5814 1458 5868 et
1471 5810 1617 5885 prefatam
1637 5809 1733 5864 flavel-
