3750 6046
62 187 104 243 tte
338 192 343 199 '
500 187 656 247 lllS‘fOlllrl
675 190 946 249 ucctastlsttm.
961 221 994 234 -
1009 188 1095 250 Plus
1114 193 1135 251 l.
1151 224 1185 237 ·-
1200 195 1265 252 LlB.
1290 192 1323 251 ll.
1702 199 1752 257 {50
1787 216 1792 221 ·

61 316 133 364 retur
147 310 297 382 quidquid
314 311 491 368 Domitianus
503 313 565 368 lieri
580 314 677 369 uoluit.
692 313 812 370 Sanctus
828 316 882 387 igi·
894 317 1124 402 Aobsequentes
1151 321 1321 392 Evangelio,
1349 336 1478 392 gemmas
1504 322 1695 379 vendiderunt
1723 333 1752 380 et

61 407 244 460 turloannes
262 407 419 477 apostolus,
435 407 484 479 qni
505 424 539 464 ex
561 409 705 464 voluntate
726 410 883 464 Domitiani
932 411 1042 466 Christo
1068 413 1097 467 iu
1122 413 1294 485 pauperibus
1316 423 1517 488 erogaverunt.
1546 418 1658 472 lnllnita
1682 436 1749 475 vero

61 500 229 569 deportatus
243 500 338 554 fuerat
352 517 418 555 eum
435 501 549 572 injuria,
566 502 604 556 ad
619 503 760 573 Ephesum
775 519 883 559 remea·
933 505 1017 560 turha
1029 506 1208 562 credentium
1222 508 1366 563 adhaerere
1385 511 1513 581 apostolo
1532 511 1616 582 coepit
1632 512 1749 585 ejusque
1842 568 1845 575 ,

62 594 95 646 rit
112 610 180 647 cum
200 594 314 648 honore
329 595 544 668 multorumque
563 597 672 652 letitia.
688 596 787 651 Omnis
805 598 883 653 enim
933 599 1012 670 sequi
1027 600 1157 671 vestigia.

63 689 182 758 putptrlus
198 688 390 759 Ephesiorum
404 690 558 744 revertenti
571 691 703 759 ocetrrrit,
716 694 745 744 et
757 691 883 746 virorum
968 693 1075 748 Atticus
1090 700 1118 749 et
1136 695 1289 766 Eugenius,
1305 696 1362 750 duo
1380 696 1481 752 fratres
1498 697 1633 752 honorati
1651 699 1748 755 cirita-

63 798 90 833 ac
107 781 266 835 mulierum
287 781 411 836 fideliter
428 783 628 837 exsultantium
646 800 701 838 uua
715 800 769 839 vox
784 801 881 856 perso·
932 786 968 840 tis
988 787 1187 857 Ephesiorum,
1207 789 1370 860 exemplum
1391 791 1591 861 predictorum
1609 792 1750 863 juvenum

65 874 119 927 unit
133 891 139 926 ε
157 896 171 922 κ
187 874 358 930 Benedictus
377 876 426 947 qui
445 876 524 932 venit
541 876 570 930 in
591 877 708 932 nomine
723 878 850 933 Domini!
867 899 880 927 u
933 879 1022 935 secuti
1035 883 1111 935 sunt.
1127 882 1195 937 Nam
1211 899 1332 954 quaeque
1345 883 1450 938 hahere
1465 889 1600 955 poteraut
1613 886 1749 941 vcxrdide-

93 969 222 1039 Cumque
248 969 373 1023 loannes
400 969 543 1024 civitatem
576 970 791 1041 ingrederetur,
818 987 883 1028 ecce
933 976 1010 1040 runt,
1025 975 1183 1046 egenisque
1200 976 1352 1044 dederunt,
1367 980 1395 1031 et
1408 978 1535 1048 expediti
1553 986 1618 1051 post
1635 984 1748 1050 aposlo-

65 1061 207 1131 Dmsiana,
223 1078 289 1133 quae
304 1063 449 1117 ferventer
462 1062 583 1134 diligens
604 1080 671 1118 cum
690 1064 786 1119 videre
806 1065 880 1119 desi·
932 1067 993 1121 lum
1012 1066 1144 1122 abierunt
1161 1085 1212 1139 per
1230 1069 1357 1125 civitates
1377 1073 1493 1124 euntem
1513 1075 1541 1126 et
1561 1072 1679 1127 verbum
1701 1073 1751 1128 Dei
1855 1131 1859 1139 ,

64 1156 219 1225 duraverat,
235 1155 373 1211 defuncta
388 1155 568 1211 efferebatur.
584 1156 680 1211 Viduae
693 1174 758 1213 vero
771 1161 801 1212 et
816 1175 883 1229 pau·
933 1160 1150 1231 predicantem.
1171 1162 1296 1234 Contigit
1316 1168 1412 1218 autem
1435 1168 1465 1218 ut
1483 1163 1537 1235 ipsi
1558 1165 1659 1219 urbem
1681 1167 1748 1222 Per-

66 1264 139 1320 percs
158 1265 227 1303 cum
250 1250 415 1321 parentibus
432 1255 459 1305 et
481 1250 618 1321 orphanis
638 1251 748 1322 pariter
762 1251 881 1320 flebant,
934 1270 1051 1324 gamoni
1071 1254 1222 1324 iutrarent,
1244 1273 1394 1328 servosque
1416 1273 1482 1313 suos
1502 1257 1632 1312 viderent
1651 1258 1749 1314 sericis

66 1348 88 1396 ct
105 1344 266 1397 clamantes
285 1342 419 1398 dicebant
435 1362 441 1397 :
459 1364 473 1391 α
490 1344 593 1399 Sancte
609 1345 740 1412 loannes,
757 1347 882 1416 apostole
932 1347 1045 1402 indutos
1065 1347 1188 1402 vestibus
1204 1350 1391 1420 procedentes
1411 1353 1439 1405 el
1460 1351 1490 1404 in
1511 1351 1637 1406 saeculari
1658 1352 1750 1423 gloria

66 1437 117 1498 Dei,
132 1454 200 1491 ecce
214 1436 386 1492 Drusianam
399 1437 553 1504 efferimus,
570 1455 633 1509 quae
647 1439 753 1493 sanctis
767 1441 882 1495 monitis
932 1441 1082 1511 fulgentes.
1102 1441 1170 1495 lude
1189 1442 1296 1497 diaboli
1317 1443 1422 1515 sagitta
1440 1443 1575 1514 percussi,
1593 1444 1747 1501 admodum

66 1531 113 1584 tuis
136 1530 353 1602 obtemperans,
379 1546 432 1584 nos
458 1547 558 1586 omnes
585 1531 690 1600 alebat,
714 1533 828 1604 Deoqne
853 1534 881 1588 in
933 1534 997 1587 lacti
1015 1537 1080 1588 sunt
1100 1535 1194 1589 tristes
1214 1536 1289 1606 quod
1307 1536 1360 1608 ipsi
1376 1553 1431 1591 uno
1445 1537 1532 1608 pallio
1545 1537 1639 1592 amicti
1654 1542 1749 1594 essent

67 1624 184 1679 castitate
205 1627 235 1679 et
255 1624 420 1679 humilitate
436 1625 585 1693 seruiebat,
602 1625 784 1698 reditumque
800 1630 881 1681 tuum
933 1632 1059 1698 egentes,
1084 1645 1177 1682 servos
1202 1646 1267 1684 uero
1292 1647 1356 1685 suos
1380 1631 1511 1685 viderent
1534 1632 1748 1702 potentissimos

67 1718 223 1772 desiderans
237 1718 365 1789 quotidie
381 1718 515 1773 dicebat:
533 1717 675 1773 «Utinam
693 1720 803 1774 rideam
818 1696 920 1792 apo-B
932 1726 1018 1793 atqua
1043 1723 1196 1793 fulgentes.
1224 1725 1309 1778 Porro
1332 1723 1432 1778 beatus
1458 1725 1610 1795 apostolus,
1637 1725 1748 1780 Satanae

69 1811 167 1865 stolum
189 1811 241 1865 Dei
262 1811 351 1866 ocrrlis
370 1813 623 1884 meis,antequam
641 1813 882 1868 moriarlul'unc
933 1814 1015 1869 dolos
1035 1815 1204 1886 inteDigens‚
1221 1817 1358 1889 praecepit
1377 1820 1408 1870 ut
1426 1820 1516 1872 rectas
1534 1817 1588 1872 sibi
1603 1818 1750 1873 deferrent
1843 1873 1846 1877 ,

67 1905 159 1959 matus
175 1907 303 1960 loannes
316 1905 424 1976 deponi
443 1906 581 1961 feretnrm
596 1912 624 1960 et
642 1923 744 1978 corpus
759 1906 821 1978 ejus
837 1925 880 1962 re·
933 1909 1027 1980 virgas
1050 1908 1078 1962 in
1100 1908 1218 1979 singulis
1240 1910 1374 1978 fascibus,
1396 1910 1561 1982 lapidesque
1585 1899 1712 1967 minutos
1732 1930 1748 1967 a

67 1998 126 2052 solvi
142 1998 241 2068 jussit,
264 2014 297 2052 ac
315 2014 385 2053 voce
406 2000 481 2054 clara
501 1999 572 2053 dixit
591 2016 597 2054 :
616 2018 630 2052 u
650 1999 785 2055 Dominus
802 2016 882 2055 meus
931 2002 1027 2057 littore
1042 2003 1138 2057 auaris.
1152 2004 1232 2067 Quod
1245 2020 1310 2058 oum
1327 2004 1469 2072 fecissent,
1484 2004 1614 2058 invocato
1630 2004 1747 2060 nominc

66 2094 135 2145 lesus
154 2091 286 2147 Christus
301 2092 405 2147 excitet
419 2097 457 2158 te,
470 2092 616 2147 Drusiana.
631 2094 732 2165 Surge,
746 2093 880 2164 pedibus·
935 2095 1057 2162 Domini,
1077 2095 1218 2151 silvestres
1237 2098 1324 2168 virge
1344 2114 1488 2152 converse
1508 2101 1575 2152 sunt
1594 2098 1623 2152 in
1644 2114 1747 2152 aurum

68 2204 112 2258 que
128 2189 185 2241 tuis
197 2189 234 2242 ad
250 2188 367 2242 domum
389 2193 465 2242 tuam
486 2194 637 2258 revertere,
652 2195 681 2244 et
696 2190 882 2245 refectionem
933 2195 960 2243 ct
980 2188 1087 2260 lapides
1108 2189 1136 2243 iu
1159 2206 1298 2261 gemmas.
1319 2192 1396 2244 Tunc
1411 2196 1523 2246 sanctus
1543 2191 1583 2245 eis
1602 2193 1748 2265 apostolus

69 2280 128 2335 nihi
149 2297 294 2353 praepara.
314 2302 329 2331 s>
345 2281 476 2336 Protinus
496 2282 545 2336 illa
565 2281 696 2351 surrexit,
714 2288 742 2338 et
759 2285 882 2354 aposloli
932 2282 1023 2336 dixit:
1041 2304 1054 2330 «
1069 2285 1123 2337 Per
1136 2286 1246 2354 septem
1260 2283 1319 2337 dies
1334 2284 1373 2338 ite
1387 2284 1421 2338 ad
1436 2284 1567 2338 aurifices
1579 2287 1608 2338 et
1621 2301 1747 2356 gemma·

69 2379 201 2445 precepto
228 2376 294 2429 laeta
317 2375 528 2441 obsecundavit,
554 2381 582 2430 ol
605 2376 716 2443 merito,
740 2376 806 2449 quia
827 2377 882 2448 ipsi
933 2375 998 2446 rios,
1020 2379 1049 2430 et
1071 2376 1138 2431 dum
1164 2376 1348 2447 probaveritis
1371 2393 1471 2431 vorum
1493 2393 1595 2432 aurum
1618 2381 1646 2433 et
1666 2395 1747 2433 veras

70 2469 210 2523 ridebatur
226 2469 304 2541 quod
323 2485 383 2524 nou
403 2468 438 2522 de
457 2472 551 2523 morte
570 2470 617 2524 sed
638 2469 672 2524 de
689 2487 790 2526 somno
804 2472 880 2526 cxci·
932 2485 1069 2541 gemmas,
1091 2470 1221 2524 nuntiate
1242 2469 1323 2524 milri.
1344 2491 1357 2519 »
1378 2471 1481 2525 Ennlrs
1503 2470 1587 2525 ambo
1606 2470 1746 2526 artificum

71 2568 115 2616 tata
129 2563 224 2617 fuerit.
240 2563 356 2617 Clamor
371 2562 467 2633 itaque
486 2562 517 2617 tit
537 2562 637 2634 populi
655 2579 706 2634 per
723 2568 781 2618 tres
796 2565 881 2619 horas
932 2562 1060 2618 officinas
1073 2563 1286 2631 circumierunt,
1302 2567 1329 2618 et
1342 2566 1405 2634 post
1418 2581 1455 2619 vn
1474 2563 1534 2618 dies
1547 2565 1649 2619 reversi
1667 2572 1745 2635 sunt,

71 2657 197 2711 dicentis:
216 2679 230 2704 κ
244 2656 323 2711 llnus
344 2659 390 2710 est
409 2657 481 2710 Deus
502 2672 588 2727 quem
612 2656 748 2727 predicat
767 2661 881 2713 sauctus
930 2660 1016 2727 alque
1033 2657 1158 2727 apostolo
1174 2655 1410 2710 retruntiaueruut
1428 2657 1501 2728 quod
1522 2656 1655 2712 aurifices
1673 2658 1745 2729 opti-

70 2752 199 2817 loannes3
215 2766 292 2804 untrs
312 2754 355 2807 est
374 2765 456 2803 verus
471 2750 606 2804 Dominus
620 2751 701 2805 lesus
713 2750 851 2806 Christus.
866 2774 879 2802 u
931 2766 1011 2804 mum
1026 2766 1129 2804 aurum
1143 2749 1327 2817 asseruerint,
1342 2750 1493 2820 gemmarii
1508 2766 1622 2822 quoque
1634 2751 1746 2822 pretio-

96 2845 201 2900 Eodem
230 2848 360 2913 ternpore
385 2843 440 2898 duo
468 2843 570 2898 fratres
595 2843 728 2899 ditissimi
747 2845 879 2915 Juvenes,
931 2860 976 2897 sos
996 2843 1105 2915 lapides
1121 2842 1378 2914 comprobaverint.
1397 2845 1474 2897 Tunc
1494 2847 1606 2898 sanctus
1623 2846 1747 2899 loannes
1819 2856 1825 2865 “

69 2938 176 2992 tutone
187 2938 360 3009 philosopho
369 2937 567 3008 persuadente,
580 2937 785 3008 patrimonium
796 2955 881 2993 suum
930 2937 1020 2993 dixit:
1038 2959 1050 2987 u
1067 2938 1116 3007 lte,
1131 2942 1159 2992 et
1174 2936 1308 2992 redimite
1323 2936 1401 2991 vohis
1418 2939 1506 2992 terras
1521 2954 1591 3008 quas
1604 2937 1746 2993 vendidis-

68 3031 264 3099 distraxerunt‚
287 3030 471 3103 singulasque
493 3048 623 3103 gemmas
645 3035 788 3099 emerunt,
808 3049 917 3136 quase
930 3031 975 3098 tis,
988 3031 1055 3102 quia
1068 3031 1203 3086 caelorum
1218 3029 1336 3101 premia
1348 3030 1520 3102 perdidistis.
1536 3030 1642 3086 Sericas
1656 3035 1747 3087 vestes

66 3126 88 3179 in
106 3125 168 3181 foro
187 3127 218 3180 in
232 3128 391 3196 conspectu
412 3125 540 3180 omnium
556 3125 769 3197 confregerunt,
785 3129 813 3180 et
827 3142 879 3198 pro
931 3126 1016 3179 emite
1038 3125 1124 3191 vohis,
1144 3127 1177 3179 ut
1197 3124 1270 3179 sicut
1292 3141 1354 3179 rosa
1377 3141 1428 3196 pro
1452 3128 1582 3196 tempore
1603 3116 1746 3197 fulgea'tis.

65 3236 128 3273 rana
146 3219 340 3274 ostentatione
355 3218 494 3273 mundani
515 3220 695 3290 contemptus
714 3218 880 3289 hujusmodi
929 3218 993 3286 Sed,
1014 3219 1082 3273 dum
1103 3218 1155 3273 llos
1176 3219 1238 3290 ejus
1258 3223 1286 3274 et
1305 3220 1424 3274 odorem
1442 3219 1549 3289 pariter
1565 3223 1593 3273 et
1613 3219 1747 3275 ruborem

62 3313 255 3384 spectaculum
271 3317 405 3384 egerunt.
422 3313 477 3367 lloc
492 3312 629 3366 nimirum
642 3312 744 3367 beatus
756 3314 879 3368 loannes
930 3311 1065 3379 ostendit,
1076 3315 1192 3383 repente
1206 3313 1364 3369 marcescit.
1375 3315 1406 3366 ln
1420 3315 1578 3367 vestrorum
1592 3315 1747 3383 conspectu

61 3407 202 3477 apostolus
221 3423 275 3477 per
289 3406 388 3461 forum
402 3405 544 3460 transiens
558 3405 638 3472 vidit,
653 3405 879 3477 insipientiaeque
929 3422 1073 3461 servorum
1096 3405 1252 3477 suspiratis,
1273 3410 1300 3461 el
1320 3423 1369 3460 vos
1394 3405 1507 3460 effectos
1530 3421 1670 3477 pauperes
1695 3404 1748 3477 gess

61 3501 237 3555 deviantium
253 3499 430 3570 compatiens
448 3499 544 3554 sanius
560 3498 711 3554 eonsilium
724 3499 880 3555 benevolus
929 3498 1050 3553 mnistis.
1065 3500 1157 3554 Estote
1169 3498 1274 3565 floridi,
1288 3502 1321 3553 ut
1335 3499 1512 3553 marcescatis
1518 3516 1526 3568 3
1541 3503 1631 3553 estote
1645 3499 1747 3554 diuites

59 3594 191 3665 praebuit.
208 3594 280 3647 lt'am
299 3595 452 3649 Crotonem
476 3593 647 3664 magistrum
669 3593 774 3648 erroris
795 3594 830 3648 ad
851 3611 879 3649 se
929 3591 1136 3663 temporaliter,
1158 3595 1192 3646 ut
1216 3591 1245 3645 in
1269 3597 1440 3663 perpetuum
1462 3591 1641 3645 mendicetis.
1666 3593 1742 3647 Nun·

59 3687 197 3755 accersiit,
214 3686 382 3741 damnosam
402 3686 631 3740 devastationem
651 3702 748 3741 rerum
768 3687 877 3758 vitupe-
930 3685 998 3756 quid
1010 3699 1069 3739 non
1084 3685 1157 3738 valet
1173 3701 1275 3738 manus
1290 3684 1402 3738 Domini
1419 3689 1449 3738 ut
1468 3683 1553 3738 faciat
1567 3700 1661 3739 servos
1680 3702 1747 3740 suos
1837 3695 1840 3698 ’

58 3782 138 3847 rasit,
154 3780 256 3835 utilem
271 3779 372 3834 mundi
389 3780 759 3851 contempturn‘secundum
775 3780 879 3836 Christi
930 3777 1034 3832 divitiis
1047 3777 1198 3833 affluentes
1218 3782 1245 3833 et
1265 3777 1526 3849 incomparabiliter
1545 3777 1747 3849 splendentes?

56 3878 236 3945 praeceptum
261 3872 367 3940 docuit,
389 3873 517 3926 recolens
539 3872 670 3943 ejusdem
690 3873 815 3944 Magistri
835 3873 879 3928 sui
930 3872 984 3927 Sed
999 3877 1143 3926 certamen
1155 3871 1254 3926 statuit
1267 3871 1430 3926 animarum
1444 3873 1475 3924 ut
1487 3870 1606 3924 credant
1619 3887 1648 3924 se
1665 3873 1746 3925 aeter·

55 3969 273 4032 documentum,
293 3966 343 4037 qui
359 3966 457 4038 juveni
480 3965 550 4020 dixit
570 3965 710 4037 quaerenti
728 3966 763 4020 ab
782 3982 816 4021 eo
835 3983 877 4021 sa·
930 3983 980 4019 rias
995 3965 1140 4020 habituros
1158 3965 1267 4020 diuitias
1284 3965 1333 4038 qui
1351 3981 1402 4037 pro
1420 3965 1481 4035 ejus
1502 3963 1618 4018 numine
1635 3969 1744 4035 tempo-

54 4061 122 4114 lutis
140 4066 257 4114 aeternae
276 4059 428 4113 consilium
446 4061 497 4115 :Si
510 4060 550 4113 uis
564 4060 703 4129 perfectus
722 4075 784 4122 esse,
799 4060 877 4122 uude,
930 4059 1003 4113 ralcs
1018 4059 1126 4114 habere
1139 4076 1207 4130 opes
1222 4060 1384 4113 noluerunt.
1402 4081 1414 4107 υ

55 4154 141 4208 cende
159 4156 251 4207 omniu
271 4169 332 4222 que
349 4153 429 4207 tubes
448 4157 473 4206 et
490 4152 527 4206 du
539 4153 717 4222 parapectus,
731 4159 756 4207 et
771 4153 878 4208 habebis
964 4154 1036 4207 Dum
1057 4152 1117 4207 haec
1139 4157 1167 4207 et
1187 4153 1232 4207 his
1249 4151 1356 4206 similia
1375 4151 1473 4206 beatus
1489 4153 1612 4207 loannes
1626 4152 1745 4207 edifica-

55 4249 213 4301 ttesuurum
227 4250 257 4300 iu
271 4247 352 4311 coel03
366 4251 391 4300 ct
404 4248 466 4300 erni
478 4250 504 4300 et
516 4261 625 4314 sequere
636 4261 677 4301 me
688 4247 809 4316 (blatta,
821 4263 877 4314 xix,
929 4246 1012 4299 tionis
1032 4262 1112 4299 eausa
1131 4246 1308 4320 loqueretur,
1324 4249 1353 4299 et
1373 4245 1462 4299 multa
1482 4245 1516 4299 da
1537 4245 1661 4310 miseria,
1678 4262 1745 4300 oon-

55 4346 112 4408 at).
135 4343 240 4396 Craton
268 4354 334 4393 uero
359 4339 544 4409 philosophus
567 4339 685 4409 apostoli
708 4339 878 4393 salutaribus
929 4341 1100 4410 temptuque
1114 4339 1213 4393 mundi
1229 4342 1258 4393 el
1271 4339 1305 4394 de
1319 4338 1471 4409 apostasia,
1486 4338 1530 4392 vel
1547 4338 1576 4392 in
1594 4338 1670 4393 bono
1684 4355 1748 4408 pcr-

58 4433 175 4487 monitis
190 4432 343 4499 consensit,
361 4435 439 4486 aeut
455 4447 588 4503 gammae,
605 4449 668 4504 quae
682 4432 709 4486 in
724 4433 814 4487 frusta
826 4434 875 4501 (tol
888 4428 917 4500 Ι)
929 4431 1101 4497 severantia,
1131 4431 1254 4503 gloriose
1286 4434 1519 4504 persequeretur,
1545 4448 1610 4486 ecce
1632 4431 1746 4502 juvenis

60 4528 155 4581 fractae
178 4527 302 4594 fueraut,
319 4526 597 4597 redintegrarentur,
619 4526 786 4581 obsecravit.
806 4527 880 4598 Ergo
929 4525 1048 4579 nomine
1066 4526 1203 4590 Stacteus,
1220 4530 1344 4580 amatre
1365 4525 1450 4579 vidua
1468 4529 1596 4578 nrortuus
1612 4523 1746 4578 effereba-

60 4620 157 4674 heatus
177 4622 303 4674 loannes
323 4620 483 4690 fragmenta
505 4635 686 4690 gemmarum
706 4619 830 4691 collegit,
851 4622 881 4674 et
929 4624 984 4674 tur.
1009 4617 1149 4690 Lugubris
1172 4635 1238 4673 vero
1261 4622 1353 4673 mater
1373 4621 1402 4672 et
1425 4617 1526 4685 turbe,
1549 4632 1613 4688 quae
1636 4617 1745 4671 funeris

60 4715 89 4767 in
105 4730 192 4768 manu
208 4729 258 4768 sua
272 4718 384 4778 tenens,
399 4712 514 4767 elevatis
532 4712 566 4768 ad
585 4713 688 4767 coelum
708 4713 795 4769 oculis
815 4704 878 4767 diu-
898 4706 904 4719 '
930 4712 1077 4783 exsequias
1098 4712 1233 4783 agebant,
1252 4729 1313 4765 sese
1331 4711 1365 4765 ad
1388 4709 1476 4782 pedes
1495 4709 1611 4780 apostoli
1623 4710 1746 4780 jactave-

60 4808 115 4861 tins
127 4807 229 4863 oravit.
242 4807 375 4862 Oratione
388 4810 485 4861 autern
500 4806 592 4874 linita,
604 4811 753 4878 postquam
768 4807 878 4875 fideles,
930 4811 1006 4873 runt,
1024 4810 1131 4861 etcum
1151 4805 1247 4861 multis
1269 4805 1381 4859 ssctilurs
1397 4820 1463 4858 eum
1480 4809 1653 4875 rogaverunt
1669 4806 1698 4858 ut
1716 4803 1745 4859 in

59 4903 107 4972 qui
127 4901 257 4966 aderaut,
274 4901 362 4956 Amen
381 4900 599 4972 responderunt,
614 4900 776 4972 fragmenta
796 4917 878 4971 gcm·
930 4901 1047 4955 uomine
1070 4901 1120 4956 Dei
1143 4901 1185 4955 sui
1205 4901 1281 4954 hunc
1298 4900 1444 4971 juvenem,
1466 4897 1538 4952 sicut
1562 4898 1743 4967 Drusianam,

61 5012 173 5050 uiarum
188 4994 228 5049 ita
245 4994 366 5049 solidata
379 4997 445 5048 suut
465 4999 496 5048 ut
510 5011 563 5049 nec
582 4993 695 5066 signum
710 4994 826 5064 aliquod
844 4995 879 5048 de
930 4994 1087 5060 suscitaret,
1102 5000 1281 5064 matremque
1296 4992 1410 5047 viduam
1430 4994 1459 5046 el
1477 4992 1641 5064 conjugem,
1652 5008 1745 5064 quam

60 5105 90 5143 eo
102 5088 182 5161 quod
193 5089 291 5143 fractae
304 5088 415 5143 fuerant
430 5094 601 5143 remaneret.
612 5088 690 5142 'furrc
703 5091 804 5144 Craton
820 5087 880 5158 pbi-
930 5102 1022 5158 nuper
1040 5088 1171 5154 duxerat,
1191 5088 1237 5159 pie
1257 5088 1404 5142 relevaret.
1420 5086 1498 5140 Tunc
1515 5085 1657 5157 aposlolus
1678 5101 1743 5157 pro·

59 5183 205 5255 losophus,
229 5198 296 5237 curn
324 5181 463 5236 universis
491 5180 638 5253 discipulis
664 5180 731 5249 suis,
758 5182 879 5253 apostoli
929 5186 1044 5247 stratus,
1060 5183 1133 5236 fleus
1148 5180 1307 5236 diutissime
1324 5180 1424 5246 orauit,
1439 5185 1468 5236 et
1480 5183 1523 5236 ter
1537 5196 1695 5250 exsurgens
1709 5179 1745 5234 ab

60 5277 183 5347 pedibus
203 5275 366 5344 advolutus,
386 5275 506 5332 credidit
525 5283 552 5330 et
571 5275 729 5347 baptizatus
750 5277 794 5330 est
812 5291 878 5329 cum
930 5274 1057 5328 oratione
1076 5291 1176 5329 uranus
1196 5292 1259 5329 suas
1279 5274 1316 5328 nd
1336 5275 1438 5328 caelum
1459 5273 1606 5346 expandit,
1621 5272 1746 5328 tacitam·

60 5371 204 5439 omnibus,
221 5370 349 5426 effidem
369 5369 482 5425 Domini
495 5370 560 5425 lesu
580 5369 692 5441 publice
709 5369 878 5440 praedicans,
930 5384 985 5439 que
1000 5385 1113 5439 precem
1130 5368 1287 5423 diutissime
1303 5368 1385 5424 fudit.
1401 5368 1507 5423 Deinde
1522 5384 1625 5438 corpus
1640 5367 1746 5421 inuolu·

59 5482 140 5521 verus
163 5480 227 5520 esse
248 5464 334 5536 caepit
357 5464 553 5536 philosophus.
574 5466 662 5520 Porro
685 5463 742 5518 duro
766 5463 878 5532 fratres,
930 5468 990 5516 tum
1015 5463 1082 5517 solvi
1108 5463 1251 5534 praecepit,
1272 5463 1464 5534 juvenemque
1489 5461 1605 5534 proprio
1631 5461 1746 5516 nomine

59 5562 106 5631 qui
131 5559 214 5633 prius
242 5556 440 5631 nequidquam
471 5575 514 5614 res
545 5574 609 5613 suas
634 5557 878 5629 dilapidaverant,
930 5557 1045 5625 vocavit,
1062 5574 1093 5612 ac
1109 5564 1138 5612 ut
1157 5561 1328 5630 resurgeret,
1343 5574 1480 5629 verusque
1502 5556 1618 5612 nuntius
1635 5557 1670 5611 de
1690 5555 1746 5622 his,

86 5761 136 5825 {iot
153 5759 193 5812 La
206 5758 321 5812 Pterost
335 5757 449 5823 {rastra
