3750 6046
91 186 143 241 sos
520 189 676 247 ursronu
696 186 1291 247 ncenmusucs.-rsns11.-un.
1313 190 1355 247 ιν.
1721 201 1774 256 am
1817 152 1819 157 ⁵

89 312 157 382 ptus
171 308 310 367 facientes
321 310 351 367 vl
365 311 529 380 tuebantur,
545 317 574 369 et
587 329 674 386 super
684 330 742 386 eos,
755 315 804 387 qui
816 314 908 388 gravi·
919 323 949 399 Α
959 311 1199 386 eruptionemque
1210 318 1472 387 propugnatorum,
1484 332 1541 388 qua
1561 317 1673 390 turpius
1679 318 1773 394 abige·

90 401 143 456 bus
157 403 343 460 contumeliis
354 404 450 463 affecti
463 406 657 479 querimonias
668 409 805 482 agebant,
817 411 909 482 magis
958 410 1048 475 retur,
1063 407 1187 479 timeret,
1202 408 1328 481 receptui
1341 408 1378 464 ad
1397 425 1484 465 naves
1501 411 1566 467 cani
1580 411 1664 485 sigua
1678 413 1772 486 jubet.

90 493 354 553 debacchabantur.
388 498 498 555 Amissa
525 499 624 574 itaque
650 501 795 571 libertate,
823 503 909 576 Angli
958 499 1088 573 Denique
1113 500 1247 574 oppidani
1271 501 1420 559 mutuatim
1444 509 1539 576 portas
1558 506 1768 578 patefecerunt,

91 587 285 646 vehementer
297 590 504 664 ingemiscunt,
520 599 550 650 et
560 595 684 650 vicissim
697 595 820 669 qualiter
831 596 908 653 into·
959 593 1096 668 avideque
1118 598 1149 651 et
1173 599 1255 651 eante
1278 601 1430 668 sequentes
1453 598 1620 656 novissimos
1640 602 1772 659 concide·

90 681 210 739 lerabile
226 684 343 758 jugum,
364 685 477 759 sibique
498 687 638 744 hactenus
657 688 804 746 insolitum
824 707 907 747 ercu-
959 691 1036 744 runt.
1058 686 1211 760 Fugientes
1227 704 1294 745 vero
1318 689 1500 763 st'ocensem
1522 693 1686 766 episcopum
1706 712 1772 752 cum

90 776 172 843 bant,
186 777 331 834 subtiliter
343 777 502 852 inquirunt.
516 780 607 853 lgitur
622 781 658 838 ed
670 783 799 840 Saeuum
809 799 907 857 regem
958 781 1073 855 agmine
1088 781 1202 854 copioso
1215 781 1308 839 subito
1320 784 1518 855 supervenisse
1528 786 1582 842 rati
1593 792 1669 856 suut,
1680 803 1772 862 eaque

91 871 237 925 banorum
250 869 390 944 dirigunt,
407 876 494 945 atque
508 879 541 930 ut
555 890 679 947 regnum
697 877 817 949 anglise,
831 877 910 950 quod
958 874 1112 931 tormidine
1125 876 1203 931 velut
1212 877 1477 949 amentesperaviae
1489 879 1568 952 rupis
1580 880 1771 956 precipitium

91 963 203 1019 &enus
225 969 257 1020 et
277 964 428 1022 Chunutus
450 967 495 1023 avi
517 969 578 1042 ejus
602 969 690 1025 armis
710 970 908 1039 obtinuerunt,
960 984 990 1023 ae
1003 967 1178 1039 dejecerunt,
1194 974 1222 1025 et
1234 971 1284 1026 tali
1299 971 1469 1042 compendio
1484 973 1587 1030 ioedios
1602 991 1690 1048 quam
1704 992 1772 1033 ense

91 1061 232 1128 reposcat,
247 1062 394 1131 expetunt
409 1060 488 1117 Ultro
503 1062 533 1116 iu
551 1062 681 1118 exsilium
700 1062 787 1136 oliqoi
807 1064 908 1136 prosu·
961 1061 1090 1117 virorum
1114 1062 1270 1134 perierunt.
1287 1064 1318 1118 ln
1331 1063 1381 1119 illa
1401 1063 1470 1137 luga
1489 1065 1606 1122 diversis
1622 1068 1774 1140 generibus

90 1149 186 1221 giunt‚
199 1166 259 1224 qno
280 1154 409 1208 extorres
427 1153 503 1209 vela
522 1158 660 1226 potestate
675 1157 909 1213 Normannorum
959 1156 1062 1210 mortis
1075 1155 1157 1211 multi
1171 1155 1293 1228 periere.
1314 1155 1447 1229 Plerique
1462 1158 1581 1230 abjectis
1595 1161 1692 1229 armis,
1704 1179 1772 1218 acu·

90 1243 145 1300 sint
164 1243 263 1315 liberi,
280 1245 327 1302 vel
344 1245 447 1318 opibus
466 1247 567 1305 alienis
586 1248 662 1305 aucti
683 1252 784 1306 contra
804 1266 853 1307 eos
874 1251 909 1306 ad
960 1248 1038 1304 mine
1063 1264 1149 1304 saxeo
1171 1249 1327 1305 exanimati
1348 1253 1424 1321 sunt,
1441 1251 1571 1308 nonnulli
1591 1254 1649 1310 telo
1670 1270 1721 1312 suo
1741 1272 1773 1313 sa

90 1335 249 1394 recidivum
274 1342 419 1396 certamen
446 1345 635 1398 revertantur.
663 1342 788 1409 Quidam
812 1349 909 1401 autem
959 1341 1107 1413 sociosque
1120 1359 1187 1397 suos
1200 1358 1255 1398 uua
1268 1343 1398 1400 labentes
1417 1351 1568 1417 necarunt,
1584 1352 1613 1403 et
1630 1349 1713 1404 multi
1730 1349 1771 1405 le·

91 1445 122 1486 er
142 1429 188 1486 eis
208 1431 340 1503 pulchrae
356 1433 517 1505 juventutis
536 1435 606 1493 ilore
622 1440 776 1493 vernantes
796 1438 908 1510 longin-
958 1434 1076 1490 thaliter
1086 1435 1225 1491 vulnerati
1244 1436 1288 1491 vel
1303 1436 1389 1493 collisi
1410 1438 1553 1511 spirantes
1570 1439 1607 1496 ad
1623 1457 1705 1497 mare
1720 1442 1771 1498 de·

93 1538 162 1595 quas
177 1523 315 1598 regiones
328 1526 471 1598 adierunt,
485 1533 514 1584 et
528 1528 639 1585 militia
651 1529 743 1585 hierii
760 1530 911 1603 imperato·
959 1527 1049 1583 voluti
1070 1532 1147 1584 suut.
1163 1529 1257 1585 Plures
1278 1529 1376 1599 etiam,
1395 1530 1443 1604 qui
1464 1532 1499 1587 ad
1521 1549 1630 1606 puppes
1648 1550 1772 1608 propere

92 1616 127 1672 ris
151 1617 469 1692 constantinopolitani
493 1638 553 1679 sese
580 1623 715 1680 audacter
734 1623 907 1681 obtulerunt.
958 1621 1102 1690 anhelant,
1128 1620 1197 1677 dum
1222 1623 1321 1678 salutis
1349 1623 1471 1680 nimium
1495 1626 1591 1698 cupidi
1617 1627 1771 1700 trepidant,

92 1712 155 1768 unt
176 1710 260 1767 anim
282 1713 405 1770 multum
430 1715 543 1787 sapiens
568 1720 597 1772 at
623 1715 704 1772 miroe
730 1690 1066 1790 dapsilitatie,sssuaque
1084 1715 1267 1773 multitudine
1286 1732 1372 1772 naves
1392 1717 1570 1790 deprimunt,
1590 1718 1684 1776 subito
1704 1721 1769 1777 sub·

92 1807 189 1861 coum
198 1820 289 1878 quem
303 1806 461 1864 Rodbertus
474 1808 635 1865 Wiscardus
649 1810 758 1882 Apuliae
772 1811 830 1867 dur
843 1828 909 1869 cum
959 1809 1046 1864 mersi
1055 1813 1185 1881 pereunt.
1200 1809 1316 1882 Equites
1329 1811 1488 1867 Normauni
1501 1816 1625 1886 quantos
1651 1830 1770 1871 consec-

90 1896 144 1954 snis
156 1897 296 1956 omnibus
306 1915 388 1956 arma
399 1900 542 1958 levaverat
557 1895 588 1957 iu¹
600 1901 739 1959 auxilium
753 1902 908 1974 Michaelis,
958 1902 1013 1958 tari
1031 1905 1159 1973 possunt,
1173 1903 1423 1976 comprehendunt
1442 1904 1484 1961 rel
1507 1905 1650 1963 occidunt.
1670 1909 1771 1965 linsm-

92 2008 180 2064 qnem
200 1993 291 2048 Danai
309 1992 346 2049 de
359 1994 463 2050 throno
481 1994 624 2068 imperiali
638 1997 806 2069 expulerant
819 1997 910 2070 indig-
959 1994 1054 2050 obium
1067 2011 1134 2051 vero
1147 1994 1253 2067 eripuit
1268 1996 1400 2053 velocitas
1412 1999 1581 2071 comipedis
1599 2000 1700 2057 nouus
1712 2004 1770 2057 tra·

91 2085 208 2142 natione
220 2087 379 2143 senatorias
399 2087 557 2161 potestatis.
573 2089 689 2145 Exsules
706 2089 795 2162 igitur
806 2092 910 2162 anglo·
959 2087 1045 2156 mitis,
1058 2088 1240 2161 paratiorque
1253 2088 1342 2145 navis.
1356 2090 1395 2146 tbi
1405 2090 1601 2148 nobilissimus
1613 2092 1669 2148 tiro
1681 2109 1772 2167 nepos

90 2193 154 2235 rum
179 2178 378 2237 favorabiliter
397 2196 413 2235 a
433 2180 536 2236 Grecis
556 2183 681 2256 suscepti
698 2187 774 2255 sunt,
790 2189 819 2240 st
837 2185 909 2240 ltor·
959 2181 1021 2252 ejus
1033 2184 1132 2253 captus
1147 2184 1198 2237 est.
1214 2181 1297 2254 Angli
1315 2198 1368 2253 per
1387 2183 1555 2240 diverticula
1574 2184 1657 2256 plura
1674 2201 1770 2242 evase·

91 2271 236 2328 mannisis
256 2271 428 2346 legionibus,
442 2291 505 2346 ques
527 2273 649 2331 nimium
668 2275 793 2349 Pelasgis
808 2277 909 2333 adver·
959 2278 1036 2342 runt,
1049 2274 1116 2347 quia
1130 2274 1212 2346 pauci
1234 2275 1339 2331 multos
1351 2274 1463 2349 insequi
1482 2292 1533 2349 per
1547 2277 1656 2334 diversa
1669 2279 1769 2335 castel-

91 2365 242 2435 sabautur,
265 2366 391 2439 oppositi
411 2371 486 2423 sunt.
503 2371 646 2442 Augustus
662 2369 777 2426 alexius
799 2370 908 2440 urbem,
960 2366 1018 2422 lani
1033 2367 1232 2440 neqnivemnt.

90 2474 152 2531 qum
180 2459 325 2516 chevetot
349 2459 475 2529 dicitur,
507 2462 609 2535 Anglis
638 2463 714 2519 ultra
743 2463 909 2537 Byzantium
995 2459 1156 2516 Nonmulto
1174 2460 1414 2533 postliustaebius
1433 2463 1531 2518 consul
1546 2463 1688 2519 willelmo
1707 2463 1772 2537 regi

91 2552 177 2625 erepit
194 2551 334 2623 condere,
350 2553 401 2610 sed
415 2553 537 2611 nimium
551 2555 752 2613 infestantibus
768 2557 908 2613 Norman·
958 2552 1155 2608 reconciliatus
1175 2555 1228 2620 est,
1244 2553 1361 2626 eiusque
1385 2554 1513 2610 amicitia
1532 2555 1619 2628 longo
1636 2559 1770 2629 tempore

90 2645 144 2712 nis,
156 2661 209 2701 eos
224 2645 262 2701 ad
276 2646 379 2701 urbem
398 2647 509 2721 regiam
521 2647 647 2718 reduxit,
661 2652 691 2705 et
703 2648 809 2706 eisdem
828 2650 908 2723 prin-
959 2645 1142 2718 postmodum
1156 2645 1320 2717 perfunctus
1332 2651 1385 2703 est.
1401 2648 1469 2703 Erat
1480 2647 1558 2704 enim
1579 2648 1655 2705 idem
1674 2664 1771 2706 eomes

91 2737 181 2811 ripale
203 2738 346 2811 palatium
368 2756 434 2796 cum
456 2741 601 2813 regalibus
622 2742 761 2799 thesauris
782 2743 908 2799 tradidit.
959 2754 1074 2811 magna
1088 2738 1252 2809 nobilitatis,
1265 2754 1298 2795 ex
1312 2741 1441 2813 prosapia
1456 2741 1771 2816 scilicetCaroliltagni

90 2832 144 2887 ilac
165 2831 269 2904 itaque
284 2832 321 2887 de
341 2848 425 2888 cause
443 2833 569 2890 Saxones
586 2834 674 2908 <Angli
693 2835 802 2892 Ioniam
826 2852 911 2908 expe·
959 2833 1132 2888 Francorum
1146 2832 1334 2889 strenuissimi
1346 2834 1433 2906 regis.
1447 2835 1515 2889 Erat
1528 2850 1643 2907 quoque
1656 2851 1770 2908 maguae

90 2925 210 2994 beraut,
227 2929 257 2981 et
276 2924 330 2998 ipsi
353 2941 387 2981 ac
410 2925 539 2984 heredes
562 2944 662 2985 eorum
683 2946 765 2984 sacro
787 2929 909 3002 imperio
958 2926 1124 2999 potestatis3
1146 2929 1245 2998 utpote
1259 2925 1387 2983 sublimis
1399 2926 1532 3000 princeps
1549 2928 1637 2983 trium
1649 2928 1770 2985 comita·

90 3016 356 3075 bdebtcrtamulati
371 3022 448 3090 snut,
464 3023 572 3077 etcum
586 3038 690 3095 magno
707 3023 817 3079 bonore
831 3023 946 3123 intere
960 3023 1051 3089 tuum,
1083 3019 1274 3088 boloniensis,
1304 3019 1467 3075 Githnousis
1497 3025 1527 3076 et
1558 3021 1769 3079 Terranensis.

89 3111 211 3167 Thraces
226 3112 332 3169 Catari
347 3117 376 3169 et
397 3113 518 3186 senatui,
538 3116 699 3190 populoque
719 3114 798 3172 chari
818 3132 907 3191 usque
957 3114 1131 3169 Generosam
1145 3112 1344 3184 etreligiosam
1359 3112 1475 3169 nomine
1486 3115 1573 3171 lttam
1585 3113 1687 3171 babuit
1700 3130 1768 3170 uxo·

91 3206 380 3278 uuucperstiterunt.
957 3222 1029 3274 rem,
1052 3205 1203 3261 Godeiredi
1225 3204 1414 3277 botharingiae
1438 3205 1516 3262 ducis
1538 3222 1681 3274 sororem
1705 3223 1770 3280 quea

124 3297 302 3356 Hnltimodis
320 3301 550 3359 Normannorum
573 3302 803 3375 oppressionibus
823 3303 907 3375 Angli
956 3299 1068 3371 peperit
1082 3297 1123 3354 ais
1136 3300 1193 3354 tres
1204 3298 1285 3369 tilios,
1299 3298 1488 3355 Godeiredum
1505 3303 1535 3355 et
1549 3299 1720 3356 balduinum
1737 3315 1770 3356 ac

93 3391 126 3447 ad
145 3391 339 3449 rebellionem
362 3394 496 3458 lacessiti,
518 3395 664 3452 boloniam
688 3397 797 3468 legatos
819 3397 906 3451 mise·
956 3391 1150 3461 Eustochium,
1166 3395 1195 3446 et
1208 3390 1308 3459 fllium,
1324 3407 1389 3464 qum
1408 3391 1505 3464 nupsit
1524 3395 1625 3465 quarto
1647 3392 1769 3448 ilenrico

93 3489 167 3555 runt,
182 3490 215 3542 et
234 3486 387 3543 nusushio
402 3487 509 3557 comiti,
523 3493 555 3543 ut
568 3504 634 3544 cum
647 3490 735 3546 classe
754 3489 908 3562 diligenter
956 3483 1125 3557 imperatori
1136 3482 1371 3539 alemannorum.

94 3578 232 3634 militibus
253 3582 284 3634 et
303 3580 391 3635 armis
409 3580 546 3637 instructa
567 3581 603 3637 ad
623 3581 832 3655 suscipiendam
853 3585 907 3640 Do·
993 3579 1065 3633 Dum
1079 3576 1196 3649 plurimi
1207 3577 1366 3649 anglorum
1381 3593 1433 3649 pro
1448 3577 1551 3634 amissa
1565 3578 1696 3635 libertate
1709 3576 1769 3650 pri·

94 3686 186 3727 veram
201 3673 387 3741 acceleraret,
402 3674 619 3730 mandaverunt.
635 3674 708 3732 Olim
724 3691 791 3731 cum
805 3676 907 3733 eodem
957 3669 1042 3739 stine,
1060 3684 1147 3742 quam
1165 3671 1296 3741 repetere
1317 3670 1517 3743 peroptabant,
1534 3670 1770 3727 machinarentur

96 3762 259 3821 iuimicitias
272 3764 405 3838 ingentes
417 3766 576 3823 habuerant
588 3784 595 3835 ;
616 3767 667 3824 sed
683 3785 770 3838 nunc,
786 3769 853 3841 qnia
868 3770 906 3824 si·
957 3762 1152 3830 rebellionem,
1167 3761 1250 3817 mailli
1263 3776 1296 3816 er
1308 3761 1411 3818 eadem
1419 3767 1504 3835 gente
1514 3762 1632 3818 fuerunt
1642 3763 1699 3818 lieo
1711 3778 1769 3819 ser·

95 3856 907 3934 multatesinterillumatregeminsurrexerant,eumque
956 3859 1057 3912 ventes
1082 3855 1180 3925 iidem,
1206 3858 1234 3910 et
1255 3854 1440 3912 constitutum
1462 3855 1499 3912 ab
1519 3856 1581 3928 ipso
1600 3860 1769 3913 venerantes

93 3949 216 4006 bellandi
231 3950 358 4023 peritum
371 3951 441 4007 stin
455 3951 554 4024 praelio
571 3953 684 4009 felicem
703 3954 909 4026 experimentis
957 3965 1065 4022 regem,
1093 3950 1235 4020 precepto
1259 3948 1337 4005 euim
1361 3949 1483 4021 apostoli
1509 3949 1658 4005 dicentis:
1686 3953 1770 4006 licum

93 4045 908 4117 cognoverantpaeemcumilloiecerunt,etmuuitionem
959 4044 1065 4106 timete,
1090 4056 1179 4110 regem
1205 4043 1376 4112 bonomttmte
1399 4040 1423 4115 (1
1447 4044 1535 4106 retr..
1550 4058 1580 4110 1¹,
1612 4041 1667 4114 ll).
1694 4043 1770 4097 (3⁰¹⁰

92 4137 208 4193 beveren
223 4138 323 4192 eontra
336 4152 436 4208 regem
453 4137 494 4192 illi
514 4138 630 4194 tradere
649 4139 742 4194 conati
760 4145 835 4195 sunt.
853 4143 907 4196 En-
958 4135 1055 4209 itaque
1078 4150 1173 4191 comes
1193 4133 1328 4209 prosapia
1348 4138 1377 4190 et
1396 4139 1544 4207 potentatu
1566 4135 1644 4191 iuter
1664 4135 1771 4207 duglbs

91 4230 217 4287 sinchius
225 4232 333 4298 autem,
343 4234 473 4304 suscepto
488 4233 652 4289 cantiorum
673 4232 831 4301 veredario,
842 4232 909 4289 clas·
957 4230 1119 4302 precelsus,
1134 4228 1279 4302 animique
1293 4227 1384 4300 magis
1402 4227 1600 4300 singularitate
1616 4228 1769 4299 prudentis

91 4340 148 4379 scm
161 4326 294 4399 paratam
308 4323 447 4390 ascendit,
457 4310 603 4397 noctisque
614 4325 776 4394 conticinio,
788 4325 908 4399 utoppi-
959 4327 988 4378 et
1000 4322 1116 4378 omnino
1131 4321 1243 4378 honesti
1261 4321 1431 4394 praecipuus,
1447 4321 1597 4378 Guillelmo
1614 4321 1677 4394 regi
1697 4320 1769 4376 tide-

91 4416 210 4473 dumea
224 4415 370 4488 insperato
384 4423 606 4491 praeoccuparet,
620 4434 685 4474 cum
700 4417 757 4474 suis
770 4418 905 4475 festinan·
915 4404 946 4479 I)
955 4414 1021 4471 liter
1035 4415 1152 4483 larebat,
1167 4419 1197 4470 et
1206 4415 1267 4487 eJus
1280 4431 1392 4470 causam
1405 4415 1495 4471 multo
1507 4414 1604 4471 lavore
1612 4413 1765 4485 probabat.

90 4514 132 4566 ter
149 4509 357 4567 transiretuvit.
378 4510 479 4567 linires
498 4511 603 4567 multos
626 4527 723 4569 secum
744 4511 836 4581 duait,
860 4511 909 4568 sed
959 4508 1099 4564 Satellites
1116 4524 1184 4562 vero
1205 4507 1249 4562 sui
1270 4507 1305 4562 ab
1328 4522 1363 4562 eo
1382 4506 1564 4573 dissidebant,
1581 4506 1650 4578 quia
1669 4506 1767 4561 iectio-

91 4621 178 4677 equos
203 4606 313 4676 preter
338 4604 496 4660 admodum
522 4621 629 4676 paucos
653 4604 780 4676 reliquit.
802 4605 910 4660 licinia
959 4617 1029 4656 num
1056 4601 1203 4657 deterrimi
1227 4600 1352 4657 fautores
1377 4615 1409 4655 ac
1433 4599 1502 4655 socii
1529 4601 1621 4654 erant.
1646 4598 1769 4655 Diversis

91 4696 184 4753 omnis
199 4696 256 4752 iuit
270 4699 395 4767 armata,
410 4700 438 4753 et
458 4698 580 4753 maxime
600 4698 768 4754 Cantiorum
788 4703 907 4762 caterva,
958 4694 1047 4767 igitur
1059 4693 1152 4750 modis
1164 4709 1231 4749 eum
1242 4693 1426 4765 appetebant,
1441 4695 1470 4746 et
1483 4690 1614 4763 precibus
1627 4690 1770 4763 minisque

91 4807 156 4862 quar
181 4793 245 4845 toto
271 4789 336 4844 nisu
361 4789 514 4863 suffragari
539 4791 690 4846 Eustochio
712 4794 773 4845 erat
797 4798 908 4847 conata.
959 4805 992 4844 ac
1007 4786 1240 4844 obtestationibus
1253 4785 1422 4841 invadebant
1441 4788 1473 4840 ut
1487 4789 1637 4840 extraneos
1654 4783 1770 4842 desere·

89 4883 198 4939 Prresal
214 4881 376 4954 bajocensis
390 4887 419 4938 et
431 4883 512 4955 llugo
526 4882 561 4939 de
574 4883 748 4955 ltonteforti,
760 4883 808 4956 qui
821 4884 908 4955 primi
959 4884 1013 4950 ret,
1029 4883 1058 4937 et
1071 4881 1211 4936 bonorum
1226 4878 1379 4935 hominum
1391 4893 1449 4933 suoe
1466 4877 1592 4933 nationis
1605 4880 1635 4933 et
1648 4893 1769 4934 consau-

91 4975 266 5032 munitiouis
282 4975 417 5032 custodes
437 4978 529 5045 erant,
544 4977 617 5032 ultra
638 4976 746 5032 tlumen
768 4977 909 5032 Tamesim
959 4973 1106 5046 guiuitatis
1129 4972 1264 5028 voluntati
1284 4969 1499 5028 obsecundaret.
1520 4970 1577 5027 Sed
1594 4970 1664 5026 dum
1687 4986 1770 5027 mens

89 5069 232 5139 abierant,
248 5073 278 5125 et
289 5069 427 5141 majorem
441 5076 550 5142 partem
567 5069 691 5125 militum
706 5085 805 5125 seeum
819 5070 911 5124 dure·
960 5067 988 5123 in
1001 5072 1098 5122 tenme
1110 5065 1177 5121 boui
1192 5063 1377 5120 tirmiterdra
1387 5079 1445 5119 uon
1456 5066 1553 5137 posset
1567 5078 1584 5118 e
1596 5063 1770 5120 rectitudine

92 5168 168 5219 rant
196 5162 316 5220 auctior
339 5162 467 5218 hostium
495 5178 632 5218 ursmarus
665 5179 697 5219 ex
728 5162 910 5217 ulterioribus
960 5158 1107 5228 dimoveri,
1122 5157 1269 5215 concitatis
1282 5162 1382 5213 contm
1399 5172 1467 5212 eum
1486 5156 1771 5228 comprovincialibus

90 5256 255 5327 uenderet,
271 5254 295 5311 si
318 5254 445 5311 biduana
463 5254 573 5312 obsidio
592 5255 682 5311 fleret.
696 5253 754 5311 Sed
773 5270 840 5309 cum
856 5255 910 5310 ho·
959 5268 1011 5325 per
1037 5251 1153 5308 insidias
1174 5251 1282 5307 occisus
1302 5255 1345 5307 est
1363 5266 1416 5322 pro
1437 5249 1601 5322 integritate
1621 5249 1701 5305 fidei.
1724 5250 1771 5306 Sic

90 5352 150 5405 stes
161 5348 349 5405 vehementer
362 5347 500 5421 impetum
515 5349 608 5405 lacere
622 5348 652 5404 io
671 5346 808 5420 oppidum
826 5347 909 5404 moli·
960 5346 1082 5401 asseruit
1105 5361 1172 5402 casn
1193 5360 1246 5400 suo
1269 5344 1314 5399 vir
1336 5341 1458 5400 eximius
1477 5342 1555 5416 quod
1568 5343 1700 5415 majestas
1718 5342 1770 5398 do·

91 5446 208 5512 rentur,
229 5441 360 5499 modes
379 5442 414 5497 ad
435 5441 643 5498 defensandum
665 5440 782 5513 impigri
805 5439 910 5513 reperti
960 5439 1032 5496 mini
1048 5439 1092 5495 sui
1110 5454 1224 5510 semper
1240 5438 1326 5494 chora
1345 5435 1447 5494 debeat
1465 5452 1527 5493 esse
1546 5434 1680 5509 subjectis
1699 5434 1770 5492 tide·

90 5540 171 5608 aaut,
185 5540 217 5593 et
228 5534 436 5592 ferventissime
450 5551 507 5608 qna
518 5535 597 5591 locus
609 5538 721 5608 poterat
730 5534 909 5608 impugnari,
959 5532 1042 5590 libus.

91 5629 271 5687 terimam.
286 5628 431 5685 Acerrime
443 5644 495 5701 per
517 5628 627 5701 aliquot
639 5628 723 5684 boras
740 5626 799 5684 diei
818 5628 909 5684 utrin·
995 5628 1072 5684 Tune
1086 5626 1241 5684 Adelredus
1254 5625 1364 5700 primns
1376 5623 1569 5692 Eboraceusis,
1583 5624 1689 5697 aliique
1701 5638 1773 5696 pon·

93 5725 308 5796 queeertatum
332 5726 384 5780 est.
402 5720 458 5779 Sed
476 5722 546 5782 dum
566 5722 733 5782 Eustachius
756 5721 909 5793 diltlderet,
960 5720 1051 5779 titlces
1075 5719 1193 5798 quidam
1212 5718 1327 5780 utilitati
1348 5718 1437 5793 regies
1459 5717 1628 5788 studebant,
1646 5715 1720 5795 mna
1734 5731 1783 5778 aa·
