3750 6046
138 185 191 239 tib
825 188 986 250 uunaulcl
1006 186 1136 246 l'thtLlS
1518 203 1521 207 '
1773 184 1825 245 lio

135 318 205 375 tem,
223 312 272 384 qui
289 314 418 384 ejusdem
436 317 492 371 diei
514 318 587 372 hora
610 320 702 391 prima
726 326 810 376 natus
832 326 884 389 est,
907 322 954 376 de·
1004 321 1217 391 peragrassent,
1231 323 1260 371 et
1274 317 1356 373 Sauir
1369 317 1397 372 iu
1412 316 1499 372 donro
1514 317 1617 371 Sennis
1631 315 1767 388 discipuli
1781 317 1825 370 sui

136 404 358 479 territumque
377 409 530 480 jussissent
549 413 653 468 intanti
668 417 700 468 ut
718 415 892 487 loqueretur,
907 416 953 470 ille
1005 413 1137 484 hospitati
1159 412 1287 480 luissent,
1310 427 1375 467 ecce
1397 411 1472 467 circa
1493 412 1596 466 boram
1616 410 1744 482 primaru
1764 426 1825 465 om·

137 497 349 557 absolutissimo
363 518 495 560 sermone
509 505 549 560 ait
563 523 597 560 :u
613 507 659 562 llic
670 506 806 562 diaconus
820 509 862 563 rir
876 525 955 564 sanc·
1006 521 1055 560 nea
1077 505 1162 560 simul
1186 505 1336 578 pontifices
1359 504 1515 573 irruerunt,
1537 510 1566 559 et
1588 503 1767 559 horribiliter
1789 504 1825 558 od

136 596 182 646 tus
207 597 234 647 et
257 598 351 649 castus
370 600 423 663 est,
445 603 473 653 et
493 615 639 671 nunquam
662 601 823 673 inquinavit
840 619 955 658 carnem
1005 597 1484 666 Sennemvociierantes,inimicos
1499 597 1750 653 deorumsuorum
1764 613 1825 668 pro·

137 700 230 742 suani.
247 709 260 733 »
277 690 406 761 Cumque
421 690 587 746 insisterent
599 699 732 763 parentes
746 700 777 749 ut
789 695 824 750 de
837 712 955 766 persona
1005 691 1071 746 duci
1086 692 1246 762 jusserunt.
1262 693 1373 747 Interea
1392 691 1481 746 sancti
1500 691 1623 762 apostoli
1636 695 1774 745 tenentur
1792 708 1823 746 ac

137 777 239 834 incesti
266 788 512 852 percunctaretur,
532 787 652 856 apostoli
674 787 808 843 dixerunt
830 806 837 843 :
864 810 878 838 ιι
900 791 956 844 h'os
1005 784 1041 839 ad
1055 785 1194 856 templum
1212 785 1283 841 Solis
1298 786 1451 840 ducuntur.
1468 785 1526 840 lllis
1540 789 1638 840 autem
1658 782 1824 856 ingredien-

137 871 309 928 innocentes
327 875 473 931 absolvere
486 876 580 946 decet,
595 885 732 936 nocentes
749 898 815 936 vero
833 882 955 953 prodere
1005 878 1091 945 tibus,
1108 878 1254 934 daemones
1267 879 1391 933 clamant
1404 894 1456 949 per
1468 893 1703 949 energumenos:
1721 898 1736 927 ιι
1752 877 1822 942 Quid

138 981 196 1021 nou
211 966 302 1023 decet.
319 990 333 1017 u
1006 972 1089 1026 nobis
1108 978 1136 1027 et
1156 972 1246 1039 vobis,
1259 972 1378 1044 apostoli
1398 972 1448 1027 Dei
1469 971 1544 1026 viril
1559 972 1588 1025 in
1612 971 1743 1042 ingressu
1763 987 1822 1026 res·

173 1060 324 1124 Nicbaron.
347 1061 456 1118 amicus
483 1064 570 1136 regis,
597 1066 666 1121 dum
693 1069 857 1124 exercitium
888 1070 955 1125 belli
1005 1067 1050 1119 tro
1072 1065 1196 1120 flammis
1218 1066 1375 1120 exurimur·
1401 1086 1415 1114 »
1442 1067 1473 1119 111
1494 1081 1553 1119 una
1579 1064 1640 1120 aede
1666 1065 1765 1136 templi
1789 1065 1823 1119 ab

138 1158 284 1223 ageretur,
315 1155 448 1226 sagittam
478 1157 509 1212 in
534 1175 609 1230 genu
635 1161 754 1232 accepit,
783 1179 847 1234 quae
875 1165 956 1219 nulla
1006 1158 1116 1214 oriente
1130 1158 1268 1230 quadriga
1281 1174 1420 1230 equorum
1434 1158 1525 1213 fusilis
1539 1175 1571 1213 ex
1588 1173 1659 1212 auro
1677 1157 1780 1225 stabat,
1794 1158 1822 1212 in

138 1245 250 1300 ratione
279 1264 311 1302 er
339 1265 400 1304 osse
427 1255 541 1320 poterat
569 1253 662 1308 evelti.
684 1254 761 1308 Tunc
787 1256 888 1311 beatus
909 1257 954 1313 Si·
1006 1268 1064 1322 qua
1084 1252 1208 1306 radietas
1224 1251 1290 1306 solis
1312 1268 1393 1324 aeqne
1414 1251 1504 1306 insilis
1521 1250 1708 1306 consistebat.
1723 1253 1754 1307 ln
1768 1251 1823 1306 alia

137 1354 206 1394 mon
230 1340 386 1397 Dominum
409 1344 506 1399 lesum
532 1344 680 1415 invocavit,
702 1352 731 1401 et
752 1365 820 1403 mox
843 1353 874 1403 ut
894 1367 954 1405 rna-
1006 1344 1146 1400 verende
1160 1344 1334 1400 lunastabat
1350 1344 1440 1399 fusilis
1459 1347 1641 1416 exurgente,
1656 1343 1766 1399 habeus
1780 1344 1822 1400 bi·

139 1448 210 1487 uum
241 1434 397 1505 applicuit,
427 1436 562 1507 sagittam
594 1438 712 1494 abstulit
741 1445 826 1513 atque
858 1444 955 1499 statim
1006 1453 1074 1510 gam
1093 1437 1182 1494 boum
1200 1439 1312 1494 fusilem
1336 1438 1467 1493 similiter
1486 1443 1664 1509 euergento.
1681 1437 1822 1494 Pontifici-

137 1524 228 1581 homo
241 1532 357 1582 sanatus
373 1531 433 1599 est3
449 1530 488 1584 ita
509 1536 539 1586 nt
561 1547 613 1587 uec
628 1533 743 1605 signum
761 1535 885 1590 vulneris
903 1553 954 1609 ap·
1004 1529 1058 1586 bus
1073 1535 1102 1586 et
1123 1532 1216 1604 magis
1235 1548 1301 1586 cum
1320 1532 1426 1604 populo
1446 1531 1614 1603 cogentibus
1629 1533 1775 1602 apostolos
1791 1536 1822 1586 nt

138 1626 262 1690 pareret.
1004 1624 1171 1693 adorarent,
1199 1626 1252 1697 ipsi
1283 1624 1318 1681 de
1351 1625 1458 1680 risione
1490 1624 1602 1680 Domini
1633 1625 1725 1680 uestri
1757 1626 1822 1681 lesu

174 1713 242 1767 Duce
258 1711 377 1784 tigrides
390 1714 577 1773 ferocissimae
591 1718 628 1774 de
638 1719 760 1791 singulis
773 1722 864 1778 caveis
874 1722 954 1794 fuge·
966 1720 994 1792 B
1005 1717 1120 1786 Christi,
1144 1735 1229 1791 quem
1250 1720 1400 1774 mntem
1428 1734 1458 1773 ⁸0
1479 1718 1509 1773 5¹1
1530 1717 1625 1774 [000Ῑο
1649 1719 1822 1790 antemium

138 1809 217 1873 runt,
231 1808 261 1860 et
273 1806 414 1880 quidquid
429 1809 556 1867 invenire
571 1814 853 1883 poterantdevorare
867 1833 956 1889 ειη»
1006 1811 1291 1883 contemplabantur,
1323 1817 1423 1867 mutuo
1456 1810 1590 1867 Hebraico
1618 1810 1821 1883 loquebantur.

138 1903 217 1954 runt.
236 1899 314 1955 Tunc
330 1902 423 1957 omnis
442 1904 566 1976 populus
585 1906 620 1961 ad
634 1908 777 1978 apostolos
798 1910 847 1965 Dei
860 1912 957 1966 conlu-
1005 1906 1130 1977 Angelus
1143 1921 1256 1978 quoque
1270 1905 1379 1960 Domini
1396 1905 1436 1961 eis
1452 1905 1586 1977 apparuit
1598 1908 1627 1960 et
1643 1906 1821 1962 mutarunt.

138 1992 190 2064 git.
204 1994 331 2065 Apostoli
342 2012 409 2050 rem
422 2013 528 2053 nomen
539 2000 650 2055 Domini
662 2001 728 2056 lesu
738 2001 955 2074 invocaverunt,
1005 1998 1127 2067 Deinde,
1142 1999 1218 2055 lacto
1241 1999 1363 2065 silentio,
1381 1999 1417 2054 ad
1434 1999 1572 2071 populum
1592 1998 1680 2054 locuti
1701 2005 1778 2067 sunt,
1795 2004 1824 2055 et

138 2091 168 2141 et
180 2086 259 2153 iera,
273 2105 337 2160 qnae
357 2105 505 2161 nunquam
525 2108 721 2150 mansuescere
740 2105 955 2169 consueuerant,
1005 2108 1134 2148 errorem
1145 2109 1230 2148 00010
1242 2091 1659 2162 ηἰί000οἰ000000000000001,
1673 2092 1824 2164 0100000·

139 2179 221 2249 quasi
242 2181 310 2251 agui
331 2182 415 2238 mites
433 2184 516 2239 lactas
537 2192 613 2242 suut.
636 2189 741 2244 Diebus
762 2190 902 2262 siqnidem
925 2196 956 2247 ut
1004 2201 1067 2243 ram
1079 2186 1131 2242 soli
1144 2188 1202 2242 Deo
1216 2185 1344 2242 debitum
1359 2189 1499 2241 creaturae
1517 2185 1657 2242 inutiliter
1670 2186 1821 2259 impende·

139 2288 205 2327 ⁰¹0³
226 2273 254 2328 in
277 2275 373 2330 medio
394 2277 490 2348 populi
510 2281 740 2352 commanebant,
755 2300 871 2355 vespam
890 2301 956 2341 ram
1005 2280 1088 2351 bant;
1105 2297 1156 2336 nee
1170 2281 1232 2335 sina
1244 2279 1350 2351 injuria
1363 2280 1451 2335 solem
1468 2284 1498 2334 et
1513 2282 1611 2335 lunam
1624 2279 1656 2333 in
1672 2280 1821 2336 manniac-

140 2365 171 2420 in
183 2366 314 2422 cellulam
331 2371 524 2439 apostolonrm
534 2374 718 2443 remeabant;
732 2378 762 2433 et
773 2380 909 2449 apostolis
919 2380 955 2435 ad
1006 2376 1042 2430 tis
1061 2374 1258 2430 mansionibus
1272 2373 1468 2443 includebant,
1488 2389 1561 2445 quos
1583 2374 1659 2428 Deus
1681 2373 1718 2428 ab
1740 2374 1822 2429 initio

140 2459 211 2514 alias
229 2460 358 2516 civitates
376 2463 575 2535 migrantibus,
595 2467 664 2539 ipsae
680 2469 838 2527 habitaculi
857 2489 956 2528 eornm
1006 2468 1036 2523 in
1056 2470 1125 2524 coelo
1143 2468 1259 2536 crearit,
1278 2471 1307 2522 et
1329 2468 1409 2522 omni
1431 2469 1534 2523 secolo
1555 2470 1655 2540 patere
1673 2474 1702 2522 et
1726 2469 1821 2524 lucere

139 2553 270 2609 custodes
289 2560 382 2611 erant.
400 2557 473 2612 almi
491 2574 561 2630 ergo
581 2562 783 2632 predicatores
803 2566 956 2621 materiam
1005 2563 1160 2618 constituit.
1191 2561 1378 2634 Stupentibus
1408 2561 1537 2628 cunctis,
1568 2561 1667 2616 Simon
1699 2561 1822 2617 daemoni

142 2646 210 2702 inde
235 2649 446 2706 sermocinandi
471 2661 666 2725 sumpserunt,
687 2657 865 2729 populosque
887 2660 956 2732 quid
1005 2657 1141 2729 praecepit
1170 2660 1200 2711 nt
1230 2671 1364 2728 egressum
1392 2656 1458 2711 inde
1483 2655 1670 2711 simulacrum
1697 2655 1764 2710 solis
1795 2660 1823 2710 et

139 2740 274 2797 homines
310 2743 493 2801 rationabiles
525 2762 610 2818 agere
645 2749 689 2805 rel
724 2751 848 2822 qualiter
883 2752 953 2809 obe·
1004 2750 1178 2823 quadrigam
1192 2751 1256 2821 ejus
1268 2749 1490 2804 comminueret.
1507 2748 1646 2805 Similiter
1663 2749 1751 2804 ludas
1759 2750 1821 2822 jus·

140 2832 201 2889 dire
237 2835 293 2891 Deo
332 2834 487 2907 deberent,
522 2839 697 2912 docuerunt3
735 2846 956 2919 exemplumque
1003 2845 1042 2899 ait
1056 2844 1242 2898 simulacrum
1256 2843 1332 2898 lunas
1345 2842 1502 2915 confringi.
1513 2843 1592 2898 Tunc
1604 2842 1662 2898 duo
1678 2844 1822 2915 AEthiopes

30 2966 38 2975 .
139 2925 293 2983 brotonam
321 2929 489 2987 animalium
516 2932 607 3005 digito
629 2952 689 3008 praa
716 2937 806 2994 oculis
827 2941 957 2997 ostende·
1006 2938 1082 3010 nigri
1099 2944 1127 2993 et
1145 2939 1226 3006 nudi,
1241 2936 1448 3008 horribilesque
1463 2937 1553 3004 vultu,
1567 2936 1667 3008 egredi
1687 2936 1724 2992 ab
1741 2938 1821 2992 omni

140 3026 216 3077 runt.
346 3050 351 3057 ·
1004 3033 1112 3103 popolo
1124 3031 1177 3086 risi
1197 3036 1280 3098 srrnt,
1301 3038 1331 3085 et
1348 3030 1499 3086 simulacra
1518 3030 1742 3102 confringentes,
1761 3031 1821 3086 nlu-

177 3115 254 3187 llege
274 3116 442 3190 populisque
464 3120 635 3192 petentibus,
652 3139 708 3179 uno
725 3141 802 3181 anno
822 3133 853 3182 et
872 3144 953 3184 men·
964 3091 992 3167 C
1004 3128 1094 3180 latum
1106 3125 1178 3180 dirae
1191 3124 1265 3180 rocis
1278 3124 1458 3180 emittebant.
1470 3124 1570 3179 vesani
1586 3140 1656 3196 ergo
1671 3123 1821 3196 pontifices

140 3208 218 3263 sibus
240 3209 332 3265 tribus
361 3211 521 3284 babyloniae
548 3218 716 3273 commorati
742 3223 818 3276 suut.
840 3223 901 3286 οιιο
924 3223 953 3277 in
1004 3218 1034 3274 in
1056 3220 1200 3290 apostolos
1219 3219 1375 3285 irruerunt,
1394 3233 1497 3289 eosque
1517 3218 1686 3289 gaudentes,
1705 3219 1819 3290 Deoqne

140 3307 272 3374 tempora
286 3304 408 3377 amplius
421 3322 507 3378 quam
524 3324 556 3364 nx
572 3309 662 3365 millia
675 3310 814 3381 virorum,
829 3316 956 3388 ercest
1005 3312 1112 3384 gratias
1129 3315 1250 3383 agentes
1270 3311 1483 3367 interfecerunt
1498 3313 1605 3367 Sennes
1625 3327 1740 3383 quoqne
1759 3313 1821 3367 hoa·

140 3396 266 3467 paruulis
286 3403 314 3452 et
330 3398 508 3467 mulieribus,
524 3401 657 3474 baptisati
671 3409 749 3460 sunt.
764 3405 844 3462 Prius
863 3425 912 3464 raa
927 3412 956 3464 et
1005 3422 1056 3479 pes
1075 3421 1176 3462 eorum
1194 3406 1319 3461 cumeis
1338 3421 1437 3477 passus
1452 3410 1506 3472 est,
1525 3405 1592 3476 qnia
1609 3404 1694 3460 idolis
1718 3405 1821 3460 sacrifi·

142 3492 280 3546 universae
300 3491 454 3563 dignitates
474 3495 537 3566 ejus
550 3495 639 3552 fldem
660 3506 858 3573 susceperunt.
877 3502 956 3558 l'ide
1005 3515 1071 3555 care
1085 3499 1267 3571 contempsit.
1287 3501 1349 3571 lpsa
1364 3499 1443 3568 bora,
1462 3498 1579 3572 quamn
1597 3499 1661 3554 areli
1680 3503 1757 3555 esset
1775 3515 1818 3555 se·

141 3582 209 3638 bant
228 3583 307 3640 enim
327 3600 428 3642 ornnes
447 3588 627 3646 intirmitates
647 3592 734 3649 verbo
747 3596 852 3665 curari,
867 3612 956 3652 caeos
1005 3594 1111 3649 renites
1124 3610 1241 3665 magna,
1251 3594 1365 3665 lulgura
1379 3593 1550 3649 exstiterunt
1562 3592 1662 3660 nimia,
1673 3593 1713 3648 ita
1728 3599 1759 3649 ut
1771 3594 1819 3649 tri·

140 3677 296 3734 illuminari
316 3683 345 3736 et
369 3687 497 3738 mortuos
520 3686 659 3741 suscitari.
682 3686 795 3756 abdias,
817 3690 867 3762 qui
889 3706 956 3746 eum
1004 3687 1078 3742 tarie
1096 3687 1274 3743 scinderetur
1287 3687 1462 3759 temploma
1483 3702 1597 3742 summo
1618 3687 1684 3743 tecti
1705 3687 1820 3759 fatigio

141 3770 209 3843 ipsis
222 3771 347 3829 atudaaa
359 3782 486 3839 venerat,
500 3781 530 3832 et
546 3777 607 3850 ipse
625 3781 715 3835 oculis
731 3782 790 3838 suis
803 3783 956 3840 Dominum
1005 3781 1146 3852 usquein
1160 3782 1296 3836 ultimum
1315 3780 1546 3837 Dindssmtuttlffl·
1559 3781 1662 3835 Ζο0000
1675 3785 1775 3837 altem
1792 3785 1821 3837 ²¹

139 3866 235 3921 tasum
255 3866 377 3935 viderat,
398 3870 547 3942 episcopus
567 3873 715 3930 ordinatus
734 3879 788 3943 est,
809 3882 837 3933 et
858 3879 957 3933 ciritae
1005 3875 1122 3931 Artaxat
1135 3875 1192 3930 ictu
1214 3874 1343 3930 fulminis
1361 3874 1455 3930 adusti
1476 3878 1505 3930 et
1522 3875 1553 3929 in
1574 3874 1732 3931 mbonem
1750 3892 1819 3932 con·

140 3958 266 4012 ecclesiis
279 3961 386 4030 repleta
404 3968 457 4017 est.
475 3964 584 4027 Quibus
601 3966 655 4022 rita
674 3968 821 4035 onlioalis,
838 3972 956 4042 protecti
1005 3969 1079 4024 cersi
1092 3974 1168 4024 sunt.

140 4054 218 4106 sunt.
231 4051 432 4124 Sequebantur
450 4060 547 4111 autem
569 4060 722 4114 costumas
737 4062 955 4134 discipulorum,
1042 4065 1107 4118 l‘ost
1120 4079 1249 4118 mamam
1266 4062 1384 4118 tertium
1403 4079 1451 4118 rex
1466 4063 1569 4118 xerxe
1586 4079 1688 4119 omnes
1704 4065 1819 4137 pontill-

140 4143 256 4199 durenti
268 4151 295 4198 rt
310 4162 345 4201 eo
357 4149 480 4219 amplius
493 4151 555 4206 riri.
571 4153 782 4210 circumierunt
797 4173 832 4212 ru
845 4158 956 4229 prorin-
1005 4174 1052 4212 ces
1069 4157 1253 4223 conluscarit,
1268 4156 1465 4228 apostolorum
1484 4173 1604 4229 corpora
1624 4173 1691 4213 curu
1706 4159 1821 4230 ingenti

140 4237 197 4291 cias
209 4238 330 4294 Persidis
344 4246 372 4296 et
385 4241 470 4297 urbes
483 4260 591 4301 aarum.
1006 4253 1115 4307 honore
1123 4251 1158 4306 ad
1172 4267 1255 4306 suam
1263 4250 1408 4305 ciuitatem
1417 4250 1568 4317 transtulit,
1579 4251 1607 4306 in
1617 4267 1676 4323 qua
1683 4253 1821 4308 exstruxit

175 4331 289 4388 amodo
302 4339 417 4406 tempus
430 4339 473 4390 est
491 4340 644 4395 enarrandi
660 4342 786 4413 qualiter
802 4347 877 4417 pessi
890 4350 956 4403 sant
1005 4346 1151 4401 basilicam
1167 4346 1197 4400 in
1217 4349 1359 4416 octogono
1378 4345 1456 4416 cyclo
1474 4350 1539 4400 octo
1552 4345 1729 4417 angulorum
1742 4353 1819 4402 octo·

140 4426 232 4481 uncti
250 4428 379 4499 apostoli.
393 4429 538 4487 Demarati
555 4433 643 4504 igitur
663 4437 740 4509 magi
751 4439 851 4495 hanes
864 4446 893 4496 et
908 4446 995 4546 ‚arn
1006 4455 1116 4512 genum
1129 4439 1255 4511 pedum;
1269 4440 1309 4493 ita
1318 4445 1351 4494 ut
1364 4438 1453 4494 octies
1464 4445 1635 4511 octogenum
1648 4440 1756 4512 ροιιιιιιι
1769 4457 1821 4496 nn·

139 4519 218 4575 taxat
231 4523 955 4606 sceleraparciritataslaciebant,sequedegenera
1005 4549 1104 4589 merus
1126 4538 1326 4589 humaretur
1347 4548 1400 4604 per
1421 4549 1535 4606 grrum,
1559 4533 1589 4588 in
1612 4534 1703 4589 altum
1722 4540 1820 4591 autam

139 4612 262 4671 deomm
274 4631 335 4672 essa
345 4617 479 4674 dicabant
489 4624 519 4675 et
528 4637 642 4695 semper
652 4641 670 4679 a
679 4625 751 4682 facie
761 4630 956 4700 apostolorum
1004 4627 1110 4700 pedum
1122 4632 1242 4683 eentum
1254 4627 1366 4699 uiginti.
1376 4627 1478 4683 Omuia
1490 4642 1523 4681 ar
1536 4626 1684 4700 quadratis
1693 4644 1820 4685 marmo-

140 4707 298 4779 lugiebant.
312 4711 421 4768 landiu
433 4714 588 4773 manebant
602 4717 632 4773 in
646 4735 818 4795 quacunque
831 4723 954 4791 ciritute,
1004 4720 1083 4776 ribus
1100 4725 1130 4777 at
1149 4722 1317 4795 synmaticis
1333 4721 1484 4779 axstnaxit.
1501 4736 1631 4776 amaras
1651 4737 1719 4778 rem
1736 4721 1819 4779 lami·

138 4800 230 4857 donec
244 4814 433 4874 agnoscerent
449 4810 595 4880 apostolus
607 4812 673 4868 illuc
694 4814 841 4872 advenire.
855 4820 885 4873 ln
902 4819 954 4875 Sa·
1003 4817 1048 4872 nis
1068 4818 1163 4873 aunis
1175 4816 1278 4871 alhxit.
1293 4816 1324 4872 ln
1344 4815 1440 4870 medio
1456 4820 1552 4871 autem
1570 4821 1714 4888 octogono
1727 4832 1820 4874 same

138 4893 187 4949 nir
208 4910 261 4950 ux
283 4899 455 4969 templorum
480 4904 629 4973 pontifices
651 4912 743 4975 erant,
765 4910 815 4981 qui
836 4911 955 4983 singulis
1004 4911 1133 4984 phagum
1147 4918 1315 4983 exurgente
1329 4926 1403 4981 puro
1419 4909 1553 4965 instituit.
1565 4910 1620 4965 Per
1633 4916 1757 4982 quatuor
1770 4928 1819 4967 an·

140 4988 203 5043 auri
217 4988 320 5045 libum
333 4995 390 5059 titt
406 5010 424 5048 a
445 5012 513 5068 rege
531 5004 636 5070 qnater
653 5002 684 5056 in
703 5018 779 5058 anno
795 5020 954 5078 mnaeqrre-
1002 5022 1055 5061 nris
1073 5006 1210 5061 fabricam
1224 5006 1400 5061 incessanter
1416 5005 1554 5072 exercuit,
1567 5010 1597 5058 et
1613 5020 1819 5062 consummans

137 5079 254 5149 bantur,
275 5084 393 5154 quando
412 5088 479 5144 solis
499 5091 618 5162 apulum
637 5095 841 5153 celebrabant:
862 5100 892 5155 in
908 5102 952 5156 in·
1003 5116 1068 5155 eam
1086 5099 1131 5155 die
1152 5099 1255 5156 natalis
1275 5115 1387 5167 eorum,
1408 5098 1438 5155 id
1457 5104 1502 5153 est
1523 5114 1540 5149 r
1557 5098 1621 5153 Kal.
1639 5099 1817 5168 Novembris,

137 5175 226 5229 troitn
244 5176 349 5233 scilicet
369 5179 444 5235 raris
462 5186 491 5237 at
511 5187 628 5254 estatis,
647 5191 780 5245 autumni
795 5198 824 5247 et
839 5192 952 5251 hiemis.
1002 5192 1153 5249 basilicam
1170 5195 1201 5249 in
1220 5195 1360 5249 honorem
1376 5198 1541 5249 suetorum
1554 5191 1689 5249 dedicare
1701 5194 1816 5249 merant

136 5268 253 5324 Prulati
265 5271 344 5344 magi
357 5288 543 5349 quoecunque
552 5283 688 5350 poterant
696 5290 797 5340 mntra
810 5289 953 5359 apostolos
1004 5290 1037 5345 lu
1053 5304 1111 5360 quo
1130 5289 1193 5344 loeo
1205 5287 1346 5344 beneficia
1363 5286 1462 5343 nnus
1475 5285 1624 5343 tradate·
1634 5302 1817 5361 eomaqunn·

136 5362 243 5435 abique
255 5367 486 5437 commorabant,
498 5376 527 5426 at
539 5371 593 5428 hoc
602 5383 765 5447 preeunte
775 5378 879 5438 obnixe
888 5400 953 5456 pru·
1001 5388 1061 5449 tur,
1079 5382 1130 5455 qui
1143 5384 1283 5456 martyria
1295 5398 1407 5449 mn,
1418 5396 1486 5455 quar
1499 5381 1623 5438 Domino
1641 5384 1740 5438 msto
1750 5380 1818 5439 teau

137 5455 288 5514 mk
1000 5473 1620 5552 Christousquaadmertaupuhihmnt,
1632 5479 1816 5533 meatur.

171 5549 328 5624 Mum
352 5558 444 5615 suen
468 5562 589 5632 ψωιοιι
614 5564 760 5624 mm
789 5572 953 5645 „manaa
1000 5568 1576 5646 necunquam-annonae
1593 5568 1817 5627 mantunae

165 5741 212 5817 ,Q
231 5744 383 5803 Ducam
396 5755 424 5804 at
437 5752 465 5806 le
478 5754 592 5810 Dreroat
606 5762 730 5829 singalas
742 5780 770 5818 a.
786 5762 880 5823 latras.
