3750 6046
148 170 202 236 lau
833 184 993 246 annanias
1013 181 1142 243 viratus
1253 183 1255 187 ’
1775 182 1825 241 aaa

149 302 207 359 bat,
222 305 286 359 llas
298 305 364 360 srrnt
376 320 439 378 quae
450 303 530 379 liuga
544 306 846 369 deGreutemaisnilS.
863 312 960 369 Ebrul-
971 326 1000 399 Α
1011 329 1069 365 una
1084 310 1240 376 relucerent,
1256 309 1379 364 construi
1399 307 1543 380 pracepit.
1559 306 1693 364 Casulam
1709 323 1781 362 aura
1796 313 1826 364 at

150 395 190 467 fa,
206 413 252 452 rne
267 399 452 467 concedente,
470 401 549 459 dedit
564 403 593 458 in
607 404 719 476 Anglia.
736 405 870 462 liedulfus
887 423 959 480 qua·
1013 404 1174 475 margaritis
1189 404 1340 475 comptam,
1355 405 1385 458 et
1398 402 1559 475 elegantem
1568 400 1826 474 cappamaantoris

150 491 254 562 quade
269 493 389 549 conchis
404 495 498 551 eidem
514 501 609 553 saneto
624 498 704 552 dedit
721 497 791 554 duas
807 502 961 571 manerios,
1012 502 1109 554 sancus
1126 497 1238 553 Ebrulla
1257 497 1344 566 dedit,
1361 501 1390 551 et
1409 497 1502 568 plura,
1516 496 1540 551 si
1555 494 1603 551 diu
1625 495 1743 564 vireret,
1758 511 1824 566 pra·

148 584 341 642 alwintonam
361 587 390 643 in
405 589 630 662 Guighcreestrae
645 591 728 660 scira,
744 599 772 648 et
786 594 962 650 caldicotam
1012 592 1105 659 misit;
1123 591 1181 660 sed,
1198 596 1288 646 morte
1303 591 1506 662 praeveniente,
1522 588 1664 661 promissa
1678 590 1826 660 complere

149 676 180 734 in
195 679 351 751 Nortiucb3
368 687 396 739 et
410 685 490 756 llugo
505 685 579 739 filius
594 685 750 741 Constantii
771 687 850 743 dedit
871 688 962 744 ecclc·
1013 702 1069 740 non
1083 685 1183 757 potuit.
1200 685 1316 740 Adeuna
1329 698 1454 757 quoque,
1468 699 1541 739 uxor
1555 681 1671 754 llagerii
1687 682 1724 739 de
1739 683 1826 738 Bello-

151 773 221 830 siam
236 775 270 832 de
285 775 398 845 Gualra,
409 784 437 832 et
448 795 535 833 uuam
546 778 646 834 hidam
655 783 749 836 terrra.
761 782 841 853 llugo
852 786 961 852 eutem,
1013 782 1120 847 monte,
1134 779 1239 846 albam,
1255 777 1404 834 aurifrasio
1417 777 1530 850 copiose
1552 780 1694 846 ornatam,
1710 776 1825 832 Uticen-

150 867 305 926 Gestrensis
318 885 422 939 carues,
437 870 529 926 lilium
544 889 628 928 suum
646 875 764 930 nomine
785 875 962 932 liudbertum
1012 872 1089 927 sibus
1107 872 1235 942 eontulit,
1254 888 1312 945 qua
1334 871 1450 927 indatus
1464 871 1594 927 sacerdos
1618 869 1773 943 praecipuis
1795 871 1824 925 in

149 963 317 1018 iuUtieeusi
331 962 447 1018 ecclesia
461 965 498 1020 ad
518 967 719 1024 monachatum
734 971 790 1025 er
805 969 919 1039 obtulit,
934 976 963 1026 et
1012 965 1235 1021 solemnitatibus
1263 966 1375 1021 missam
1404 964 1548 1021 celebrare
1579 964 1753 1021 consuescit.
1781 964 1824 1019 Sic

150 1055 244 1112 eidem
264 1056 389 1111 ecelesiae
404 1056 484 1114 dedit
498 1075 584 1115 unam
598 1060 698 1116 hidam
719 1067 802 1118 terrae
822 1063 851 1118 in
872 1065 962 1119 Parra
1011 1060 1057 1114 alii
1071 1060 1167 1131 plures
1181 1060 1326 1131 utriusque
1337 1075 1420 1113 sexus
1438 1059 1574 1131 praedicto
1593 1057 1770 1115 manasterio
1788 1056 1824 1114 da

149 1147 358 1214 Pilardentoua,
368 1151 396 1205 et
410 1151 549 1208 decimam
558 1170 590 1209 ac
606 1171 695 1209 unum
707 1156 845 1213 rusticum
857 1157 885 1212 in
896 1157 962 1212 villa
1012 1153 1069 1207 suis
1092 1153 1216 1208 donariis
1238 1152 1268 1207 in
1291 1152 1408 1207 diuersis
1432 1152 1580 1223 speciebus
1604 1151 1773 1224 erogabant,
1798 1155 1825 1206 et

150 1257 214 1314 qua
236 1242 337 1298 dieitur
357 1243 505 1314 Briclrelle,
526 1246 726 1321 decimamque
746 1249 781 1305 de
799 1250 912 1307 Sauleia
933 1250 962 1306 in
1013 1245 1228 1317 participatione
1240 1245 1532 1318 beneficiorumque
1545 1244 1652 1300 ibidem
1663 1244 1826 1300 eoeliarcbi·

151 1333 359 1409 buccingeham
377 1338 458 1393 scira.
479 1339 636 1396 uoubcnns
653 1358 720 1397 vero
738 1342 774 1398 dc
794 1343 960 1415 nauclerico,
1011 1342 1087 1394 teoto
1107 1338 1335 1406 conterebantur,
1355 1336 1541 1410 spiritualiter
1564 1337 1672 1411 pertrui
1693 1339 1825 1410 peropte-

149 1429 269 1502 prrelata
286 1431 404 1503 llugaue
418 1432 559 1488 Castrensi
577 1435 680 1490 comite
695 1436 811 1492 domino
826 1453 876 1492 sna
891 1453 960 1493 eon·
1011 1431 1090 1487 bunt.

150 1522 278 1593 cedente,
294 1524 371 1580 dedit
389 1525 418 1581 S.
435 1526 551 1582 Ebrullo
571 1528 785 1599 Charchebiam,
802 1547 867 1586 euru
888 1531 960 1586 dua·
1047 1524 1093 1580 llis
1106 1523 1291 1597 temporibus,
1306 1530 1362 1580 tres
1376 1525 1484 1581 ibidem
1498 1525 1628 1597 germani
1641 1523 1821 1581 laudabiliter

151 1615 203 1672 bus
218 1617 352 1687 ecclesiis,
369 1635 455 1673 unam
475 1619 580 1676 seilicet
594 1637 658 1693 quae
671 1622 700 1677 in
715 1623 776 1695 ipsa
790 1624 855 1679 ville
870 1631 922 1693 est,
934 1627 963 1680 et
1014 1618 1171 1674 militabunt
1185 1619 1214 1673 iu
1239 1619 1389 1675 monachili
1410 1617 1520 1689 habitu,
1540 1617 1702 1675 Radbertus
1719 1633 1824 1689 cagno-

152 1710 238 1766 aliam
253 1727 341 1783 prope
354 1712 436 1767 illum
449 1713 610 1770 manerium
624 1715 653 1770 in
667 1714 760 1772 insula
769 1718 865 1787 marim
880 1721 910 1774 nt
923 1701 1004 1774 Μ
1016 1716 1113 1768 mento
1133 1711 1272 1782 Nicolaus,
1288 1712 1426 1784 Rogerius
1445 1715 1475 1769 et
1493 1711 1566 1769 Uda.
1583 1713 1616 1768 lli
1635 1712 1756 1768 fuerunt
1774 1711 1824 1766 lilii

150 1804 265 1861 alesiam
279 1805 307 1860 S.
323 1807 399 1861 Petri
421 1807 549 1879 apastoli,
563 1813 591 1864 et
606 1809 744 1882 quidquid
757 1811 793 1866 ed
811 1828 873 1867 cam
893 1829 960 1885 per·
1011 1806 1159 1877 cujusdam
1178 1805 1335 1877 presbyteri
1355 1805 1472 1861 nomint
1492 1805 1616 1862 Gertitsii
1635 1805 1671 1862 de
1684 1806 1824 1862 lonast&-

150 1896 259 1954 tinebat
274 1899 302 1953 in
319 1901 461 1957 cestrensi
475 1902 559 1971 urbe,
575 1907 602 1958 et
614 1902 645 1958 iu
655 1903 823 1972 blarestana,
840 1922 904 1977 quae
919 1910 963 1961 est
1011 1900 1082 1969 ralo,
1096 1916 1184 1971 quem
1193 1898 1383 1954 Theodericus
1397 1899 1485 1955 abbas
1495 1898 1669 1972 jamdudum
1682 1898 1719 1955 de
1734 1898 1824 1956 Sertis

150 1991 180 2048 in
202 1993 416 2049 Nurunntcnac
438 1994 519 2062 scira,
543 1995 690 2052 ecclesiam
709 1998 736 2053 s.
759 1999 913 2070 Laurentii,
934 2003 963 2055 et
1011 1992 1158 2048 transtulit
1179 1993 1215 2047 ad
1237 1992 1395 2064 regendam
1415 1992 1557 2049 diaecesim
1577 1992 1613 2047 de
1635 1992 1742 2066 Sappo.
1756 1992 1825 2048 Tres

150 2085 288 2158 quidquid
309 2087 344 2141 ad
365 2103 425 2142 eam
447 2088 588 2158 pertinet;
608 2094 637 2145 at
651 2090 679 2145 iu
695 2088 796 2146 eadem
816 2091 963 2163 provincia
1012 2086 1826 2159 itaqueprcedietiiratresadconversianaminjuveutute

151 2179 300 2235 ecclesiam
316 2179 351 2235 de
367 2180 470 2236 Birella
483 2198 548 2236 euru
568 2182 677 2237 duabus
696 2188 780 2240 terrae
796 2187 958 2243 carrucatis.
1012 2185 1161 2248 venerunt,
1176 2183 1205 2235 et
1219 2180 1301 2235 bonis
1315 2179 1443 2236 moribus
1455 2179 1531 2235 iuter
1548 2181 1652 2236 fratres
1670 2179 1824 2253 pollentes,

149 2273 203 2329 alii
217 2289 331 2344 quoquc
353 2273 486 2329 homines
505 2275 632 2347 lluganis
646 2276 756 2332 comitis
771 2279 895 2334 Uticensi
915 2295 960 2336 ec·
1012 2275 1069 2329 ⁰00
1082 2274 1157 2346 graii
1172 2277 1201 2329 ei
1215 2273 1377 2329 hominibus
1397 2272 1485 2328 lubili
1499 2277 1574 2328 suut·
1595 2272 1709 2329 Primus
1724 2289 1825 2329 eurum

150 2365 241 2421 clesioe
266 2367 391 2422 decimas
417 2385 482 2422 suas
505 2368 669 2425 dederunt:
691 2370 721 2425 in
744 2371 867 2428 Niebolae
891 2373 963 2429 scira
1012 2365 1825 2439 iUitteratus,sedfervidusamatorrirtutiserat,narreque

150 2460 328 2516 Rcrscetinus
347 2461 382 2515 de
405 2462 567 2532 estentona,
582 2463 724 2519 esbernus
741 2466 873 2521 Tczsunis
887 2466 963 2522 filius
1011 2460 1146 2529 basilica,
1158 2477 1223 2533 qua
1234 2457 1549 2532 construebatur,nperi
1560 2460 1822 2532 solerterpraeerat.

150 2552 186 2609 de
208 2553 342 2621 Neubela,
366 2555 507 2610 Uuldricus
528 2556 563 2611 de
585 2557 714 2613 Farelart
732 2559 873 2616 decimam
896 2576 962 2616 curn
1014 2554 1063 2610 ¹llii
1078 2554 1134 2610 duo
1151 2559 1232 2610 eruut
1246 2553 1422 2626 grammatici
1438 2555 1467 2609 et
1487 2553 1645 2609 sacerdotes
1668 2553 1824 2624 conspicui,

150 2663 208 2702 aua
222 2648 345 2715 rustico;
364 2649 505 2720 Rogerius
518 2650 552 2704 de
570 2650 665 2719 llillai,
680 2656 710 2707 et
724 2653 849 2721 Brisard,
864 2657 893 2708 et
906 2656 962 2710 llo-
1012 2647 1179 2719 abbatisque
1199 2647 1243 2702 sui
1263 2647 1408 2718 adjutores
1422 2647 1540 2716 strenui,
1561 2650 1590 2701 et
1607 2646 1684 2702 intus
1705 2664 1738 2702 ae
1757 2646 1825 2704 ieris

150 2740 250 2796 bertus
264 2742 370 2797 Pultral
383 2742 413 2796 in
429 2743 619 2813 legrecestra·
633 2744 714 2800 seim.
730 2747 835 2802 Omnes
845 2747 875 2802 bi
885 2748 961 2804 deci·
1011 2742 1136 2797 illustres
1148 2741 1253 2796 vicarii.
1267 2741 1404 2795 Praelatus
1420 2740 1497 2795 enim
1511 2739 1736 2796 archimandrita
1749 2740 1823 2797 Odo-

150 2850 213 2889 mas
229 2852 292 2889 suas
308 2836 335 2891 S.
350 2835 465 2891 Ebrulia
481 2835 634 2906 dederunt,
649 2844 679 2894 et
695 2839 848 2910 pradictus
865 2857 963 2898 comes
1012 2853 1090 2904 nem,
1105 2835 1155 2908 qai
1168 2840 1249 2890 atate
1260 2835 1368 2905 junior,
1385 2835 1434 2891 sed
1454 2834 1646 2906 eloquentior,
1662 2838 1691 2889 et
1706 2834 1744 2889 ad
1755 2835 1824 2891 tole·

152 2930 299 3000 gratanter
322 2931 469 2985 concessit.
498 2932 561 2986 llaec
584 2932 693 3003 itaque,
719 2949 783 3004 quae
806 2933 842 2989 de
865 2941 962 2992 nostre
1012 2929 1116 2985 randos
1133 2930 1243 2984 labores
1258 2932 1319 2983 erat
1336 2927 1490 2998 robustior,
1510 2927 1634 3000 priorem
1654 2928 1825 2984 monasterii

152 3021 278 3078 dominio
298 3028 556 3094 sape-memoratae
578 3026 703 3081 ecelesiae
722 3025 797 3097 dedi,
819 3034 848 3086 et
867 3030 963 3085 omnia
1012 3024 1057 3078 sui
1076 3023 1230 3079 constituit·
1247 3021 1403 3094 Rosserium
1418 3038 1495 3089 veto,
1519 3020 1570 3095 qui
1584 3026 1668 3077 &tute
1683 3024 1712 3078 ei
1727 3022 1824 3078 erudi·

151 3131 226 3187 quae,
235 3115 306 3170 sicut
316 3132 333 3171 a
343 3116 497 3173 baronibus
507 3118 611 3174 uostris
622 3119 715 3174 eidem
729 3120 798 3177 data
809 3128 885 3192 suut,
898 3070 1000 3178 cau·C
1013 3116 1090 3173 tione
1104 3117 1259 3172 litteratum
1272 3116 1364 3187 major
1378 3117 1449 3183 erat,
1466 3115 1496 3169 in
1510 3115 1642 3189 angliam
1658 3131 1711 3188 pro
1722 3116 1826 3172 utilita-

151 3209 230 3278 cessi,
254 3225 330 3264 anno
349 3210 385 3264 ab
408 3212 606 3268 lncarnatione
631 3213 745 3269 Domini
767 3216 845 3284 1081,
870 3217 962 3273 indie.
1013 3209 1088 3265 tibus
1102 3209 1293 3266 ecclesiasticis
1307 3208 1465 3264 destinarit.
1480 3210 1542 3280 lpse
1558 3208 1745 3266 autemhaud
1759 3226 1824 3282 seg-

151 3305 229 3359 tione
242 3304 425 3375 1v,praesenti
443 3304 634 3378 chirographo
649 3306 680 3363 in
694 3308 765 3363 urbe
779 3311 888 3366 Guenta
905 3327 965 3367 cor-
1013 3303 1088 3360 niter
1106 3304 1185 3374 jussa
1203 3303 1331 3373 magistri
1349 3302 1510 3374 complevit,
1533 3308 1562 3357 et
1583 3318 1709 3376 capsam,
1724 3304 1756 3359 in
1770 3320 1826 3377 qua

151 3397 272 3466 roboro,
288 3402 315 3453 et
338 3397 502 3469 proceribus
521 3399 604 3468 meis,
625 3401 675 3472 qui
694 3402 883 3475 eleemosynas
901 3420 964 3459 anes
1014 3396 1144 3468 reliquie
1156 3402 1318 3451 sanctorum
1329 3398 1395 3466 apte
1409 3395 1610 3464 conderentur,
1625 3397 1825 3469 procuratione

152 3491 303 3559 dederunt,
325 3492 370 3547 rel
384 3492 582 3563 astipulatores
596 3511 694 3550 earnm
710 3502 788 3564 sunt,
808 3497 861 3553 acc
877 3503 964 3554 resta·
1013 3506 1063 3545 sna
1075 3489 1231 3559 fabricavit,
1245 3506 1332 3562 quani
1349 3505 1418 3545 auro
1426 3494 1604 3563 argentoque
1614 3490 1736 3547 comiter
1745 3507 1826 3547 orna·

152 3588 282 3641 mentun
297 3585 379 3657 signa
394 3589 498 3641 sarraca
512 3588 608 3644 crucis
621 3588 810 3646 dedicandum
825 3589 918 3661 arada,
935 3596 965 3648 nt
1014 3585 1062 3639 vn.
1085 3584 1202 3640 Salertia
1223 3584 1317 3655 itaque
1345 3599 1397 3639 sna
1418 3584 1543 3639 accrate
1567 3600 1625 3639 sna
1649 3589 1752 3640 nactus
1784 3588 1826 3640 cst

151 3678 179 3733 in
194 3682 334 3735 aternani
350 3680 439 3751 regali
453 3680 622 3737 anctoritate
638 3687 700 3738 rata
713 3683 749 3737 sit
762 3684 823 3739 nac
834 3683 961 3751 donario,
1013 3677 1138 3750 plurima
1152 3677 1230 3733 baua
1245 3694 1252 3733 :
1269 3677 1373 3733 vanam
1389 3675 1493 3734 scincet
1506 3677 1709 3750 supellectilem
1720 3684 1824 3735 etesn-

152 3777 181 3826 et
203 3771 356 3844 sacrilegos
379 3789 523 3830 sacrarum
546 3775 697 3830 violatores
720 3793 818 3833 rerum
843 3778 963 3834 irreme-
1014 3776 1107 3827 turum
1118 3787 1222 3843 cappas
1236 3773 1320 3843 atque
1329 3773 1432 3840 vestes,
1446 3770 1618 3827 caudelabra
1630 3776 1660 3827 et
1673 3776 1826 3846 argenteas

153 3864 274 3935 diabilis,
298 3865 352 3921 nisi
369 3883 385 3922 a
404 3871 487 3922 reatu
512 3868 696 3940 resipuerint,
720 3870 804 3927 feriat
826 3871 963 3928 maledie·
1014 3864 1127 3934 calices,
1142 3865 1268 3938 aliosque
1284 3866 1401 3920 ornatus
1415 3864 1510 3921 diviua
1524 3865 1612 3921 cultui
1623 3870 1824 3938 congruentes.

153 3959 203 4015 tio.
219 3979 233 4009 n
1014 3960 1080 4015 Erat
1092 3958 1171 4014 euim
1186 3958 1265 4018 mitis
1278 3963 1304 4014 et
1320 3958 1474 4026 modestus,
1489 3958 1520 4013 in
1532 3957 1595 4014 cibo
1614 3964 1644 4015 et
1661 3964 1733 4031 potu
1752 3976 1826 4017 mm·

189 4054 220 4108 ln
240 4051 293 4107 hae
313 4051 449 4108 nimirum
473 4054 571 4109 charta
588 4054 753 4112 Guillelmus
773 4057 900 4129 Magnus,
915 4074 964 4114 rex
1015 4069 1109 4124 noque
1123 4051 1241 4120 sobrius,
1253 4055 1340 4124 etpra
1351 4051 1452 4108 inolita
1462 4052 1682 4110 mansuetudine
1696 4054 1828 4111 amabilis

152 4146 321 4219 auglorum,
337 4146 449 4216 primus
461 4146 575 4219 siguum
591 4153 696 4203 sanctes
710 4149 805 4205 Crucis
820 4150 917 4218 edidit,
937 4158 966 4209 et
1014 4146 1155 4201 amnibus.
1170 4147 1224 4201 Per
1235 4145 1344 4202 diversa
1356 4145 1445 4218 igitur
1459 4145 1553 4201 olliaia
1563 4162 1597 4202 xx
1607 4148 1700 4217 anna,
1714 4153 1747 4205 ut
1759 4148 1828 4205 orda

153 4240 359 4311 subsequentes
374 4241 501 4309 magnati
516 4240 752 4313 subscripserunt,
768 4260 892 4315 quorum
914 4261 964 4300 no·
1015 4240 1188 4295 monasticus
1212 4238 1311 4311 exigit,
1336 4238 1506 4296 exercitatus
1534 4244 1587 4308 est,
1610 4245 1640 4297 et
1665 4241 1827 4298 succedenti

153 4333 234 4389 mina
248 4332 295 4387 bie
309 4332 468 4406 subscripta
480 4338 564 4389 suut:
581 4334 740 4391 Radbertus
756 4344 784 4392 et
799 4337 965 4395 Guillelmus
1015 4340 1157 4406 tempore,
1167 4332 1445 4405 postllaiaeriumet
1455 4333 1828 4402 Serlonem,adtenendum

153 4427 204 4482 lilii
217 4427 305 4499 regis,
320 4426 495 4500 maximique
511 4429 639 4483 consules
654 4445 660 4484 :
676 4430 814 4503 llagerius
827 4431 863 4486 da
878 4431 1003 4512 Sero-1)
1014 4427 1145 4499 regimen
1161 4426 1299 4482 Uticensis
1313 4426 1436 4482 abbatias
1455 4427 1599 4483 communi
1614 4428 1739 4485 fratrum
1752 4429 1826 4485 elec·

152 4519 286 4576 besburia
297 4525 326 4577 ct
340 4521 419 4591 llugo
433 4521 468 4576 de
482 4522 589 4590 Cestra,
600 4522 738 4579 llodulfus
754 4524 789 4580 de
803 4525 924 4582 Cenabis
937 4532 967 4582 et
1016 4520 1091 4576 tione
1111 4525 1256 4593 promotus
1278 4523 1330 4576 esi·
1350 4519 1431 4584 0¹10d
1453 4536 1534 4577 mitt
1550 4521 1633 4577 annis
1654 4521 1686 4578 in
1704 4523 1828 4581 adversis

153 4613 320 4670 GuiUelmus
337 4614 373 4669 de
390 4615 516 4685 Britolio,
531 4614 612 4689 Gugo
632 4614 668 4671 de
688 4618 917 4689 Greutemaisuil,
938 4624 967 4674 et
1016 4621 1045 4671 et
1057 4614 1198 4686 prosperis
1215 4613 1318 4681 tenuit,
1331 4614 1470 4685 senioque
1483 4614 1590 4671 tractus
1607 4614 1657 4671 riui
1673 4616 1827 4691 discipulo·

152 4724 240 4780 nepos
254 4709 316 4780 ejus
336 4708 495 4764 Radbertus
513 4709 548 4764 da
564 4710 731 4779 lladclento,
751 4711 910 4768 Radbertus
930 4713 965 4768 li·
1014 4724 1079 4764 rum
1097 4724 1214 4763 suorum
1229 4708 1346 4763 nomine
1361 4706 1485 4763 Guariao
1501 4707 1665 4779 commisit;
1681 4714 1710 4765 et
1723 4711 1827 4784 ipsum,

152 4801 207 4857 lius
229 4802 351 4858 llurdaei
376 4805 404 4858 et
426 4803 568 4860 Gallerius
591 4802 628 4857 de
651 4803 782 4873 vilereio,
797 4804 965 4862 Gaillelmus
1015 4800 1827 4875 quautamiaipsofuit,tribusannisauteobitumsuum,

153 4895 187 4951 de
204 4896 315 4951 ldoliuis
330 4901 359 4951 et
373 4896 520 4956 Richerius
535 4897 569 4952 de
586 4897 697 4969 riquila,
714 4898 792 4954 Eudo
808 4898 918 4971 dapifer
937 4904 966 4956 et
1014 4897 1058 4952 sui
1076 4896 1213 4951 ricarium
1235 4898 1264 4950 et
1285 4910 1476 4950 successorem
1497 4896 1650 4953 constituit.
1665 4897 1773 4954 Veram
1792 4899 1828 4955 de

154 4989 291 5045 Guarinus
303 4990 460 5046 vicecomes
474 4989 510 5045 de
524 4990 736 5047 scrobesburia.
1015 4991 1060 5046 bis
1074 4991 1105 5045 in
1118 4988 1369 5061 subsequentibus,
1380 4988 1404 5043 si
1418 4989 1475 5044 vita
1488 5004 1583 5046 comes
1593 4990 1691 5060 luerit,
1705 4992 1731 5049 si
1743 4992 1829 5049 lacul-

188 5082 343 5154 llegressus
362 5083 397 5139 de
411 5084 512 5155 anglia
529 5084 681 5140 blainerius
695 5085 780 5141 abbas
802 5085 964 5157 hujusmodi
1015 5089 1058 5140 tas
1070 5083 1226 5155 opitulante
1239 5084 1294 5138 lieo
1310 5080 1491 5154 suppetierit,
1506 5082 1647 5139 sedimine
1661 5090 1762 5142 nostro
1772 5103 1829 5143 ma·

152 5175 280 5230 chartam
295 5192 390 5230 secum
405 5177 515 5245 detulit,
531 5181 559 5232 et
571 5178 690 5234 archivis
709 5179 833 5235 ecclesiae
852 5179 891 5234 ad
904 5196 964 5235 ser·
1016 5178 1115 5234 niiesta
1132 5176 1252 5248 posteris
1269 5175 1469 5232 enarrationes
1484 5181 1579 5249 gestas
1592 5178 1739 5235 enudabit.

151 5268 277 5324 randum
297 5268 433 5340 porrexit.
447 5269 524 5325 Tunc
540 5271 681 5327 ldatbildis
695 5273 803 5345 regina,
819 5279 965 5344 comperto
1015 5292 1046 5347 v,
1061 5293 1207 5361 smum,
1222 5291 1390 5347 mensione,
1406 5288 1584 5346 mansionum
1600 5287 1722 5348 Uticensi
1739 5308 1827 5350 mo.

150 5361 291 5419 laudabili
305 5377 421 5417 rumore
436 5361 473 5417 de
486 5364 614 5419 moribus
626 5366 810 5435 Uticensium,
826 5367 965 5424 orationis
1051 5372 1093 5427 bio
1111 5370 1259 5437 foetorum.
1279 5370 1357 5426 Nouo
1378 5369 1552 5440 altreiensis
1570 5370 1640 5427 aetla
1659 5371 1828 5433 Uticensibus

152 5456 243 5528 gratia
260 5456 370 5511 Uticam
390 5455 484 5525 senit3
501 5462 561 5512 eta
578 5458 714 5515 iratribus
733 5460 889 5517 honorilice
903 5478 964 5517 sus·
1049 5450 1185 5507 manacta
1198 5449 1291 5505 datur·
1306 5450 1538 5507 Hittsstt'aevut'iv·

151 5556 242 5622 cepta,
259 5565 388 5606 marcum
403 5548 465 5606 auri
477 5564 566 5621 super
576 5566 655 5608 aram
668 5553 782 5622 obtulit,
796 5570 883 5629 seque
897 5570 963 5611 cum
1049 5554 1128 5610 Nunc
1142 5552 1178 5609 ad
1192 5550 1371 5608 disserendas
1383 5566 1429 5607 res
1442 5550 1548 5608 Sancta
1560 5550 1679 5611 atrnltc
1693 5552 1776 5612 datas
1785 5570 1830 5613 rer

150 5643 211 5700 illia
224 5660 275 5701 sua
286 5644 451 5702 Constantia
464 5643 596 5717 precibus
605 5645 728 5703 iratrrrm
737 5648 963 5718 commendarit,
1014 5647 1138 5720 gradiar.

83 5766 86 5769 ·
150 5738 259 5812 eisque,
281 5738 353 5795 datis
376 5738 549 5812 sumptibus,
569 5739 714 5809 lapideum
737 5741 897 5810 tricorium,
913 5742 964 5800 ubi
1049 5740 1186 5799 liedulfus
1208 5739 1275 5804 tiro,
1298 5738 1372 5796 lilius
1395 5738 1828 5811 aspernamentum
