3750 6046
152 189 219 245 11115
837 186 976 244 1111111111
994 186 1028 243 tv
1047 184 1144 242 PAPAE
1765 188 1832 243 1516

148 313 308 385 Anglorum
324 311 410 366 situm
423 316 475 377 est,
489 311 608 383 ejusque
622 311 832 367 successoribus
845 311 961 383 regula·
973 326 1000 400 Α
1012 311 1069 367 rint
1079 311 1255 384 eligendum.
1269 311 1310 367 td
1324 312 1385 368 haec
1401 311 1619 384 dispositionem
1632 313 1727 381 illam,
1743 328 1832 385 quam

150 407 220 462 riter
233 405 446 472 substituendis,
463 404 493 459 iu
509 411 692 476 perpetuum.
1013 404 1096 460 bonae
1112 405 1314 461 recordationis
1333 406 1468 460 ilenricus
1487 406 1644 478 imperator
1658 410 1784 479 quartus
1800 407 1835 462 de

185 499 322 553 Eliectum
350 499 429 569 justa
460 498 668 570 postulantibus
698 498 856 570 indulgere,
882 500 964 569 vigor
1014 500 1180 555 monasterii
1203 499 1288 555 vestri
1314 499 1445 555 libertate
1475 503 1505 554 et
1525 500 1655 557 advocati
1688 500 1836 557 electione

149 592 293 664 requitatis
306 595 335 647 et
351 591 422 647 ordo
437 591 525 662 erigit
537 591 664 656 rationis,
676 594 834 664 praesertim
849 593 963 665 quando
1013 592 1169 662 constituit,
1183 595 1213 647 ct
1227 591 1316 647 salicis
1330 592 1477 647 memoriae
1490 610 1565 666 papa
1577 594 1768 649 Innocentius
1784 610 1835 650 suo

149 686 310 758 petentium
325 685 502 740 voluntatem
512 688 546 740 'et
565 687 655 757 pietas
677 687 801 757 urbevet,
817 691 846 741 ct
859 685 964 741 veritas
1013 685 1162 757 privilegio
1178 685 1366 756 confirmavit,
1382 703 1435 741 nos
1447 687 1609 758 apostolicae
1622 688 1699 743 sedis
1714 689 1837 743 auctori·

149 795 206 834 non
230 779 375 851 relinquit.
400 780 569 850 Eapropter‚
594 779 698 834 dilecte
723 779 752 833 in
778 779 898 834 Domino
924 778 962 833 iili
1012 783 1069 833 tate
1083 778 1242 849 firmamus,
1258 785 1289 834 ut
1306 779 1436 834 videlicet
1451 781 1538 835 abbas
1556 797 1622 837 cum
1639 781 1763 837 consilio
1777 783 1831 836 tra·

148 873 277 928 Frowine
291 872 389 939 abbas,
404 872 460 928 tuis
476 871 560 943 justis
575 872 814 944 postulationibus
835 873 962 927 clemen·
1014 877 1089 927 trum
1104 889 1223 928 suorum
1238 873 1337 928 utilem
1350 874 1438 945 eligat
1445 873 1625 943 advocatum,
1639 874 1691 947 qui
1706 892 1768 930 nou
1783 891 1833 947 pre

148 970 193 1021 ter
207 967 371 1036 annuimus,
387 971 415 1020 et
428 965 580 1037 prelatum
596 967 814 1031 monasterium,
831 966 888 1035 cui,
907 968 963 1022 lieo
1013 970 1127 1022 terreno
1137 966 1298 1032 commodo,
1309 966 1359 1021 sed
1373 983 1425 1038 pro
1435 967 1482 1022 bei
1495 985 1593 1023 amore
1604 971 1633 1023 ct
1648 974 1834 1039 peccatorum

147 1066 273 1130 auctore,
290 1075 410 1131 praeesse
424 1059 611 1131 dignosceris,
624 1060 675 1115 sub
690 1062 720 1114 B.
735 1060 810 1116 Petri
825 1065 853 1115 et
867 1063 963 1115 nostra
989 1055 991 1059 ⁴
1012 1075 1128 1114 suorum
1143 1061 1225 1116 venia
1238 1060 1414 1116 advocatiam
1423 1061 1514 1132 ipsam
1525 1061 1599 1117 bene
1614 1061 1723 1117 hahere
1735 1063 1831 1133 cupiat

78 1168 84 1177 ’
148 1153 326 1225 protectione
340 1153 509 1225 suscipimus
522 1159 551 1209 et
570 1154 717 1224 praesentis
732 1154 831 1227 scripti
851 1154 964 1226 privile·
1012 1158 1040 1208 et
1053 1158 1181 1222 tractare,
1192 1157 1375 1226 etnunquam
1386 1154 1567 1210 haereditario
1576 1155 1643 1226 jure
1660 1155 1691 1210 in
1703 1155 1831 1228 aliquam

148 1248 194 1320 gio
216 1247 439 1303 communimus.
455 1250 616 1302 statuentes
639 1250 670 1301 ut
690 1263 875 1319 quascunque
896 1265 963 1321 pos·
1011 1248 1169 1320 perveniat.
1185 1248 1211 1304 Si
1225 1251 1321 1303 autem
1332 1248 1521 1303 calumniator
1535 1249 1629 1320 potius
1645 1265 1737 1320 quam
1748 1248 1833 1303 adro·

146 1343 295 1408 sessiones,
311 1358 488 1414 quecunque
501 1341 577 1397 hona
595 1340 671 1396 idem
689 1344 896 1398 monasterium
918 1346 961 1402 in·
1012 1346 1091 1396 catus
1107 1342 1241 1410 existens,
1257 1342 1330 1396 bona
1349 1343 1516 1397 monasterii
1538 1344 1710 1413 pervaserit,
1729 1345 1760 1397 et
1773 1359 1829 1398 nou

146 1436 370 1507 praesentiarum
380 1435 456 1506 juste
471 1441 499 1491 ct
511 1435 646 1490 canonice
662 1435 797 1507 possidet,
814 1438 906 1493 autin
920 1440 963 1495 iu·
1010 1435 1104 1506 magis
1119 1453 1154 1491 aa
1166 1435 1337 1503 defenderit,
1354 1442 1383 1491 et
1404 1435 1490 1491 semel
1509 1452 1541 1490 ac
1562 1437 1689 1492 secundo
1711 1436 1829 1492 tertione

145 1534 243 1585 turum
258 1527 630 1600 concessionepontisscum,
644 1529 798 1600 largitione
809 1547 909 1602 regum
919 1535 960 1589 vel
1011 1529 1202 1584 commonitus
1216 1546 1272 1584 non
1287 1530 1493 1597 emendaverit,
1508 1528 1597 1584 abbas
1615 1529 1725 1584 habeut
1738 1530 1826 1585 iacul-

146 1623 319 1695 principum,
334 1622 477 1677 oblatione
492 1622 630 1689 fidelium,
644 1638 695 1677 seu
711 1621 774 1677 aliis
792 1625 877 1694 justis
896 1643 960 1683 me·
1011 1626 1101 1677 tatem
1112 1622 1301 1678 cumconsilio
1312 1624 1432 1678 fratrum
1445 1639 1561 1678 suorum
1575 1621 1668 1677 alium
1683 1622 1827 1678 utiliorem

146 1716 199 1783 dis,
217 1718 273 1771 [leo
284 1716 415 1788 propitio,
430 1715 535 1788 poterit
551 1716 679 1786 adipisci,
693 1716 837 1773 firmatihi
847 1719 959 1792 tuisque
970 1716 998 1788 B
1009 1715 1063 1770 sihi
1077 1714 1246 1771 advocatum
1264 1720 1400 1772 statuere.
1414 1715 1457 1771 sd
1472 1716 1609 1771 indicium
1625 1721 1729 1771 autem
1744 1717 1826 1786 hujus

146 1809 354 1865 successoribus
363 1814 392 1864 et
406 1809 514 1865 illibata
526 1817 721 1881 permaneant.
737 1812 768 1865 ln
780 1812 884 1883 quibus
899 1815 960 1870 hec
1009 1824 1026 1864 a
1046 1808 1112 1864 sede
1133 1810 1288 1881 apostolica
1311 1815 1454 1881 perceptae
1478 1810 1607 1864 tuitionis
1628 1812 1661 1864 et
1676 1809 1825 1877 libertatis,

144 1904 269 1976 propriis
280 1904 414 1959 duximus
429 1902 617 1974 exprimenda
627 1904 791 1959 nominibus
805 1923 812 1960 ι
1008 1919 1100 1957 ιιιιιιιιι
1114 1919 1234 1958 aureum
1250 1903 1333 1959 nohis
1349 1904 1510 1975 nostrisque
1520 1903 1735 1959 successoribus
1749 1906 1829 1959 anuis

180 1998 331 2053 Ecclesiam
347 1999 382 2053 de
396 1997 525 2063 Stannes,
539 1997 687 2052 ecclesiam
703 1999 738 2053 de
752 2000 879 2057 buoches
893 2018 959 2059 eum
1009 1996 1130 2068 siugulis
1142 1997 1317 2068 persolvetis.

145 2093 279 2148 omnibus
303 2090 485 2162 pertinentiis
507 2090 574 2144 suis.
592 2093 665 2146 Sane
681 2093 826 2148 novalium
850 2100 959 2152 vestro·
1043 2090 1304 2162 Decernimusergo
1319 2094 1350 2145 ut
1364 2090 1435 2146 nulli
1448 2091 1564 2146 omnino
1574 2090 1735 2147 hominum
1748 2091 1828 2147 liceat

144 2201 209 2241 rum
224 2200 288 2257 quea
313 2183 437 2255 propriis
459 2183 592 2238 manibus
611 2189 661 2239 aut
675 2187 836 2257 sumptibus
855 2188 957 2259 colitis,
1008 2184 1160 2256 prelatum
1171 2184 1377 2240 monasterium
1392 2191 1500 2240 temere
1514 2184 1827 2257 perturbare,autejns

144 2278 201 2334 sive
224 2278 259 2333 de
284 2276 469 2332 nutrimentis
489 2275 658 2332 animalium
681 2284 848 2351 vestrorum,
865 2284 959 2338 nullus
1008 2278 1197 2350 possessiones
1210 2279 1333 2344 auterre,
1350 2279 1395 2334 rel
1411 2279 1519 2334 ablatas
1532 2279 1674 2346 retinere,
1685 2279 1827 2348 minuere,

144 2372 262 2427 omnino
285 2387 302 2426 a
322 2369 401 2424 vobis
422 2370 547 2425 decimas
560 2370 676 2442 erigere
702 2381 866 2444 praesumat.
882 2378 955 2431 rre-
1008 2375 1059 2426 aut
1070 2371 1211 2443 aliquibus
1226 2373 1419 2427 vexationibus
1432 2373 1564 2444 fatigare,
1580 2373 1631 2427 sed
1645 2373 1750 2428 omuia
1764 2374 1828 2428 iute-

143 2471 224 2522 terea
236 2464 265 2519 iu
284 2463 493 2536 parochialibus
515 2464 648 2533 eeclesiis,
664 2482 736 2537 quas
747 2469 861 2535 tenetis,
875 2469 959 2525 liceat
1008 2481 1059 2537 gra
1073 2471 1221 2520 serventur
1235 2482 1337 2521 eorum
1351 2483 1401 2538 pro
1421 2482 1543 2538 quorum
1566 2466 1786 2538 gubernatione
1800 2470 1826 2521 et

105 2634 108 2639 Ι
144 2558 223 2614 robis
236 2559 297 2614 sine
322 2558 441 2629 alicujus
454 2557 679 2614 contradictione
694 2560 811 2617 idoneos
826 2563 956 2618 sacerdo·
1007 2559 1210 2614 sustentatione
1221 2576 1352 2616 concessa
1366 2566 1441 2628 sunt,
1459 2560 1555 2615 usibus
1565 2560 1749 2615 omnimodis
1762 2578 1825 2632 pro-

144 2657 186 2710 tes
204 2654 319 2725 eligere,
334 2658 363 2707 et
384 2652 489 2707 electos
509 2652 668 2708 dioeccsano
688 2655 820 2728 episcopo
835 2673 956 2729 praesen-
1006 2651 1114 2719 lutura,
1128 2653 1203 2707 salva
1214 2651 1288 2707 sedis
1301 2653 1461 2725 apostolicae
1481 2653 1654 2708 auctoritate
1670 2658 1701 2709 et
1721 2653 1821 2709 dicece-

28 2772 34 2789 =
143 2754 222 2804 tare:
240 2747 353 2818 quibus,
365 2745 387 2800 si
401 2746 621 2813 idoneilnerint,
636 2748 786 2820 episcopus
794 2750 957 2806 animarum
1008 2762 1144 2801 sanorum
1160 2746 1360 2818 episcoporum
1375 2746 1511 2802 canonica
1520 2746 1646 2817 justitia.

143 2858 240 2899 curam
267 2840 436 2907 committat,
452 2843 482 2893 ut
506 2840 540 2895 de
559 2840 650 2910 plebis
670 2841 788 2912 quidem
810 2860 876 2899 cura
895 2845 956 2916 epi·
1043 2840 1071 2895 Si
1085 2856 1141 2911 qua
1155 2839 1251 2911 igitur,
1268 2847 1322 2895 etc.

144 2952 230 3007 scopo
243 2934 383 2989 rationem
397 2932 527 3000 reddant,
544 2933 623 2987 vobis
635 2939 730 2989 autem
746 2935 781 2990 de
795 2937 958 3009 temporali·
1042 2935 1101 3005 Ego
1116 2933 1254 2988 Adrianus
1266 2933 1415 3006 episcopus
1428 2934 1574 2989 catholicae
1586 2933 1739 2992 Ecclesiae.

143 3030 197 3085 bus
217 3028 251 3082 od
274 3026 353 3082 idem
375 3026 581 3080 monasterium
605 3027 813 3097 pertinentibus
833 3030 956 3085 debitam
1042 3029 1101 3098 Ego
1116 3028 1271 3098 Gregorius
1284 3027 1445 3082 Sabinensis
1459 3028 1621 3099 episeopus.

143 3121 352 3194 subjectionem
363 3119 956 3195 exnibeantaetheeedjicteutesjusquod
1043 3122 1100 3192 Ego
1125 3121 1287 3177 llanlrsdus
1307 3121 1456 3193 presbyter
1479 3121 1631 3176 cardinalis
1654 3123 1701 3177 tit.
1729 3122 1758 3179 S.
1778 3124 1821 3178 Sa·

143 3219 174 3272 in
189 3214 311 3271 decimis
324 3212 504 3284 accipiendis,
519 3216 547 3268 et
559 3219 661 3269 catera
674 3232 738 3286 quie
750 3217 915 3272 oudalricus
928 3221 958 3273 et
1006 3213 1093 3269 binae.

144 3313 324 3367 hermannus
338 3307 565 3364 constantienses
579 3308 703 3379 episcopi
712 3311 887 3366 monasterio
897 3328 957 3366 ves·
1042 3309 1100 3379 Ego
1113 3310 1126 3363 J
1130 3307 1203 3363 nlius
1216 3307 1362 3380 presbyter
1375 3307 1510 3363 cardinal.
1527 3308 1570 3364 tit.
1585 3308 1617 3365 S.
1631 3309 1769 3365 llareelli.

143 3409 189 3461 tro
208 3402 379 3459 concessisse
400 3406 428 3457 et
442 3402 622 3457 confirmasse
634 3407 792 3459 noscuntur
805 3403 883 3460 vohis
895 3422 958 3460 auc·
1046 3402 1102 3473 Ego
1117 3401 1262 3457 ilnbaldus
1275 3402 1369 3473 presb.
1385 3402 1462 3457 card.
1477 3403 1522 3459 tit.
1541 3402 1569 3458 S.
1583 3403 1688 3458 Crucis
1701 3404 1733 3458 in
1744 3405 1817 3460 Jeru-

145 3499 260 3556 toritate
291 3495 447 3568 apostolica
478 3496 690 3553 confirmamus.
715 3498 846 3553 curisme
869 3515 955 3569 vero,
1007 3495 1107 3551 salem.

145 3595 241 3651 oleum
255 3595 395 3656 sanetum,
409 3589 635 3646 consecrationes
646 3590 778 3646 altarium
793 3609 841 3647 seu
860 3592 955 3649 basili·
1043 3590 1102 3661 Ego
1117 3589 1288 3645 Octavianus
1301 3589 1395 3661 presb.
1410 3589 1487 3646 card.
1502 3591 1546 3646 tit.
1560 3592 1590 3646 S.
1606 3591 1742 3647 Caeciliae.

143 3701 252 3754 earum,
267 3683 459 3739 ordinationes
471 3683 674 3739 monachorum
687 3688 844 3741 vestrorum
857 3686 908 3758 qui
921 3686 956 3741 ad
1043 3686 1102 3755 Ego
1125 3685 1266 3739 Gerendus
1286 3685 1381 3757 presb.
1408 3685 1483 3740 card.
1507 3685 1550 3741 tit.
1571 3684 1602 3740 S.
1628 3685 1769 3757 Stephani
1793 3686 1818 3739 iu

145 3796 239 3837 sacros
252 3777 365 3833 ordines
375 3776 482 3831 luerim
494 3777 688 3848 promovendi,
703 3783 730 3834 et
743 3781 887 3835 ceteraad
901 3780 958 3852 epi·
1007 3778 1093 3834 Culio
1108 3783 1215 3833 monte.

142 3872 258 3946 scopale
281 3870 408 3926 osticium
432 3870 606 3941 pertinentia
629 3888 645 3925 a
667 3872 876 3928 constantiensi
896 3873 955 3946 epti·
1042 3873 1102 3941 Ego
1134 3871 1270 3926 ilenricus
1300 3871 1393 3943 presb.
1428 3871 1506 3927 card.
1539 3871 1583 3927 tit.
1611 3872 1660 3929 SS.
1690 3872 1771 3929 Nerei
1794 3876 1819 3927 et

143 3984 241 4039 scope,
264 3966 293 4019 iu
317 3965 398 4035 cujus
420 3962 531 4018 diaecesi
546 3964 622 4030 estis,
643 3964 797 4036 accipietis,
814 3966 955 4038 siquidem
1006 3965 1136 4022 Achillei.

147 4057 411 4124 catholicusluerit‚
425 4062 453 4111 et
474 4057 595 4127 gratiam
617 4063 702 4129 atque
722 4061 956 4116 communionem
1041 4062 1101 4132 Ego
1126 4060 1309 4117 ildebrandus
1322 4059 1417 4132 presb.
1440 4059 1516 4115 eard.
1538 4058 1664 4115 Basilicas
1685 4060 1731 4116 Xli
1753 4062 1819 4132 lpo-

142 4153 302 4227 apostolieee
316 4150 388 4206 sedis
404 4150 543 4217 habuerit,
558 4153 587 4205 et
600 4167 632 4206 ea
647 4152 736 4222 gratis
756 4169 790 4208 ac
809 4154 870 4209 sine
888 4171 953 4226 pra-
1005 4156 1152 4210 stolorum.

142 4249 226 4303 vitate
240 4246 317 4301 vobis
330 4244 454 4299 voluerit
467 4244 619 4314 exhibere,
635 4245 761 4318 alioquin
776 4246 860 4302 liceat
874 4249 954 4303 vobis
1040 4250 1099 4320 Ego
1114 4246 1174 4303 0do
1187 4247 1324 4304 diaconus
1336 4246 1485 4303 cardinalis
1498 4247 1526 4303 S.
1541 4247 1658 4320 Georgii
1673 4250 1709 4307 ad
1725 4250 1817 4304 velum

141 4341 312 4398 catholicum
327 4355 413 4411 quem
426 4337 584 4393 malueritis
598 4337 677 4393 adire
690 4338 861 4409 antistitem,
877 4348 906 4397 et
918 4341 953 4397 ab
1003 4345 1138 4397 Aureum.

142 4441 176 4492 eo'
187 4434 434 4491 consecrationum
443 4438 618 4486 sacramenta
632 4433 789 4504 percipere,
802 4435 849 4504 qui
859 4441 993 4525 nostran
1040 4437 1099 4507 Ego
1116 4435 1189 4491 Boho
1202 4434 1274 4490 diac.
1289 4434 1336 4491 SS.
1352 4435 1461 4490 Cosmee
1475 4441 1505 4491 et
1517 4435 1665 4492 Damiani.

142 4531 256 4587 fulcitus
270 4527 449 4593 auctoritate,
465 4525 540 4597 quod
557 4527 721 4596 postulatur
733 4527 889 4599 indulgeat.
904 4533 951 4586 Se-
1040 4532 1100 4602 Ego
1111 4529 1244 4584 albertus
1257 4527 1331 4583 diac.
1346 4528 1423 4582 eard.
1438 4528 1467 4584 S.
1483 4525 1615 4584 adriani.

142 4625 286 4698 pulturam
300 4635 413 4692 quoquc
431 4618 518 4690 ipsius
536 4618 588 4672 loci
608 4619 728 4674 omnino
750 4620 871 4676 liberam
891 4640 953 4678 esse
1039 4625 1140 4679 Datum
1156 4623 1296 4689 Laterani,
1312 4638 1490 4694 permanum
1506 4622 1638 4691 Rolandi,
1655 4628 1763 4679 sanctae
1772 4625 1819 4679 lio

141 4715 295 4782 sancimus,
311 4717 454 4768 uteorum
470 4711 563 4784 quise
578 4711 635 4766 illic
651 4713 764 4784 sepeliri
777 4714 952 4772 deliberare·
1003 4733 1096 4773 mane
1109 4716 1242 4771 Ecclesia
1259 4715 1417 4788 presbytcri
1430 4715 1581 4770 cardinalis
1594 4722 1625 4770 et
1646 4717 1818 4785 cancellarii,

141 4812 210 4882 rint,
223 4807 366 4865 devotioni
385 4809 414 4861 et
428 4812 564 4860 extreme
580 4806 727 4875 voluntati,
744 4808 798 4862 nisi
818 4809 889 4866 forte
902 4827 952 4885 er·
1003 4827 1031 4866 vr
1046 4810 1111 4867 ldus
1122 4812 1134 4866 J
1140 4811 1210 4879 unii,
1227 4809 1382 4865 indictione
1399 4826 1424 4876 r,
1439 4809 1651 4867 incarnationis
1668 4812 1819 4868 Domiaictc

141 4901 344 4963 communicati
369 4900 412 4954 vel
439 4898 583 4954 interdicti
612 4899 677 4969 siut,
703 4901 800 4956 nullus
824 4902 952 4975 obsistat,
1004 4923 1080 4961 anno
1096 4908 1173 4973 tttit,
1192 4903 1371 4976 pontificatus
1385 4920 1449 4960 vero
1474 4900 1574 4960 domui
1595 4904 1720 4962 Adriani
1743 4921 1819 4980 pape

141 5000 327 5057 salvatamen
337 4993 449 5066 justitia
463 4991 587 5047 matricis
600 4992 732 5049 ecclesiae.
748 4994 844 5051 liceat
855 5004 952 5053 autem
1002 5001 1037 5057 tv
1048 5014 1123 5054 anuo
1136 5015 1174 5055 nr.

142 5092 222 5149 vobis
235 5089 352 5147 clericos
367 5106 384 5143 a
399 5087 502 5143 seculo
516 5085 668 5158 lugientes,
682 5088 726 5144 vel
739 5088 826 5145 laicos
837 5090 952 5162 liberos,
1340 5090 1482 5148 cxxxvtt.

142 5187 197 5243 nisi
218 5181 457 5241 excommunicati
478 5182 546 5251 siut,
562 5180 669 5253 absque
688 5183 774 5237 ullius
792 5186 952 5243 contradic·
1001 5197 1048 5256 ,qd
1060 5197 1205 5252 nmmum
1230 5194 1393 5253 Grademm
1411 5196 1612 5266 patriarcham,
1641 5228 1679 5239 -
1701 5200 1820 5255 parm

141 5281 221 5336 tione
235 5279 271 5334 ad
290 5277 507 5334 conversionem
528 5275 681 5348 suscipere.
694 5275 823 5334 Obeunte
839 5294 906 5335 vero
923 5283 952 5336 te
1038 5279 1141 5333 abolent
1161 5277 1324 5347 dipnitotem
1349 5278 1501 5346 mnttrmot,
1522 5281 1549 5331 et
1566 5278 1727 5348 primatum
1745 5293 1821 5349 saper

141 5388 218 5430 nunc
231 5371 362 5444 ejusdem
376 5371 431 5427 loci
444 5369 557 5441 abbate,
570 5370 614 5425 vel
625 5374 742 5427 tuorum
753 5371 880 5443 quolibet
893 5390 953 5430 suc·
1037 5357 1495 5427 11141111111111111111111110111111111·

141 5483 298 5536 cesseram,
322 5466 417 5521 nullm
436 5464 477 5520 ibi
495 5463 622 5537 quelibet
644 5464 833 5537 subreptionis
851 5469 954 5524 astutia
1259 5449 1410 5521 1111111111,
1424 5448 1489 5504 11111·
1503 5448 1561 5521 31)

140 5560 278 5619 violentia
290 5564 484 5633 preponatur,
497 5558 553 5616 uisi
574 5574 661 5631 quem
682 5560 784 5616 iratres
804 5562 954 5619 communi
1213 5542 1321 5619 11111111,
1334 5542 1448 5612 ‘Mle
1458 5543 1524 5613 1111,
1538 5542 1617 5615 822·]

141 5671 291 5726 consensu,
306 5654 352 5711 vel
365 5652 485 5711 iratrum
501 5670 569 5728 pars
587 5653 699 5712 conatii
714 5654 838 5713 sanioris
850 5672 953 5713 mouu-
1038 5660 1178 5717 mausus
1200 5652 1360 5729 episeopus,
1376 5670 1475 5711 servm
1489 5670 1644 5713 umorum
1662 5656 1727 5727 bei,
1739 5672 1818 5715 reue

128 5750 202 5811 dom
215 5748 270 5809 Dei
284 5748 420 5811 timorem
435 5753 466 5808 et
476 5747 507 5807 S.
523 5747 667 5807 &aedisti
675 5749 815 5825 Regulam
824 5749 955 5825 provido·
1002 5749 1088 5808 rabili
1106 5749 1188 5808 tratri
1210 5751 1330 5809 Hanmco
1349 5748 1489 5807 Gradensi
1508 5748 1696 5825 patriarcha,
1705 5750 1819 5829 eiusque
