3750 6046
95 222 98 227 -
138 181 186 237 aar
429 226 432 231 .
822 184 984 242 euaserat
1002 184 1131 241 verutis
1771 180 1817 239 ⁸³2

137 311 192 365 tim
213 308 308 379 retuli,
324 326 341 365 a
355 308 437 366 Balad
467 316 565 385 eaptus
587 317 636 368 est.
660 315 834 386 Imperatore
858 316 956 368 autem
968 315 1177 402 AFestincater
1189 311 1225 367 od
1239 316 1299 366 toas
1312 311 1432 365 cobortes
1455 306 1525 365 aude
1545 304 1758 379 agminibusque
1781 322 1820 363 ora

137 403 234 459 Alexio
250 410 314 476 post
341 404 427 461 breve
450 411 561 478 tempus
584 407 729 477 defuncto,
752 409 876 463 loannes
901 408 954 462 im·
1008 408 1110 463 dirutis
1124 407 1211 462 testes
1225 405 1379 474 aggredere,
1394 406 1570 476 patriamque
1583 404 1662 457 tutem
1679 402 1819 473 inmaniter

25 506 31 521 ⁴
136 503 253 573 perator
280 500 369 555 lactus
401 504 452 556 est.
482 502 561 557 Unde
582 501 610 556 in
636 504 679 557 tot
699 502 955 574 permutationibus
1004 502 1119 569 defende
1127 518 1136 571 ;
1151 500 1198 555 ille
1211 515 1268 554 non
1286 496 1436 572 acquievit,
1449 497 1501 552 sed
1514 494 1589 552 mori
1614 495 1710 569 magis
1736 511 1818 567 qaam

135 595 262 669 prefate
288 595 474 666 copulationis
498 596 669 667 praeparatio
687 596 801 668 penitus
821 596 955 653 frustrata
1003 596 1104 667 fugere
1123 592 1361 650 commilitonibus
1384 591 1505 660 amissis,
1525 591 1625 663 elegit.
1646 590 1697 647 Sic
1713 589 1818 646 imber·

138 692 190 745 est.
1004 690 1048 745 bis
1060 690 1226 745 adolescens
1241 692 1342 743 eontra
1362 686 1529 741 innumeros
1552 700 1658 741 manus
1672 683 1782 753 levavit,
1793 690 1820 741 et

173 783 312 840 Generosa
325 782 446 855 Philippi
462 783 633 838 Francorum
648 783 723 855 regis
743 784 863 853 soboles,
880 786 952 841 Con·
1004 784 1157 840 innomine
1166 781 1269 841 Christi
1289 780 1437 849 dimicans,
1458 784 1621 836 extremam
1640 784 1752 834 sortem
1763 795 1817 834 sus-

137 877 416 934 stantiaBuamuudo
429 877 743 950 filiumpeperit‚quem
757 880 831 951 apud
848 882 952 935 Taren·
1004 880 1088 950 cepit.
1105 877 1188 933 Pauci
1210 892 1286 944 vero,
1314 875 1363 946 qui
1391 874 1508 930 evadere
1533 875 1677 945 poteraut,
1700 875 1822 927 transsa-

138 975 201 1027 tum
233 973 260 1027 in
288 971 370 1027 ltalia
396 971 548 1043 diligenter
575 972 714 1042 educavit,
743 980 769 1028 et
802 990 888 1045 usque
917 974 953 1029 ad
1004 974 1069 1029 dato
1082 972 1237 1043 Euphrate,
1252 969 1377 1040 collegas
1390 967 1576 1040 repetierunt,
1599 965 1679 1021 diros
1697 982 1822 1022 rumores

137 1065 294 1136 pubertatis
308 1082 399 1121 aevum
413 1069 543 1120 materno
559 1083 638 1122 more
654 1073 849 1138 competenter
862 1073 951 1124 custo·
1003 1067 1039 1123 de
1062 1065 1211 1121 interfecto
1235 1063 1305 1119 duee
1329 1062 1421 1118 moesti
1445 1061 1619 1127 retulerunt,
1639 1061 1671 1115 ot
1694 1060 1823 1132 protinus

137 1159 216 1214 divit.
232 1159 415 1215 buamundus
426 1164 534 1230 autem,
544 1177 618 1232 puer
628 1161 822 1217 bonaeindolis
834 1161 954 1217 feliciter
1003 1176 1102 1217 omnes
1117 1159 1152 1214 ad
1165 1158 1272 1231 oppida
1281 1156 1444 1229 conglobali
1465 1158 1651 1225 secesserunt,
1679 1157 1823 1229 totamque

138 1254 234 1322 erevit,
250 1258 289 1322 ct,
311 1260 341 1309 ut
361 1270 449 1309 annos
470 1255 668 1311 adolescentiae
690 1256 794 1328 attigit,
820 1256 952 1312 militaria
1003 1253 1179 1328 provinciam
1213 1258 1313 1309 contra
1332 1250 1475 1306 .Ethnicos
1503 1254 1619 1306 strenue
1645 1248 1822 1306 munierunt.

136 1347 233 1403 multis
264 1347 455 1420 gaudentibus
489 1364 568 1403 arma
604 1350 736 1423 sumpsit.
765 1351 856 1405 Patris
887 1368 952 1407 vero
1004 1348 1155 1404 balduinus
1181 1350 1289 1415 autem,
1310 1362 1361 1402 rex
1374 1344 1633 1417 ierosolymorum,
1648 1350 1682 1399 ut
1705 1350 1824 1401 mortem

136 1441 180 1497 sui
196 1441 345 1497 audaciam
357 1448 384 1497 et
400 1459 495 1497 mores
509 1444 660 1498 aemulatus
673 1443 778 1499 imitari
793 1445 909 1512 studuit,
924 1449 952 1500 et
1003 1442 1101 1514 generi
1114 1441 1156 1496 sui
1185 1440 1303 1508 audivit,
1317 1440 1348 1495 in
1361 1438 1473 1511 Syriam
1495 1453 1562 1493 eum
1574 1436 1668 1509 copiis
1684 1437 1745 1493 suis
1756 1454 1822 1494 cou-

137 1535 313 1590 multimodae
327 1535 474 1607 probitatis
486 1552 518 1590 ac
531 1536 686 1592 honestatis
697 1538 851 1608 specimine
863 1537 950 1593 subli-
1004 1538 1049 1591 tra
1071 1538 1200 1607 Paganos
1232 1533 1384 1589 festinavit.
1405 1533 1527 1587 Porroa
1557 1528 1694 1587 fidelibus
1721 1530 1824 1587 ibidem

138 1628 198 1682 mia
210 1628 244 1683 de
257 1646 286 1683 se
300 1629 441 1685 intuentes
464 1646 578 1701 sperare
598 1631 738 1702 permisit.
751 1634 813 1686 llrec
841 1637 872 1685 ut
892 1636 950 1688 An·
1004 1635 1160 1701 susceptus,
1175 1629 1323 1700 regionem
1338 1631 1426 1682 totam
1440 1625 1470 1681 in
1482 1625 1578 1680 hostes
1599 1624 1776 1693 defensavit,
1799 1630 1826 1680 et

138 1723 273 1792 tiocheni,
287 1724 356 1778 dum
372 1723 526 1779 Balduinus
539 1740 589 1779 rex
610 1726 684 1795 apud
708 1726 870 1797 Carpetram
894 1726 952 1781 fere
964 1704 991 1775 Β
1004 1723 1201 1796 principatum
1214 1720 1370 1779 Antiochiae
1385 1721 1435 1776 diu
1451 1718 1587 1792 possedit,
1603 1719 1697 1774 donec
1714 1720 1825 1775 Fulconi

138 1832 165 1871 vr
178 1816 260 1897 annis
279 1817 308 1871 in
336 1833 447 1872 carcere
470 1818 554 1873 Balad
582 1818 768 1887 detineretur,
790 1819 951 1887 audierunt,
1003 1818 1201 1889 Andagavino,
1223 1816 1377 1872 successori
1391 1831 1452 1882 suo,
1468 1830 1553 1886 quem
1569 1814 1726 1871 haeredem
1751 1814 1823 1869 fece·

137 1910 245 1966 nuntiis
260 1927 334 1983 saepe
348 1911 451 1978 missis,
475 1913 632 1984 genuinum
654 1913 799 1969 haeredem
816 1914 951 1968 accersie-
1003 1915 1058 1982 rat,
1070 1910 1188 1967 dimisit.

136 2009 214 2071 runt,
227 2010 260 2061 ut
271 2021 386 2061 securus
398 2006 428 2060 in
443 2006 552 2077 Syriam
570 2008 777 2076 transfretaret,
794 2010 822 2062 et
837 2008 885 2078 jus
900 2024 951 2078 pa·
1039 2006 1104 2061 ttae
1120 2005 1156 2060 de
1178 2003 1287 2059 casibus
1311 2002 1546 2074 Christianorum,
1570 2003 1622 2073 qui
1642 2018 1698 2074 pre
1721 2002 1825 2059 Christo

138 2099 212 2153 tarni
226 2099 400 2170 principatus
413 2116 479 2155 cum
492 2100 585 2156 favore
596 2100 789 2172 subjectorum
804 2102 951 2173 reciperet.
1003 2100 1068 2155 lesu
1081 2099 1110 2153 in
1123 2098 1237 2154 Oriente
1248 2098 1388 2165 exsulant,
1415 2097 1526 2165 edidici,
1543 2101 1572 2151 et
1599 2097 1784 2169 simpliciter,
1796 2105 1825 2154 ut

137 2193 225 2248 Porro
239 2193 359 2249 sollicita
372 2199 462 2250 mater
481 2211 546 2251 eum
569 2194 696 2262 retinuit,
721 2196 813 2250 donec
835 2212 894 2264 rex,
924 2199 954 2250 ut
1005 2193 1099 2249 abhis
1111 2192 1160 2263 qui
1175 2192 1368 2247 interfuerunt
1383 2190 1490 2258 audivi,
1513 2190 1547 2245 ad
1569 2190 1711 2247 notitiam
1736 2196 1823 2264 poste-

138 2287 339 2359 supradictum
358 2294 410 2356 est,
426 2288 462 2343 de
479 2289 597 2344 vinculis
612 2288 728 2360 prodiit.
752 2290 877 2346 Tandem
893 2290 953 2362 ipse
1005 2303 1104 2343 comm
1120 2287 1212 2342 veraci
1227 2286 1299 2358 stylo
1312 2285 1415 2340 litteris
1429 2284 1578 2355 assignavi.

33 2414 36 2419 -
137 2380 312 2436 voluntatem
332 2382 573 2438 antiochenorum
599 2389 630 2438 ut
643 2384 741 2451 sensit,
757 2384 869 2456 populis
882 2401 954 2455 qno·
1041 2383 1119 2436 Nunc
1137 2384 1234 2435 auteur
1250 2380 1284 2434 ad
1306 2383 1403 2434 nostra
1417 2378 1563 2450 regrediar
1575 2379 1746 2448 referenda,
1764 2397 1822 2451 qua

137 2490 205 2545 que,
220 2475 410 2547 progenitoris
421 2476 482 2547 ejus
496 2477 673 2547 auctoritate,
687 2478 756 2533 illud
769 2478 954 2533 commodum
1005 2475 1186 2548 contigerunt
1207 2475 1234 2529 in
1254 2473 1344 2541 ltalia,
1363 2472 1462 2541 Gallia,
1481 2472 1632 2545 llispauia,
1646 2473 1693 2528 vel
1718 2473 1822 2546 buglis,

136 2567 199 2623 fore
213 2568 373 2637 aestimavit,
393 2570 564 2641 optimatum
585 2573 715 2626 consultu
743 2589 860 2627 suornm
882 2574 953 2627 Bua·
1007 2586 1058 2625 seu
1079 2568 1210 2624 Flandria

136 2661 431 2719 m⁰fld⁰³d010⁵00ssll
452 2662 538 2719 filiam
565 2681 646 2720 Suam
667 2665 779 2733 Obtulit,
795 2683 826 2721 ³⁰
854 2672 884 2722 Ul
906 2684 952 2737 pa·
1004 2688 1069 2742 XVl.
1085 2688 1402 2744 ResinNormunnioct
1426 2685 1493 2739 celibi
1508 2690 1596 2752 qesta.
1612 2685 1777 2742 Guiltclmus
1794 2687 1823 2741 de

137 2756 211 2811 terni
226 2755 500 2829 ducatuslastigium
513 2775 648 2831 prospere
667 2759 774 2815 subiret
799 2761 953 2817 mandavit.
1040 2772 1091 2824 Ros
1124 2768 1312 2823 Fecirnnensts
1345 2766 1436 2820 abbas.
1472 2768 1591 2834 ltoqcrus
1620 2766 1775 2835 baiocensis
1802 2769 1823 2821 ei

136 2850 272 2906 amabilis
288 2851 375 2922 igitur
388 2852 563 2920 adolescens,
586 2853 658 2908 votis
679 2854 809 2909 omnium
826 2871 877 2925 pro
905 2855 954 2909 illo
1041 2849 1166 2903 succedit·
1180 2849 1297 2902 Joassnts
1308 2847 1444 2915 sabiensis
1459 2845 1684 2901 affhldl'affflmt·
1711 2850 1822 2918 Deque-

136 2944 227 2999 Deum
254 2945 470 3016 postulantibus,
495 2962 595 3000 navem
623 2947 746 3016 intravit,
774 2948 956 3003 Antiochiam
1041 2928 1262 2983 mmmmm·

138 3037 341 3107 transfretavit,
357 3038 547 3111 principatum
562 3041 729 3112 patriscum
744 3041 868 3113 tripudio
887 3043 957 3096 mul·
1043 3044 1124 3097 Anno
1150 3039 1185 3096 ab
1212 3039 1408 3094 incarnatione
1431 3037 1541 3093 Domini
1567 3040 1647 3108 lidi,
1671 3037 1821 3095 indictione

137 3137 231 3187 torum
246 3134 361 3205 recepit,
376 3132 521 3205 filiamque
537 3134 612 3205 regis
636 3151 751 3190 uxorem
776 3135 867 3204 duxit,
893 3152 955 3207 quoe
1006 3152 1050 3205 xv,
1066 3135 1203 3190 llenrieus
1226 3151 1276 3188 rex
1302 3133 1468 3203 Anglomrn,
1482 3135 1640 3203 {postquam
1664 3131 1743 3188 bello
1763 3134 1822 3188 lt'or·

138 3227 293 3282 femineam
308 3228 415 3298 prolem
431 3229 457 3282 ei
482 3228 603 3300 peperit.
627 3229 761 3300 Princeps
784 3229 952 3285 constitutus
1006 3229 1157 3284 manniam
1173 3228 1294 3298 subegit,
1311 3243 1386 3297 saepe
1407 3226 1442 3280 ad
1462 3225 1568 3281 curiam
1581 3242 1666 3280 suam
1680 3226 1823 3299 magistra·

137 3320 216 3375 mitis
229 3321 362 3377 omnibus
377 3321 510 3394 subjectis
523 3323 648 3392 exstitit;
668 3323 716 3378 sed
728 3328 826 3378 eontra
852 3323 952 3378 Etlrui-
1005 3328 1050 3378 tus
1064 3321 1162 3393 populi
1183 3321 1322 3388 accersiit,
1340 3336 1454 3392 eosque,
1477 3319 1544 3390 quia
1562 3319 1677 3390 jamdiu
1702 3321 1823 3375 tuurulti·

138 3414 273 3471 cosbella
296 3416 370 3485 iniit,
396 3416 531 3489 brevique
560 3417 699 3488 temporis
729 3417 953 3489 intercapedine,
1004 3417 1100 3508 busoet
1115 3416 1227 3487 guerris
1241 3415 1346 3470 assueti
1360 3415 1483 3480 fuerant,
1500 3413 1659 3485 prudenter
1671 3413 1821 3486 mitigavit,

137 3509 210 3581 proh
224 3509 317 3565 dolorl
342 3510 464 3566 duravit.
490 3511 557 3567 Fere
582 3510 671 3565 tribus
691 3511 772 3566 annis
792 3511 954 3566 dominatus
1004 3515 1032 3566 et
1046 3526 1155 3579 ornnes,
1170 3515 1199 3564 ut
1219 3516 1294 3565 recte
1315 3507 1513 3580 graderentur,
1534 3507 1667 3578 precibus
1682 3508 1821 3580 minisque

136 3608 188 3670 est,
203 3604 397 3675 etrepcntina
423 3610 497 3660 sorte
524 3621 587 3660 cum
612 3603 747 3660 lamentis
773 3604 901 3677 pluribus
922 3622 954 3659 ac
1005 3603 1190 3661 commonuit.

138 3697 251 3753 damnis
265 3698 474 3771 prolapsnsest.
1038 3700 1132 3754 ldense
1161 3697 1306 3765 tannarie,
1335 3696 1450 3752 Falesia
1491 3695 1635 3751 consessio
1670 3713 1821 3767 procerum

173 3790 249 3846 Ortis
263 3792 339 3847 enirn
350 3792 519 3864 quibusdam
528 3793 721 3849 simultatibus
734 3793 808 3847 inter
817 3793 951 3848 Christia-
1004 3808 1101 3848 coram
1113 3808 1181 3864 rege
1187 3792 1251 3859 fuit,
1260 3790 1357 3862 ibique
1365 3790 1532 3858 Rodbertus,
1539 3789 1726 3845 cadomensis
1739 3790 1821 3847 abbas

136 3903 190 3942 nos
202 3885 354 3958 principes,
369 3886 569 3942 Buamunduvn
579 3891 607 3943 ct
620 3888 745 3943 Leonem
756 3888 952 3956 Armenicum,
1004 3887 1099 3942 subita
1111 3885 1282 3957 aegritudine
1292 3901 1453 3957 percussus,
1466 3884 1614 3939 hominem
1630 3884 1717 3940 exivit
1725 3903 1734 3955 ;
1744 3886 1821 3957 cuijus

138 3979 309 4034 damnabilis
339 3979 485 4035 temeritas
512 3981 546 4035 de
568 3984 662 4052 strage
689 3980 819 4035 tidelium
841 3981 953 4052 peperit
1003 3983 1076 4037 vices
1103 3979 1191 4045 Eudo,
1222 3979 1352 4050 ejusdem
1381 3978 1546 4034 monasterii
1574 3978 1745 4048 monachus,
1774 3996 1821 4052 per

138 4072 291 4144 gentilibus
305 4073 430 4128 victoriae
444 4074 590 4145 gaudium.
607 4075 744 4129 Praefatus
765 4079 825 4133 Lco
839 4074 952 4129 Turoldi
1004 4076 1086 4147 plura
1105 4074 1287 4146 postmodum
1300 4074 1389 4128 lustra
1400 4072 1549 4144 supplevit.

139 4167 173 4222 de
185 4166 323 4222 ldontanis
344 4166 501 4235 eratfilius,
525 4174 553 4222 et
574 4168 671 4222 uxoris
685 4168 845 4224 buamundi
861 4184 949 4223 avun-
1038 4170 1131 4224 biensa
1155 4168 1263 4234 lilartio,
1274 4168 1400 4223 itemrex
1413 4166 1564 4222 concilium
1578 4167 1655 4239 apud
1670 4168 1820 4224 lexovium

137 4261 225 4330 culus,
241 4266 437 4333 contraquam
452 4261 655 4332 idemjuvenis
674 4263 827 4318 exercitum
846 4279 950 4335 aggre-
1003 4264 1104 4332 tenuit,
1124 4269 1152 4317 et
1178 4261 1338 4317 necessaria
1366 4260 1499 4331 subjectis
1526 4261 1659 4333 plebibus
1686 4263 1779 4319 edicta
1791 4280 1821 4318 ex

138 4355 225 4428 gavit,
239 4356 309 4410 etin
324 4355 453 4411 hostilem
466 4361 573 4410 terram
588 4355 692 4411 ducere
711 4357 805 4428 coepit.
819 4357 872 4421 eui
886 4372 952 4411 cum
1003 4357 1134 4413 consultu
1161 4359 1361 4428 magnatorum
1396 4355 1514 4426 provide
1541 4355 1646 4427 sanxit,
1677 4363 1706 4413 et
1732 4357 1822 4429 regali

137 4451 174 4506 ad
187 4450 304 4505 fluvium
327 4450 502 4522 Euphratem
526 4451 712 4522 pervenisset,
731 4450 826 4522 ibique
848 4449 1821 4524 castra-1)potestate,sedatisbellorumtempestatibus,lt'eustriam

136 4547 258 4601 metatus
274 4544 383 4612 fuisset,
403 4562 420 4599 a
439 4544 564 4616 quodam
585 4545 723 4600 Armenio
746 4545 852 4599 audivit
874 4544 950 4617 quod
1001 4546 1108 4601 utiliter
1121 4544 1259 4600 edomuit.
1275 4543 1345 4599 lude
1359 4559 1501 4611 remeans,
1516 4543 1682 4600 Guillelmus
1706 4545 1823 4615 deltos,

136 4640 208 4694 amir
220 4639 345 4711 sanguin
361 4656 426 4694 cum
440 4639 552 4711 ingenti
566 4639 708 4711 phalange
729 4641 885 4694 lurcorum
899 4656 948 4712 ap·
1003 4641 1021 4694 F
1024 4638 1198 4694 iscannensis
1212 4638 1313 4693 tertius
1328 4637 1425 4707 abbas,
1437 4637 1594 4709 agrotavit,
1611 4643 1639 4694 ct
1650 4644 1719 4695 ante
1734 4640 1821 4695 linem

135 4733 379 4806 propinquaverit,
403 4740 431 4789 et
449 4734 521 4788 lines
546 4734 770 4789 Christianorum
792 4734 950 4804 irrumpere
1002 4733 1130 4804 ejusdem
1146 4731 1253 4786 mensis
1268 4731 1390 4786 feliciter
1409 4731 1552 4803 migravit.
1579 4732 1630 4787 llic
1653 4734 1822 4790 venerahilis

136 4827 315 4899 disposuerit.
334 4828 505 4897 llleautem,
522 4827 646 4882 ininitio
670 4827 844 4894 incredulus,
865 4827 949 4882 cerli-
1001 4827 1053 4891 vir,
1081 4825 1162 4882 bonis
1182 4825 1309 4880 moribus
1338 4824 1458 4896 pollens,
1483 4824 1664 4882 laudabiliter
1692 4828 1772 4896 vixit,
1796 4832 1823 4883 et

135 4922 266 4977 tudinem
286 4922 328 4976 rei
351 4921 526 4993 perquisivit,
549 4921 668 4992 aliisque
698 4920 869 4976 relatoribus
892 4938 950 4976 non
1002 4922 1156 4976 multarum
1195 4923 1308 4975 nectare
1343 4918 1479 4974 virtutum
1505 4919 1631 4976 imbutus
1656 4936 1673 4975 a
1698 4922 1823 4993 pueritia

135 5016 261 5084 eredens,
277 5020 363 5071 emtus
377 5031 442 5070 suos
463 5015 590 5087 reliquit,
617 5021 645 5070 et
667 5031 733 5069 cum
757 5032 787 5068 ac
797 5015 951 5087 juvenibus
1002 5015 1102 5088 viguit,
1116 5015 1180 5070 etin
1194 5014 1327 5070 clericatu
1341 5030 1372 5069 uc
1384 5014 1556 5070 monachato
1569 5015 1720 5087 speculum
1733 5015 1821 5072 bono·

137 5116 170 5167 ut
187 5112 357 5182 exploraret,
384 5128 471 5183 super
495 5112 636 5167 excelsum
665 5117 796 5166 montem
813 5111 950 5166 ascendit.
1002 5127 1066 5166 rum
1090 5125 1212 5181 operum
1239 5109 1347 5163 mundo
1372 5109 1559 5181 resplenduit.
1576 5109 1733 5166 Praefatum
1760 5128 1823 5168 vere

136 5203 216 5259 Unde
244 5221 281 5258 vrr
303 5204 516 5277 pabulatorum,
539 5205 588 5277 qui
610 5205 819 5278 praecedebant,
844 5211 952 5260 turmas
1004 5203 1270 5260 eoenobiumadbuc
1293 5202 1323 5257 in
1338 5201 1505 5259 monachico
1528 5201 1673 5259 schemate
1694 5205 1821 5277 neophy-

136 5297 292 5369 prospexit.
306 5299 381 5363 Quos
394 5298 601 5371 parvipendens
616 5298 726 5367 invasit,
740 5299 878 5354 acerrime
889 5315 952 5354 con·
1003 5303 1049 5354 tus
1074 5297 1208 5369 suscepit,
1234 5296 1295 5352 fere
1332 5312 1407 5352 xxvu
1427 5295 1509 5351 aunis
1532 5297 1713 5369 gubernavit,
1742 5302 1772 5353 et
1794 5300 1822 5354 in

135 5390 218 5459 flixit,
239 5407 312 5461 pene
330 5408 430 5446 omnes
450 5391 563 5461 eccidit,
580 5408 735 5465 omnesque
754 5407 830 5463 suos,
845 5392 900 5447 nisi
919 5408 953 5449 xx
1003 5392 1102 5448 multis
1115 5392 1192 5446 intus
1209 5396 1238 5445 et
1264 5395 1343 5447 extra
1364 5389 1535 5448 emendavit.
1561 5390 1633 5446 llam
1660 5392 1823 5449 cancellum

135 5484 251 5552 milites,
271 5484 407 5556 perdidit.
436 5486 549 5541 lnterea
577 5485 795 5542 innumerabilis
815 5486 954 5542 exercitus
1003 5485 1254 5554 veterisecclesiae,
1279 5502 1365 5556 quam
1393 5483 1552 5541 llichardus
1573 5484 1631 5540 dux
1655 5491 1820 5542 construxe-

137 5578 324 5650 appropiavit.
335 5578 462 5650 Cumque
472 5579 581 5634 residui
591 5597 726 5636 enormes
737 5586 847 5636 turmas
856 5580 954 5636 adesse
1005 5586 1058 5647 rat,
1070 5579 1184 5651 dejecit,
1201 5585 1229 5635 et
1243 5578 1354 5635 eximie
1370 5578 1588 5651 pulchritudiuis
1611 5595 1701 5653 opere
1714 5580 1745 5636 in
1759 5596 1820 5637 rne-

136 5673 281 5743 vidisseut,
299 5676 328 5728 et
346 5672 569 5728 immoderatum
589 5674 724 5739 tironem,
741 5678 855 5748 stupere
876 5690 956 5731 men·
1004 5673 1059 5729 lius
1075 5673 1231 5741 renovavit,
1251 5677 1336 5745 atque
1356 5672 1387 5728 in
1412 5666 1590 5745 longitudine
1613 5688 1646 5730 ae
1670 5672 1821 5731 latitudine

136 5767 171 5829 tis
192 5784 254 5843 prre
276 5767 375 5826 doloro
401 5766 567 5837 attonitum,
591 5767 784 5839 obsecrarent,
805 5768 952 5827 dieentes:
1006 5768 1140 5828 decenter
1154 5766 1361 5843 augmentavit.
1374 5768 1605 5845 Navemquoque
1618 5766 1757 5841 basilice,
1772 5766 1821 5829 ubi
