3750 6046
147 152 199 210 eu
825 144 986 205 onoumcr
1004 144 1133 204 urruns
1764 144 1810 202 ou
1833 110 1836 115 ’

148 281 289 337 tianorum
320 277 470 351 optimates
499 279 566 333 aute
591 275 725 334 lucanum
749 282 954 346 convenerunt,
967 275 1087 362 Ariani,
1113 275 1168 331 bo'e
1186 271 1327 341 videntes,
1349 275 1426 329 arcta
1451 271 1513 329 loca
1536 260 1811 345 praeoccupaverunt,

148 380 176 430 et
191 390 293 430 aurora
313 373 407 445 prima
427 372 619 443 illucescente,
640 386 743 444 gnaros
765 373 959 445 exploratores
1008 374 1036 425 et
1046 370 1151 424 multas
1165 384 1198 425 ex
1212 367 1252 423 eis
1266 369 1468 439 peremerunt;
1481 366 1619 439 quosdam
1631 370 1728 422 autem
1741 367 1813 422 viros

147 466 357 540 praemiserunt.
387 466 440 532 Qui
470 465 602 522 celeriter
632 469 830 534 revertentes,
853 467 958 523 Turcos
1008 462 1191 518 reduxeruut.
1209 460 1362 518 Castellum
1376 477 1443 517 vero
1457 460 1629 532 praedictum
1650 459 1813 517 Christianis

148 560 256 630 adame,
272 564 300 616 et
320 561 391 616 duas
414 559 543 632 copiosas
564 558 637 615 acies
649 557 852 630 prestratisse,
867 560 957 615 accla-
1008 555 1192 628 subjugatum
1207 555 1401 611 reddiderunt.
1418 553 1518 610 Franci
1541 569 1655 626 qnoque
1680 554 1711 609 in
1730 555 1815 609 castra

149 655 307 710 manarunt.
328 652 466 709 Viderunt
487 651 563 709 enim
583 667 640 720 eos,
663 667 698 707 ex
721 652 810 708 altere
831 651 959 709 fluminis
1008 653 1125 705 centum
1138 649 1460 723 capitaperemptarnm
1483 647 1654 718 retulerunt,
1669 647 1705 703 ad
1720 663 1815 703 conso-

35 766 37 771 ·
149 748 213 819 ripa
236 746 436 803 accelerantes.
463 746 541 801 Tunc
571 744 795 801 Christianorum
827 761 960 817 proceres
1008 743 1143 799 lationem
1165 758 1291 812 suorum,
1310 746 1338 799 et
1357 742 1393 798 ad
1414 742 1609 798 deiectionem
1626 742 1816 798 obsessorum.

149 839 235 898 locuti
256 846 322 897 suut
342 840 377 895 de
393 840 468 895 bello
490 837 658 908 ordinanda,
672 841 702 894 et
722 838 870 911 negotium
889 839 958 896 illud
1009 838 1072 892 ltac
1084 835 1328 893 amniavideruut
1348 835 1434 908 legati
1448 835 1624 891 admirabilis
1644 835 1817 907 Babylonia,

150 935 353 991 commiserunt
383 932 559 988 Buamundo.
591 931 736 988 ordinata
767 937 833 989 suut
862 933 958 1006 itaque
1009 931 1136 1003 quituuc
1150 930 1253 986 fortes
1272 929 1425 1003 Babylonia
1443 929 1478 984 ad
1497 945 1546 986 eos
1565 929 1656 997 missi,
1672 929 1755 1002 juxta
1772 945 1819 985 aas

150 1046 199 1084 sex
217 1029 301 1083 acies.
315 1027 447 1098 Quinque
463 1043 499 1082 ex
516 1025 571 1082 illis
590 1030 871 1099 processeruntque
889 1027 959 1083 belli
1009 1024 1067 1079 suis
1086 1023 1270 1079 morabantur
1290 1022 1321 1077 in
1345 1022 1484 1078 tentoriis.
1511 1022 1554 1078 llli
1577 1027 1688 1089 autem,
1711 1023 1763 1095 qui
1790 1023 1818 1077 in

149 1122 261 1196 pondus
276 1121 457 1189 sustinerent,
475 1125 505 1175 et
518 1119 667 1175 inimicum
686 1135 791 1193 agmen
810 1120 960 1178 efficaciter
1008 1117 1107 1173 eastris
1128 1119 1335 1183 remanserant,
1351 1120 1411 1172 tota
1428 1116 1474 1172 die
1487 1117 1518 1171 in
1534 1116 1729 1172 Antiochenas
1744 1131 1818 1188 pug-

150 1215 277 1271 feriendo
305 1215 487 1286 repellerent.
513 1214 699 1269 Buamuudus
724 1230 789 1269 cum
821 1214 880 1270 acie
908 1231 959 1270 sua
1007 1215 1153 1273 neverant,
1173 1217 1202 1266 et
1222 1215 1280 1266 tres
1308 1215 1406 1281 portas
1425 1209 1514 1277 urbis,
1540 1227 1576 1266 ue
1597 1210 1820 1281 loraserumpe·
1865 1214 1867 1219 '

149 1314 310 1382 postremus
323 1307 462 1379 paulatim
476 1307 671 1378 gradiebatur,
685 1307 818 1362 omnibus
831 1308 957 1378 provisu·
1008 1309 1083 1372 rent,
1094 1302 1289 1360 indesinenter
1301 1306 1490 1359 servaverant.
1502 1303 1635 1359 Pretium
1647 1304 1703 1359 hoc
1714 1303 1821 1358 iactum

149 1386 197 1459 rus
209 1408 237 1458 et
252 1401 451 1469 subventurus,
468 1402 506 1469 et,
520 1400 543 1454 si
556 1400 639 1455 Turci
655 1401 845 1472 prevalerent
855 1400 958 1472 priori-
1008 1403 1050 1454 est
1063 1397 1128 1454 ldus
1142 1396 1302 1465 Februarii,
1316 1397 1389 1453 feria
1403 1413 1433 1453 ιιι
1446 1413 1510 1470 quae
1528 1403 1613 1469 caput
1631 1396 1738 1468 jejunii
1750 1397 1820 1461 Oua-

149 1496 212 1563 bes,
236 1499 327 1552 totam
356 1493 420 1549 belli
449 1493 642 1564 ingruentiam
676 1499 854 1566 excepturus.
886 1493 959 1549 litui
1009 1491 1206 1562 dragesimalis
1219 1491 1404 1562 praecedebat.

150 1588 327 1660 clangebant,
350 1586 478 1643 buccine
499 1586 665 1642 reboabant.
686 1587 839 1659 Utriusque
860 1587 958 1643 multi·
1043 1584 1191 1640 llultitudo
1204 1584 1322 1651 civium,
1337 1584 1439 1639 licetin
1452 1582 1821 1655 praeliissempervictiiuc·

150 1681 256 1738 tudinis
269 1682 375 1736 clamor
389 1679 569 1748 audiebatur,
583 1682 612 1735 et
624 1681 796 1738 acerrimum
814 1657 997 1737 certamenB
1010 1678 1076 1747 rint,
1091 1680 1120 1734 et
1132 1681 1223 1733 morte
1239 1678 1282 1734 vel
1302 1677 1466 1733 viduanbus
1481 1693 1531 1732 seu
1548 1676 1726 1749 captionibus
1744 1677 1820 1732 dete·

151 1775 286 1847 utrinque
314 1773 462 1845 agebatur.
496 1773 630 1830 Cominus
655 1776 783 1847 utraque
815 1774 962 1830 instabant
1009 1773 1110 1840 ceriut,
1124 1777 1203 1828 taam
1212 1776 1273 1828 erat
1283 1771 1314 1827 in
1330 1771 1407 1840 urbe,
1417 1776 1449 1826 ut
1458 1770 1552 1843 magis
1566 1770 1595 1825 in
1608 1771 1683 1826 iram
1698 1770 1820 1833 efferati,

150 1869 288 1941 legiones.
303 1869 367 1923 tam
386 1866 486 1939 clypeo
506 1867 629 1940 clypeus,
644 1867 705 1937 jam
727 1867 851 1924 umbaue
872 1867 960 1923 umbo
1009 1864 1184 1923 Christianos
1210 1864 1358 1922 ardentius
1385 1865 1570 1936 impeterent,
1593 1867 1622 1920 et
1647 1864 1823 1921 incessanter

149 1961 350 2034 repellebatur,
365 1965 393 2017 et
410 1960 561 2016 contractis
576 1960 667 2016 hastis
685 1977 766 2017 enses
783 1961 959 2016 mutilaban-
1009 1959 1069 2030 ipsa
1077 1963 1168 2014 castra
1178 1958 1390 2029 perturbarent,
1399 1957 1724 2029 trequenteriusilireut,
1736 1961 1822 2030 atque

150 2060 207 2112 tur.
222 2058 417 2128 Supervenere
437 2054 592 2110 ’lurcorum
606 2054 802 2122 succenturiae,
819 2071 883 2127 quae
896 2072 959 2128 gra·
1009 2052 1181 2125 quibuslibet
1198 2052 1337 2108 mortibus
1352 2053 1541 2108 funestarent.
1560 2052 1726 2119 Christiani,
1748 2068 1822 2124 prce-

150 2148 224 2204 riter
244 2151 391 2220 caeperunt
415 2147 590 2203 Christianos
614 2146 772 2219 impellere.
799 2148 961 2220 Nequibaut
1009 2152 1052 2202 ter
1076 2147 1146 2214 hac,
1169 2146 1282 2219 magnis
1302 2145 1509 2218 affligebantur
1529 2144 1736 2214 incommodis,
1760 2145 1824 2218 quia

151 2241 251 2298 Franci
267 2246 378 2298 tautum
394 2241 534 2313 impetum
555 2243 598 2296 tot
617 2242 846 2297 examinatarum
867 2242 959 2298 natio·
1009 2256 1063 2296 uec
1076 2239 1254 2296 obsidionem
1267 2240 1411 2308 deserere,
1423 2256 1474 2295 nec
1485 2239 1587 2311 procul
1602 2238 1729 2295 aoestris
1740 2239 1825 2294 ande-

149 2352 220 2393 num
241 2335 391 2404 sustinere,
413 2334 463 2389 sed
480 2333 634 2390 titubantes
658 2334 833 2406 cogebantur
847 2335 959 2391 cedere.
1008 2333 1079 2389 bant
1098 2333 1263 2406 procedere.
1279 2332 1422 2406 Regiones
1439 2333 1610 2389 circumsita
1626 2334 1688 2404 J'am
1707 2333 1739 2388 in
1760 2338 1821 2388 tau-

149 2430 254 2485 'Fantus
276 2430 353 2484 enim
372 2432 434 2485 erat
455 2428 563 2483 clamor
583 2431 612 2482 et
633 2427 766 2499 strepitus
791 2433 820 2484 et
837 2429 960 2484 telorum
1009 2430 1070 2483 mm
1084 2427 1208 2483 redacta
1222 2429 1305 2483 erant
1322 2427 1511 2495 solitudinem,
1526 2431 1558 2483 ut
1574 2427 1683 2483 nullam
1698 2428 1742 2482 eis
1756 2444 1822 2499 sup·

150 2522 255 2594 imber,
271 2528 302 2578 ut
316 2522 407 2594 ipsum
428 2522 518 2577 ctiam
538 2520 738 2578 obnubilarent
756 2537 862 2579 aerem.
877 2524 959 2595 lnge·
1011 2520 1175 2593 peditarant
1201 2519 1374 2593 pabulorum
1404 2520 1710 2577 subministrationem.
1741 2520 1823 2576 Tucci

149 2617 223 2672 muit
250 2615 445 2682 buamundus,
471 2615 521 2687 qui
549 2614 675 2687 undique
699 2616 885 2687 prospiciebat
909 2616 959 2684 eis,
1010 2614 1157 2682 nimirum,
1179 2613 1283 2685 quibus
1302 2615 1428 2670 locorum
1450 2616 1680 2687 opportunitates
1700 2615 1823 2687 cognita

150 2714 285 2782 tanquam
309 2709 436 2764 oculatus
458 2711 544 2778 totus,
566 2710 594 2763 et
611 2707 673 2764 ait:
699 2708 812 2773 Christe,
836 2714 895 2766 tuos
917 2726 961 2766 su·
1010 2710 1100 2775 amnt,
1132 2707 1342 2763 frumentatum
1372 2707 1563 2775 cursitabant,
1597 2713 1627 2764 et
1656 2708 1824 2766 Christianis

148 2808 238 2859 etanta
257 2803 433 2859 Christianos.
447 2803 482 2856 Et
499 2801 603 2873 adjecit
618 2818 625 2857 :
638 2803 779 2871 Radbertc,
799 2802 961 2859 Radbertus
1009 2803 1145 2858 attentius
1158 2799 1379 2857 insidiabantur.
1396 2803 1485 2857 Porro
1498 2818 1676 2875 quecunque
1688 2802 1823 2871 civitates,

150 2894 302 2967 siquidem,
321 2895 433 2951 Cirardi
453 2895 538 2963 silius,
552 2911 635 2951 suum
652 2896 795 2952 detulerat
814 2895 961 2966 vexillum,
1011 2911 1188 2969 quascunque
1211 2896 1337 2965 castella,
1367 2911 1542 2969 quaecuuque
1564 2896 1739 2969 municipia,
1766 2897 1826 2969 qui·

149 2990 278 3061 rapidum
299 2989 449 3044 cruentus
471 3004 537 3059 urge
556 2989 735 3060 sonipedem,
750 2995 776 3045 et
798 2990 960 3049 Christianis
1010 2989 1080 3045 libet
1094 2990 1189 3060 hamo,
1202 2989 1337 3062 qualibet
1350 2990 1464 3059 mulier,
1478 3006 1588 3059 omnes,
1603 2990 1652 3062 qui
1671 2991 1716 3045 vel
1734 3006 1824 3064 prope

149 3083 329 3140 titubantibus
341 3084 541 3152 imperterritus
552 3083 764 3152 octoiuoomcrt!
776 3086 878 3142 Memor
893 3092 959 3149 esto,
1012 3082 1055 3139 vel
1072 3083 1172 3154 procul
1191 3087 1281 3153 eraut,
1295 3083 1462 3139 Christianis
1480 3083 1711 3140 inimicabantur.
1728 3084 1825 3141 Omnis

147 3191 252 3249 precor,
270 3181 419 3247 parentum
437 3180 639 3240 nostrorumst
657 3192 691 3232 ue
711 3177 870 3234 lividaveris
891 3181 961 3235 ratti-
1010 3177 1090 3233 locus
1115 3177 1274 3234 obstructus
1299 3180 1380 3247 erat,
1410 3194 1447 3233 ne
1473 3178 1545 3233 forte
1571 3176 1764 3250 negotiatores
1789 3178 1825 3233 ad

151 3270 252 3326 tantem
278 3269 389 3325 titulum
413 3271 597 3326 Raecorum!
625 3269 697 3327 Scite
730 3272 804 3328 nobis
832 3272 906 3329 ttttco
929 3273 962 3328 de
1011 3286 1060 3327 eos
1078 3271 1269 3327 accessissent.
1292 3273 1391 3344 ltaque
1413 3271 1607 3344 perhorrenda
1624 3271 1824 3344 periclitaban-

114 3360 117 3365 ’
150 3363 367 3420 eelbeueitium
383 3365 521 3431 futurum.
536 3363 590 3421 Sui
605 3365 665 3420 uult
684 3366 754 3421 Deus
770 3370 802 3421 ut
816 3382 874 3430 nos,
888 3367 962 3422 uelut
1011 3370 1058 3422 tur
1084 3365 1247 3422 eduliorum
1274 3365 1378 3438 inopia.
1404 3365 1539 3421 Nobilitas
1561 3365 1659 3437 igitur,
1689 3370 1722 3422 nt
1748 3365 1825 3439 plebi

149 3459 234 3528 sortes
245 3456 362 3521 otttctae,
375 3472 576 3529 promereamur
595 3461 620 3513 et
631 3458 817 3530 adipiscemur
826 3460 960 3517 monium.
1012 3460 1205 3529 consulerent,
1220 3459 1441 3517 misericorditer
1456 3460 1652 3515 anxiabantur.

150 3550 323 3620 Radbertus,
339 3553 442 3606 sauctae
457 3550 548 3606 crucis
561 3549 643 3623 signo
658 3552 786 3620 munitus
799 3557 829 3608 et
841 3553 960 3610 auxilia·
1047 3553 1202 3609 Consilium
1224 3554 1352 3610 inierunt
1373 3559 1403 3610 ut
1423 3554 1643 3610 llachamariam
1667 3554 1825 3625 munirent,

149 3643 228 3700 ribus
259 3643 412 3716 manipulis
443 3644 628 3717 constipatus,
653 3644 776 3702 festinus
806 3646 908 3717 adluit,
934 3652 962 3704 et
1011 3648 1147 3704 etFurcis
1167 3648 1316 3704 transitum
1336 3665 1388 3720 per
1410 3652 1526 3720 pontem
1548 3648 1708 3704 auferrent.
1721 3648 1825 3704 Decre-

150 3738 357 3795 cruentissimis
379 3737 476 3794 Turcis
501 3738 708 3795 audacissimus
734 3740 817 3796 miles
841 3740 959 3797 obstitit.
1012 3748 1111 3797 verunt
1131 3742 1216 3798 etiam
1238 3747 1269 3798 ut
1293 3741 1476 3797 buamundus
1496 3742 1562 3810 dux,
1584 3745 1612 3797 et
1634 3741 1825 3810 Raimuudus,

150 3833 231 3890 Adeo
255 3834 378 3905 perfidos
398 3849 548 3906 aggressus
569 3838 623 3902 est,
638 3837 669 3889 ut
690 3835 782 3890 vexilli
804 3835 961 3892 Buamundi
1010 3833 1165 3891 Tolosanus
1196 3852 1308 3904 comes,
1342 3837 1377 3891 ad
1408 3837 1524 3891 Portum
1558 3835 1653 3891 Sancti
1684 3834 1826 3892 Simeonis
1855 3877 1859 3885 .

150 3925 273 4000 lingulas
286 3927 315 3981 in
338 3942 387 3982 ora
406 3928 563 3983 Tuscorum
579 3927 697 3983 volitare
715 3928 831 3997 iaceret,
845 3929 961 4001 altoque
1011 3929 1096 3999 irent,
1111 3936 1139 3985 et
1151 3930 1298 4003 papulum,
1313 3930 1363 4002 qui
1384 3928 1424 3984 ibi
1445 3928 1635 4002 exspectabat,
1648 3927 1687 3984 ad
1699 3928 1825 3985 obsidia·

150 4021 275 4077 clamore
299 4037 350 4077 suo
375 4021 583 4094 aliquantulum
604 4023 707 4077 ‘lurcos
728 4022 894 4078 deterreret.
919 4022 961 4078 ad
1010 4038 1077 4080 nem
1098 4023 1280 4080 adducerent.
1303 4025 1411 4096 ltaque,
1434 4023 1483 4096 qui
1505 4023 1535 4079 in
1557 4023 1656 4078 castms
1682 4038 1826 4080 remansa·

148 4113 225 4171 illius
249 4113 431 4186 primipilaris
459 4115 600 4188 impetum
627 4119 655 4171 et
686 4115 776 4171 altum
804 4115 961 4171 clamorem
1010 4121 1089 4185 rant,
1114 4117 1232 4174 accincti
1256 4117 1368 4191 gladiis,
1396 4118 1432 4173 ad
1458 4117 1605 4174 castellum
1630 4117 1825 4174 inchoandum

150 4208 250 4266 Franci
263 4208 372 4264 animos
393 4213 621 4280 resumpserunt,
637 4214 666 4265 et
684 4210 715 4263 iu
734 4211 839 4265 Furcas
860 4208 960 4265 unani·
1010 4211 1187 4268 uuanimiter
1207 4228 1236 4268 se
1262 4215 1507 4285 preparaverunt.
1529 4210 1612 4268 Furci
1633 4215 1747 4284 autem,
1775 4225 1825 4268 uec

151 4302 238 4358 miter
251 4301 406 4358 irruerunt.
429 4303 536 4374 Fragor
557 4317 704 4358 armorum
725 4303 831 4359 multus
850 4309 919 4372 erat,
934 4306 961 4359 et
1011 4322 1132 4361 numera
1163 4322 1216 4361 uec
1249 4306 1337 4361 armis
1366 4307 1508 4378 impares,
1541 4304 1679 4361 audacter
1712 4304 1824 4362 Francis

149 4395 184 4451 ab
199 4395 280 4450 cereis
301 4393 457 4451 cassidibus
479 4394 661 4451 elucubratus
682 4395 758 4469 ignis
778 4396 960 4453 scintillabat.
971 4394 1001 4471 Ι)
1012 4404 1210 4468 occurrerunt,
1225 4405 1253 4456 et
1267 4399 1298 4455 iu
1311 4403 1424 4456 tautum
1437 4399 1566 4472 aggressi
1584 4403 1659 4469 suut,
1673 4404 1708 4457 ut
1728 4415 1779 4456 eas
1798 4400 1826 4456 io

149 4486 270 4545 Vulnera
284 4488 449 4544 vulneribus
461 4487 619 4556 illidebant,
634 4494 662 4545 et
675 4490 771 4563 campi
790 4489 880 4546 nimio
893 4507 959 4546 san·
1009 4493 1108 4567 lugam
1121 4494 1323 4566 compulerint,
1333 4493 1825 4567 multosqueperemeriut.beniqne

152 4577 959 4656 guiuepurpurabantur.Intestinavideresdepcndentia,
1009 4591 1156 4660 comperto
1174 4587 1250 4661 quod
1279 4587 1336 4644 duo
1350 4587 1466 4643 maximi
1491 4603 1624 4659 proceres
1648 4587 1688 4643 ad
1707 4592 1824 4659 partum

149 4690 219 4732 crasa
241 4674 342 4748 capita,
369 4680 470 4731 trunca
498 4692 630 4749 corpora,
655 4677 761 4748 passim
785 4678 959 4750 oppetentia.
1009 4682 1228 4750 abscessissent,
1260 4681 1447 4738 clandestinas
1479 4681 1599 4737 iusidias
1631 4684 1826 4753 competenter

148 4770 230 4827 'larci
244 4769 340 4843 itaquo
352 4770 455 4826 timore
463 4769 554 4826 nimio
568 4770 696 4827 exterriti
706 4776 781 4841 sunt,
791 4777 819 4827 et
831 4778 960 4843 repente,
1011 4775 1231 4839 collocaverunt,
1248 4778 1277 4829 et
1291 4793 1307 4830 a
1326 4780 1410 4846 portu
1422 4775 1517 4831 Sancti
1536 4772 1677 4832 Simeonis
1693 4789 1825 4831 remeau-

147 4864 248 4922 cuueis
272 4880 370 4919 eorum
395 4863 574 4933 labantibus,
599 4863 754 4936 fugeruut,
777 4880 848 4937 quos
873 4865 961 4921 nostri
1010 4874 1054 4925 tas
1068 4869 1235 4925 immaniter
1252 4869 1379 4940 aggressi
1399 4870 1475 4924 suut.
1493 4867 1765 4940 lmpetebautenim
1781 4868 1827 4925 Sa·

147 4962 266 5032 repente
280 4959 353 5014 ultra
365 4960 485 5015 Pontem
500 4957 633 5014 Ferreum
649 4959 792 5029 persecuti
804 4963 879 5016 sunt.
1011 4963 1106 5018 raceni
1123 4962 1301 5018 Christianos
1321 4961 1440 5034 sagittis,
1459 4962 1583 5032 ensibus,
1598 4961 1715 5030 lanceis,
1732 4959 1824 5019 missi·

183 5053 254 5111 Ctesi
268 5056 335 5109 sunt
352 5052 390 5109 ibi
412 5052 569 5109 lhrcorum
586 5048 668 5108 multi
694 5052 809 5124 milites,
825 5053 961 5126 quoniam
1011 5056 1084 5111 libus
1099 5060 1128 5112 et
1141 5055 1308 5112 omnimoda
1322 5056 1443 5111 telorum
1457 5055 1635 5128 ingruentia;
1650 5054 1825 5112 Christianos

147 5148 278 5221 pralium
311 5146 381 5203 illud
413 5164 470 5204 nan
499 5147 637 5204 habuerat
662 5148 779 5220 pedites.
811 5148 961 5205 Christiani
1011 5148 1275 5205 immisericorditer
1293 5149 1512 5220 obtruncabant,
1526 5152 1554 5206 et
1573 5148 1710 5205 dentibus
1729 5146 1760 5205 iu
1778 5165 1825 5205 eos

146 5243 253 5310 autern,
278 5257 384 5314 magno
403 5242 488 5313 potiti
507 5246 624 5314 tropaeo,
639 5239 696 5297 laeti
717 5241 824 5298 reuersi
838 5245 905 5298 sunt
926 5243 962 5298 ad
1012 5243 1173 5312 stridentes,
1189 5243 1383 5299 clamitabant.
1400 5243 1533 5300 Radierat
1553 5242 1659 5316 quippe
1674 5259 1741 5299 cum
1758 5259 1826 5317 prae·

147 5353 223 5408 auos,
242 5353 338 5392 secum
356 5334 531 5391 adducentes
550 5335 655 5391 multos
669 5351 767 5408 equos,
782 5335 884 5408 quibus
901 5337 960 5392 sin·
1012 5336 1078 5393 tatis
1093 5336 1267 5410 principibus
1281 5353 1361 5409 gens,
1376 5353 1429 5393 uec
1449 5336 1516 5392 satis
1539 5342 1661 5399 minata,
1681 5353 1737 5393 nec
1757 5336 1826 5393 mul⁴

18 5430 20 5437 '
62 5456 66 5463 ·
148 5431 287 5503 gulariter
296 5428 477 5501 indigebant,
488 5432 517 5484 et
526 5428 612 5501 spolia
629 5429 728 5498 multa,
743 5445 808 5502 quae
819 5428 849 5484 iu
864 5429 961 5503 praelio
1011 5434 1073 5487 tum
1093 5447 1217 5504 pugnax.
1234 5430 1319 5487 Pauci
1337 5428 1488 5488 Christiani
1508 5428 1747 5515 debacchantium
1766 5446 1826 5488 cru·

147 5523 352 5596 acquisierant.
366 5521 449 5579 Tucci
470 5522 507 5579 ad
527 5523 674 5579 castellum
687 5539 771 5579 suum
785 5524 878 5580 Arech
896 5524 962 5579 satis
1012 5524 1159 5581 delitatcm
1172 5524 1278 5581 diutius
1288 5524 1398 5598 perpeti
1412 5524 1602 5598 nequiverunt
1607 5541 1617 5595 3
1631 5522 1684 5581 sed
1696 5540 1827 5598 peramp·

148 5616 264 5689 inglorii
284 5616 390 5673 racemi
412 5621 497 5685 suut;
518 5615 605 5690 quod,
620 5617 737 5675 omnino
760 5617 961 5692 despoliantes,
1010 5617 1047 5674 tis
1068 5620 1098 5675 in
1118 5619 1167 5676 illo
1186 5617 1316 5675 conflictu
1337 5618 1503 5693 plusquam
1515 5618 1605 5688 mille,
1618 5617 1825 5695 aliiiugarunt.

150 5711 367 5786 sumendorum,
381 5715 412 5769 et
430 5711 578 5787 iugenmt.
598 5711 725 5769 Armenii
744 5714 841 5770 autem
859 5717 889 5769 et
908 5712 961 5771 Su·
1011 5712 1090 5770 Tales
1113 5716 1180 5770 suut
1205 5713 1343 5771 bellorum
1364 5716 1491 5785 eventus,
1512 5712 1585 5770 tales
1604 5715 1672 5771 aaut
1691 5710 1827 5775 vanem·
