3750 6046
63 290 67 295 Ι
151 213 203 266 aas
840 210 998 266 orrnenrcr
1020 210 1148 265 viviers
1541 191 1546 201 “
1750 190 1829 262 ‘aas

152 331 227 386 rnarri
242 331 316 385 cives
335 331 453 402 pessimi
467 336 534 385 sunt
553 337 581 386 et
596 330 685 397 inlidi,
701 330 814 402 [leoque
833 335 863 384 et
880 349 961 386 sanc·
976 337 1093 420 ¹,gtrans
1105 336 1224 402 pontum
1235 334 1323 386 cretus
1337 346 1402 386 suos
1414 329 1591 397 festinanter,
1608 334 1639 384 ut
1653 329 1696 384 eis
1710 329 1828 402 jurare·

152 427 187 479 tis
207 425 268 496 ejus
287 441 340 495 pro
360 424 617 480 innumerabilibus
636 423 780 479 beneflciis
801 425 855 479 sihi
876 426 963 479 colla-
1015 429 1068 492 rat,
1082 425 1205 496 expetiit.

153 519 187 572 tis
200 521 267 572 sunt
280 523 308 573 et
320 521 406 572 erunt
418 534 530 590 semper
543 517 657 588 ingrati.
672 518 772 586 Roma,
785 533 849 588 quae
862 518 964 572 mnndi
1014 536 1056 591 γι,
1078 537 1174 599 prm,
1196 537 1306 592 apsent,
1326 536 1450 599 poberto,
1474 538 1645 594 pomam„
1666 534 1830 602 amm,

151 614 235 682 caput
251 616 278 666 et
293 617 474 683 peccalorum
488 610 629 667 medicina
647 610 715 665 olim
731 609 806 665 dicta
820 615 872 679 est,
888 627 964 666 nunc
1049 616 1255 672 maimbertus
1279 615 1437 672 wiscardus
1457 617 1487 669 ia
1507 615 1637 672 &mum
1656 614 1739 669 redit.
1763 615 1829 670 Nor·

150 705 289 761 habitatio
308 706 462 760 draconum
485 708 513 758 ct
531 703 616 758 totius
638 703 771 775 nequitiae
791 705 871 759 lovea
889 704 963 760 iacta
1048 698 1143 750 mttnm'
1153 698 1182 751 in
1194 696 1304 751 ltaliam
1315 695 1439 751 redeunt·

151 802 202 854 est.
230 800 307 854 lianc
333 799 420 869 igitur
445 798 609 868 speluncam
638 797 783 852 latronum
810 797 886 852 ierro
912 815 961 852 seu
1049 797 1161 851 interea
1180 796 1296 851 callidus
1314 794 1827 868 imperatorGraeeorum,ntilober·

151 893 266 947 llamma
283 893 436 957 destruam,
450 889 577 945 sordidos
591 890 772 962 nefariosque
792 891 963 946 habitatores
1012 895 1072 944 tum
1094 889 1195 945 adiisse
1214 889 1324 945 ltaliam
1340 889 1484 960 cognorit,
1498 894 1577 944 ratus
1592 888 1667 960 quod
1687 889 1826 943 Narman-

150 986 211 1056 ejus
229 985 381 1055 perimam.
397 983 623 1037 persecutionem
640 983 668 1038 in
686 983 861 1054 episcopum,
875 1000 962 1056 quam
1012 1000 1074 1050 nos,
1092 983 1210 1039 absente
1230 982 1311 1050 duce,
1327 982 1475 1038 destitutos
1492 980 1641 1037 debilitare
1661 987 1766 1053 posset,
1780 982 1826 1036 in-

149 1077 238 1133 iudei
254 1079 410 1147 coeperunl,
425 1074 547 1130 Romani
565 1074 748 1146 pertinaciter
761 1077 898 1147 perlicere
911 1093 961 1132 co·
1012 1077 1141 1144 surrexit,
1167 1076 1271 1131 multas
1296 1075 1427 1130 cohortes
1448 1074 1593 1142 adunavit,
1616 1078 1646 1129 et
1665 1074 1771 1129 invitos
1790 1072 1826 1128 ad

151 1169 208 1223 nati
230 1173 307 1223 sunt.
328 1169 426 1223 Nonne
449 1168 522 1222 sicut
542 1168 631 1222 iudai
653 1168 795 1224 Christum
817 1169 960 1224 cruciilxe·
1010 1168 1118 1225 bellum
1131 1170 1306 1224 Nnrmannos
1317 1168 1419 1240 coegit.
1433 1168 1589 1226 Commisso
1602 1172 1699 1223 eutem
1713 1167 1824 1239 praelio,

149 1267 226 1329 runt,
242 1262 281 1316 sic
301 1261 423 1317 Romani
439 1261 568 1316 membra
583 1261 697 1329 Christi,
713 1263 825 1317 Petrum
840 1269 868 1317 et
889 1263 959 1317 Pau·
1010 1262 1166 1318 Normanni
1180 1261 1287 1318 debiles
1300 1261 1331 1317 in
1346 1261 1447 1332 primis
1461 1261 1567 1332 reperti
1586 1266 1664 1328 sunt,
1679 1263 1708 1315 et
1729 1260 1825 1315 multis

150 1358 226 1426 lum,
253 1355 527 1426 martyrizaverunt?
550 1354 622 1418 Ouid
653 1353 743 1409 dicam
772 1355 807 1410 de
835 1355 904 1410 hino
932 1361 961 1410 et
1011 1355 1151 1411 excarrsis
1171 1356 1201 1411 in
1224 1355 1305 1410 initio
1327 1354 1490 1410 certaminis
1509 1354 1602 1409 territi
1622 1357 1652 1408 et
1670 1354 1825 1425 pcnevicti

148 1451 235 1518 Cleto,
252 1449 397 1504 Clemente
410 1450 438 1502 et
452 1447 622 1517 Alexandro,
637 1447 721 1503 Sexto
734 1453 763 1502 et
776 1447 958 1520 Telesphoro,
1010 1454 1084 1504 sunt.
1106 1449 1176 1504 Nam
1197 1451 1228 1504 ut
1242 1447 1414 1520 paucitatem
1435 1447 1488 1516 sui,
1508 1450 1537 1502 et
1554 1446 1713 1502 absentiam
1733 1446 1823 1502 fortu-

149 1543 254 1600 Calixto
273 1546 301 1596 et
321 1541 443 1610 Urbano,
456 1541 587 1598 Cornelio
606 1545 634 1596 et
651 1541 794 1596 Fabiano?
809 1541 915 1597 Omnes
930 1541 960 1597 hi
1010 1543 1071 1597 nati
1085 1542 1172 1610 ducis,
1187 1546 1217 1597 et
1229 1540 1441 1597 multitudinem
1456 1540 1581 1597 hostium
1598 1539 1822 1612 perpenderunt,

148 1636 303 1709 pontilicali
325 1651 393 1690 cura
417 1635 526 1689 mederi
550 1634 752 1705 languentibus
777 1633 958 1703 studr‘rerunt,
1010 1652 1083 1706 pene
1097 1635 1196 1706 fugam
1217 1638 1282 1691 ante
1298 1651 1424 1707 pugnam
1438 1634 1575 1689 inierunt.
1591 1633 1646 1690 Sed
1666 1649 1732 1688 cum
1751 1634 1821 1688 Bua-

149 1735 178 1785 et
196 1727 349 1800 apropriis
369 1726 485 1796 civibus,
506 1743 576 1799 quos
595 1727 703 1783 salvare
723 1728 894 1796 nitebantur,
913 1728 958 1783 in-
969 1722 998 1794 B
1010 1728 1132 1783 mundus
1149 1729 1178 1784 in
1195 1728 1327 1784 conilictu
1347 1743 1412 1782 cum
1430 1727 1531 1783 turmis
1545 1727 1604 1782 suis
1617 1726 1753 1782 vacillans
1766 1732 1822 1782 tre-

144 1823 252 1894 juriose
265 1821 406 1892 perempti
419 1826 493 1875 sunt.
509 1821 634 1892 lienique
647 1820 716 1893 qnid
730 1821 852 1876 referam
865 1822 900 1876 de
913 1822 960 1877 Se·
1009 1821 1129 1894 pidaret,
1142 1824 1171 1877 et
1183 1823 1281 1877 auxius
1295 1822 1386 1876 Deum
1403 1836 1437 1876 ex
1455 1820 1540 1876 corde
1552 1805 1707 1886 invocaret,
1721 1818 1824 1875 dirinae

147 1914 284 1980 bastiano,
304 1930 389 1985 quern
409 1913 575 1985 sagittatum
591 1913 620 1968 in
639 1913 735 1968 cloaca
751 1914 960 1985 suspenderunt
1008 1914 1120 1986 pietatis
1137 1914 1273 1969 auxilium
1293 1913 1394 1982 adfuit,
1410 1917 1439 1968 et
1457 1929 1511 1969 vox
1526 1913 1723 1985 hujuscemodi
1739 1912 1824 1968 desu-

148 2007 267 2079 gumlo‘l
281 2006 353 2071 Quid
373 2007 408 2061 de
428 2005 590 2075 Laurentio,
605 2023 692 2078 quem
708 2008 777 2062 crati
791 2008 885 2062 ferreo
902 2009 958 2062 im·
1008 2023 1060 2078 per
1080 2008 1205 2063 intonuit
1226 2025 1233 2062 ι
1259 2029 1273 2056 ι(
1300 2007 1476 2076 Buamunde,
1500 2006 1567 2078 quid
1591 2006 1671 2078 agis?
1690 2006 1824 2061 Praeliare

147 2103 313 2172 posuerunt,
333 2105 362 2154 et
382 2099 481 2170 prunis
500 2098 651 2170 subpositis
672 2106 702 2155 ut
721 2099 827 2171 piscem
846 2116 957 2157 assave-
1008 2099 1128 2155 fortiter.
1142 2102 1211 2155 Nam
1225 2101 1282 2168 ille,
1297 2100 1347 2172 qui
1361 2102 1475 2171 patrem
1488 2104 1569 2155 tuum
1580 2099 1665 2170 juvit,
1679 2103 1707 2154 te
1723 2100 1822 2155 simili-

146 2192 234 2249 runt‘?
250 2193 322 2258 Quid
337 2193 371 2247 de
388 2192 546 2264 ltippnlyto,
561 2209 648 2264 quem
663 2193 809 2264 alligatum
823 2193 904 2265 equis
919 2193 959 2248 in·
1008 2198 1053 2248 tcr
1071 2193 1224 2264 adjuvabit,
1240 2194 1263 2249 si
1284 2193 1313 2248 in
1333 2193 1382 2248 illo
1402 2193 1525 2249 enrrilsus
1542 2192 1640 2262 fueris,
1655 2194 1740 2267 eique
1753 2194 1823 2249 iide-

147 2286 263 2343 domitis
276 2285 503 2356 discerpserunt?
517 2284 590 2349 Ouid
607 2285 642 2341 de
657 2287 801 2354 hermete,
815 2287 957 2357 Tiburcio,
1008 2286 1075 2341 liter
1095 2285 1268 2343 militaveris.
1289 2308 1303 2336 u
1323 2287 1378 2341 llac
1397 2302 1465 2343 voce
1485 2286 1640 2342 hermanni
1662 2288 1783 2342 recreati
1797 2293 1825 2343 et

147 2383 267 2447 Zenone,
295 2379 453 2446 Valentino,
477 2379 595 2450 aliisque
619 2380 730 2449 sanctis,
754 2396 877 2451 quorum
903 2397 958 2435 nn·
1008 2379 1157 2435 confortati
1183 2382 1263 2448 sunt,
1290 2385 1318 2435 et
1344 2381 1373 2434 in
1397 2385 1481 2435 antea
1505 2380 1666 2452 progressi,
1691 2381 1823 2452 Pelasgos

146 2491 242 2530 merus
270 2474 405 2527 humanae
436 2472 545 2528 notitiae
576 2478 619 2527 est
644 2472 959 2544 incomprehensibilis?
1008 2473 1315 2545 acriterimpnlerunt3
1330 2473 1821 2545 quornmimpeturtchirircpente

146 2569 231 2623 Fama
255 2567 352 2634 reiert,
377 2569 406 2620 et
429 2565 599 2636 astipulatur
623 2567 778 2622 assertione
804 2567 959 2622 multorum
1008 2567 1113 2638 repulsi
1131 2570 1206 2635 sunt,
1221 2572 1249 2621 et
1262 2572 1343 2638 terga
1358 2571 1512 2636 vertentes,
1526 2567 1616 2638 spolia
1635 2566 1728 2622 multa
1747 2567 1822 2621 indi-

146 2662 223 2733 quod
238 2664 297 2715 tota
312 2660 401 2714 ltoma
417 2659 529 2730 perlusa
545 2664 586 2714 est
603 2659 727 2730 pretioso
742 2675 840 2714 cruore
855 2666 959 2731 marty·
1009 2659 1141 2730 gentihus
1155 2659 1313 2731 peregrinis
1327 2660 1506 2715 dimiserunt.

146 2771 221 2823 rum,
244 2758 274 2808 et
295 2752 324 2806 in
348 2752 458 2806 latrinis
481 2753 673 2807 Romanorum
696 2752 847 2807 innumera
871 2753 959 2808 latent
1043 2754 1197 2823 Regressus
1214 2753 1249 2807 de
1264 2753 1374 2821 Tuscia,
1390 2752 1627 2808 Wiscardussuos
1640 2753 1693 2808 hac
1708 2753 1823 2810 victoria

147 2864 265 2920 corpora
290 2851 462 2900 sanctorum.
488 2845 591 2900 Eadem
614 2845 775 2913 crudelitas,
801 2862 866 2918 quae
891 2851 958 2902 trrnc
1007 2849 1051 2900 sat
1069 2845 1174 2900 hilares
1194 2846 1311 2901 invenit.
1325 2849 1387 2918 lpse
1403 2862 1526 2918 quoque,
1541 2851 1601 2902 tam
1621 2847 1711 2902 nobili
1730 2848 1821 2919 tripu·

147 2939 327 3013 grassabatur
341 2938 371 2993 in
391 2938 520 3009 paganis,
535 2953 611 2993 nunc
625 2937 815 2994 debacchatur
832 2939 862 2993 in
879 2938 958 2994 falsis
1008 2938 1055 2994 dio
1074 2939 1226 3007 exsultans,
1241 2940 1297 2993 Deo
1318 2939 1423 3011 gratias
1437 2939 1506 3011 egit.
1522 2941 1726 2996 Buamundum
1743 2957 1820 3009 vero,

146 3033 319 3102 Christianis,
334 3033 383 3103 qui
402 3030 556 3103 cupiditate
571 3030 656 3086 illecti
670 3031 765 3088 lavent
779 3033 914 3103 profanis,
929 3040 959 3089 et
1008 3032 1057 3104 qui
1078 3034 1241 3088 vulneratus
1262 3032 1356 3087 iuerat
1376 3033 1404 3087 in
1426 3033 1593 3101 certamine,
1612 3036 1643 3088 ut
1660 3041 1821 3104 curaretur,

147 3131 244 3183 contra
261 3124 434 3182 Catholicam
453 3123 607 3180 Ecclesiam
627 3124 799 3180 auxiliantur
816 3082 1086 3183 hareticisemisit
1113 3126 1147 3180 ad
1175 3125 1299 3181 medicos
1327 3125 1492 3194 Psalerniae,
1517 3143 1638 3198 quorum
1666 3127 1745 3183 fama
1771 3145 1823 3199 per

145 3219 263 3277 insanis.
287 3218 369 3274 Nulla
395 3217 483 3289 igitur
507 3216 596 3288 pietas
620 3217 660 3273 eis
686 3217 878 3289 impendenda
903 3223 956 3278 est.
1006 3219 1106 3275 orbem
1124 3218 1277 3275 admodum
1292 3218 1437 3290 divulgata
1453 3225 1496 3276 est
1515 3220 1684 3276 excellentia
1703 3221 1821 3278 medici·

146 3314 240 3371 Ultore
260 3311 353 3384 gladio
372 3311 475 3383 impios
497 3309 626 3382 puniam,
646 3317 794 3367 cruentam
815 3312 958 3370 civitatem
1006 3311 1079 3368 nalis
1091 3311 1210 3384 peritia.

147 3409 213 3478 igne
227 3403 407 3472 sciscendum,
426 3407 455 3460 et
468 3403 681 3475 Trans-Alpinis
695 3405 827 3476 gentibus
843 3405 957 3477 replen·
1043 3405 1128 3460 Porro
1149 3404 1295 3476 Dyraceni,
1311 3404 1380 3460 dnm
1401 3406 1578 3462 Narmannos
1593 3406 1779 3480 perpendunt
1792 3409 1822 3463 iu

146 3504 223 3570 dam,
239 3501 396 3574 opitulante
412 3502 478 3571 ileo,
494 3501 643 3557 meliorem
657 3501 813 3556 restituam.
828 3523 842 3552 »
1007 3498 1169 3570 Bulgariam
1188 3497 1273 3570 longe
1292 3514 1468 3570 progressos,
1486 3500 1639 3573 pluresque
1659 3502 1821 3574 provincias

180 3617 258 3670 Tunc
276 3629 351 3686 papa
370 3611 407 3667 ad
424 3612 511 3685 pedes
533 3611 612 3667 ducis
631 3612 747 3682 corruit,
767 3612 957 3687 lacrymisque
1006 3591 1042 3647 de
1053 3591 1174 3664 imperio
1187 3591 1452 3663 Byzanteomilitari
1466 3608 1554 3648 manu
1565 3593 1692 3666 adeptos,
1703 3611 1821 3667 seseque

145 3708 279 3780 profusus
294 3707 332 3761 ap
349 3722 355 3760 :
374 3727 388 3755 α
403 3705 482 3761 Absit
500 3705 553 3760 hoc
568 3721 583 3759 a
596 3720 654 3772 mo,
673 3707 704 3759 up
721 3706 808 3761 pom,
827 3707 956 3763 dem„
1006 3684 1041 3740 ab
1056 3684 1159 3740 auxilio
1179 3685 1331 3752 Thracum,
1350 3701 1399 3740 seu
1422 3686 1617 3756 Macedonum,
1632 3688 1820 3761 omniumque

144 3805 191 3856 pu,
207 3817 258 3872 pm
271 3799 332 3854 ,nep
347 3799 408 3853 Non
423 3798 501 3854 enim
515 3798 552 3853 ad
570 3797 792 3853 destructionem
806 3799 893 3871 urbis,
907 3800 956 3856 „d
1005 3777 1134 3833 affinium
1146 3793 1264 3833 suorum
1274 3778 1389 3849 penitus
1399 3784 1535 3848 remotos,
1547 3779 1709 3836 diffidentes
1720 3786 1819 3837 mutuo

145 3894 182 3950 ad
201 3893 386 3949 salvationem
401 3891 507 3946 electus
526 3906 588 3945 sum
606 3890 705 3962 plebis.
719 3893 790 3947 llalo
806 3893 956 3949 Dominum
1006 3887 1082 3944 θῶΡθ
1103 3873 1236 3939 memb
1256 3871 1379 3943 imme?
1401 3872 1455 3928 Thi
1479 3873 1563 3929 ⁰³⁰¹ss
1584 3874 1614 3929 5¹¹
1634 3878 1712 3929 8Γοῑο
1735 3876 1821 3947 P⁰³ifi

143 3989 273 4042 nostrum
286 3986 379 4041 jesum
397 3983 542 4039 Christum
562 3986 654 4038 mom
672 3984 762 4056 sequi,
777 4002 873 4057 quam,
888 4001 956 4058 pec,
1006 3966 1162 4020 consulant.
1176 3965 1303 4019 Tandem
1318 3965 1494 4037 procaciores
1511 3966 1581 4038 quid
1597 3971 1685 4039 egent
1698 3967 1820 4023 vicissim

146 4078 287 4134 catoribus
310 4076 426 4149 punitis,
449 4075 569 4146 injurias
594 4092 670 4132 meas
694 4077 826 4148 nequiter
851 4079 954 4135 ulcisci.
1007 4056 1159 4126 diffiniunh
1178 4057 1287 4129 less⁸²⁰³
1304 4057 1341 4113 ad
1359 4057 1463 4114 ducem
1481 4060 1551 4115 ⁰¹³³]
1571 4060 1699 4129 mimmii
1718 4078 1820 4133 P⁸⁰0ffl

145 4171 268 4228 Creatori
289 4169 395 4241 quippe
415 4171 512 4223 nostro
533 4169 669 4224 contrarii
688 4176 764 4236 sunt,
784 4172 833 4243 qui
854 4177 957 4230 ,aarum
1006 4154 1138 4222 pascnan
1152 4149 1268 4223 siquod
1287 4150 1397 4223 azylum
1410 4152 1489 4208 urbis
1501 4153 1669 4209 satellitibus
1682 4154 1744 4225 eJus
1760 4158 1818 4211 tra-

146 4265 208 4337 ejns
233 4262 402 4334 despiciunt,
426 4266 453 4316 et
475 4260 605 4316 ordinem
630 4263 759 4320 Ecclesia
782 4267 957 4324 truculenter
1006 4241 1075 4298 dant
1095 4243 1234 4300 Temnites
1253 4243 1433 4315 mmmm·
1456 4249 1489 4303 Μ
1507 4246 1553 4301 5¹¹⁰
1574 4249 1652 4318 ‘1¹¹0d
1676 4248 1820 4319 P⁰⁸²¹¹¹³¹¹l

145 4356 316 4429 impediunt,
328 4354 564 4425 Dominicumque
574 4370 703 4428 gregem,
715 4359 814 4431 utlupi
828 4376 954 4432 rapaces,
1005 4336 1147 4405 toncedit,
1176 4343 1209 4432 et·
1227 4352 1274 4394 ccc
1301 4337 1405 4393 milites
1434 4338 1470 4393 ad
1496 4339 1687 4411 recipiendam
1717 4342 1818 4398 urbem

145 4451 323 4522 dispergunt.
336 4448 426 4520 lpsius
439 4447 576 4503 nimirum
590 4454 633 4504 est
644 4450 751 4521 injuria
764 4457 793 4507 et
806 4453 887 4523 ultio,
899 4447 995 4521 seph
1005 4428 1102 4487 mittis.
1115 4430 1204 4486 Noctu
1221 4430 1318 4502 itaque
1334 4430 1511 4487 venientibus
1526 4433 1704 4504 Narmannis,
1720 4436 1817 4492 civitas

144 4545 217 4600 vitus
235 4559 349 4615 quoque
370 4547 399 4596 et
418 4540 577 4597 retributio.
597 4543 679 4597 Novit
698 4543 761 4615 pios
781 4545 906 4617 clientes,
929 4553 958 4605 et
1007 4529 1104 4593 “pest‘'
1122 4529 1179 4591 θθῑῗ
1193 4524 1297 4595 ‘1¹¹³‘OE
1314 4525 1435 4596 fe⁰⁰pfi³
1453 4541 1508 4598 P⁸¹
1529 4527 1606 4582 inter
1625 4533 1770 4602 ⁰¹T⁰³T¹¹⁰s
1791 4535 1820 4585 0²

144 4642 279 4698 abhorret
293 4638 470 4696 adversarios
488 4639 625 4695 furentes.
641 4641 706 4712 Ejus
720 4642 808 4714 igitur
824 4646 955 4718 omnipo·
1006 4616 1139 4673 ⁵²⁰¹¹fi¹³⁵
1154 4617 1267 4672 &¹⁰⁰⁸
1283 4622 1336 4674 θὸῑ·

143 4739 241 4797 tentiae
254 4755 306 4795 nos
320 4741 348 4794 ei
362 4742 459 4794 nostra
470 4737 716 4807 commendamus,
729 4742 757 4795 et
771 4741 857 4796 corde
871 4743 957 4800 bene·
1040 4709 1236 4782 Si⁰h⁰¹3⁰⁸d⁸²
1261 4726 1332 4766 ¹²¹⁰?
1358 4710 1475 4767 R⁰b²f²i
1499 4711 1647 4782 Wiffldb
1673 4714 1732 4770 fllia
1759 4721 1821 4773 ml

143 4839 208 4894 ,010
228 4853 380 4893 ,mmmm
398 4839 431 4891 ut
448 4835 506 4908 legi
528 4852 611 4892 sm
632 4836 811 4894 adversantia
827 4843 956 4898 censorio
1005 4803 1179 4907 Cuaimalchi
1196 4804 1276 4859 ducis
1291 4805 1488 4874 Psalernitani,
1502 4822 1637 4879 sororque
1649 4807 1757 4878 Gisulfl,
1770 4811 1820 4883 qui

1005 4895 1110 4951 ducatu
1131 4903 1255 4968 privatus
1271 4897 1365 4952 iuerat
1383 4914 1435 4969 per
1452 4898 1562 4954 avidam
1580 4899 1755 4958 invasionem
1775 4921 1819 4960 so·

144 4951 212 4993 ense
226 4935 379 5004 rescindat,
393 4939 422 4989 et
439 4949 491 4988 nos
505 4934 542 4988 ad
559 4934 765 5007 beneplacitam
778 4938 955 4997 voluntatem
1004 4988 1073 5044 mii
1088 4989 1132 5044 sui
1162 4990 1226 5045 Hoee
1246 4991 1445 5046 Buamundum
1460 4991 1624 5064 privignum
1646 5010 1730 5052 ,uum
1752 4997 1819 5053 odi„

1004 5080 1138 5149 habebat,
1154 5086 1283 5138 metuens
1296 5099 1332 5139 ne
1347 5100 1401 5155 per
1416 5099 1493 5152 eum,
1508 5084 1574 5157 quia
1591 5086 1693 5143 tortior
1710 5095 1774 5145 erat
1792 5096 1821 5146 et

160 5237 186 5248 ,,
517 5233 522 5245 ,
836 5239 841 5250 ι
1005 5190 1089 5230 sensu
1109 5175 1255 5248 inultaqne
1277 5176 1419 5247 probitate
1439 5177 1573 5250 pollebat,
1589 5180 1727 5250 ltogerius
1745 5182 1820 5238 iilius

145 5239 216 5307 silvo,
233 5237 267 5292 de
287 5239 365 5290 turre
381 5234 539 5290 Crescentis
556 5251 621 5290 cum
640 5235 715 5293 clero
733 5253 843 5310 murram
858 5242 954 5310 exivit,
1004 5283 1071 5323 ,uus
1093 5268 1238 5325 amittere,
1258 5268 1391 5324 ducatum
1415 5270 1524 5342 Apufiae
1548 5277 1577 5327 e,
1598 5272 1747 5344 Calabri&
1770 5277 1821 5348 qui

145 5341 173 5391 et
188 5333 341 5389 eomitante
359 5330 430 5386 ‘1⁰⁰⁰
447 5347 512 5387 ⁰¹¹¹ss
528 5331 618 5389 talida
632 5349 719 5390 manu
730 5336 842 5407 ductus,
854 5339 955 5397 Albam
1004 5359 1058 5416 sibi
1078 5361 1261 5433 competebat
1277 5361 1457 5419 haereditario
1469 5363 1545 5434 jure,
1561 5364 1642 5421 Unde
1654 5366 1719 5439 ipsa
1731 5369 1819 5425 lethi·

144 5432 240 5488 adit'ii.
259 5431 337 5485 Hanc
355 5428 450 5500 itaque
470 5429 570 5484 urbem
589 5432 724 5488 Ascanius
742 5435 841 5506 Julius,
860 5438 956 5495 AEiteae
1002 5453 1094 5509 feram
1117 5455 1264 5526 potionem
1290 5454 1420 5523 confecit,
1444 5459 1475 5512 ei
1496 5458 1699 5516 psalernitanis
1723 5463 1817 5519 archi.

144 5529 231 5597 tilius,
255 5526 388 5595 condidit,
411 5530 440 5582 et
467 5526 669 5584 Constantinus
690 5531 834 5602 Angustus
858 5540 955 5591 macto
1004 5547 1072 5603 atris
1091 5546 1177 5617 misit,
1193 5547 1270 5604 iuter
1288 5564 1360 5621 quos
1378 5548 1501 5607 enutrita
1518 5550 1623 5621 iuerat,
1638 5556 1668 5609 et
1683 5569 1702 5610 a
1716 5556 1820 5628 quibus

144 5625 277 5684 Silvestre
296 5639 380 5698 pepe
402 5622 493 5681 dedit.
515 5625 575 5681 llus
597 5628 706 5700 autern,
727 5629 880 5702 apostoliea
902 5631 954 5688 be·
1003 5639 1202 5699 veneficiorum
1219 5640 1408 5700 eruditionem
1424 5647 1600 5716 perceperat.
1615 5646 1751 5705 Protinus
1763 5649 1820 5724 ipsi

145 5721 307 5783 sedictione
330 5725 453 5797 recepta,
476 5722 532 5782 iter
554 5723 590 5781 ad
616 5739 697 5783 mue
722 5726 900 5801 ameleravit,
925 5731 957 5820 at
1003 5732 1180 5794 elnaem
1191 5733 1821 5819 domineetalnmnresneeognorernnt,et

145 5050 227 5090 sciam
241 5033 356 5104 dirigat.
371 5051 386 5082 u

180 5140 227 5195 Sic
244 5138 350 5193 iratum
363 5135 466 5192 ducem
481 5152 556 5209 papa
574 5136 681 5209 lenivit,
695 5145 866 5214 acceptoque
886 5159 954 5214 con·
