3750 6046
88 186 141 249 339
773 182 934 241 deremet
952 184 1084 242 VlTltLlS
1718 183 1770 241 ele

90 314 202 367 exteros
216 312 386 382 paupertate
402 309 505 382 premi,
521 324 606 381 quem
621 306 696 364 inter
710 323 775 364 suos
793 307 902 363 dissen-
915 320 944 394 Α
955 324 1054 381 regem
1067 307 1146 378 adiit,
1161 311 1267 365 etcum
1285 325 1320 364 eo
1334 308 1465 365 alacriter
1482 305 1563 382 qrxasi
1577 306 1613 363 ad
1625 305 1727 362 ludum
1740 305 1770 362 in

89 405 181 460 siones
199 403 295 458 fovere
314 404 432 474 malens,
449 402 599 459 Odilonem
619 401 783 457 monasterii
801 402 844 457 sui
858 402 903 457 ab
954 401 1117 458 Flendriam
1136 402 1262 459 accessit.
1283 401 1445 461 liodbertus
1463 404 1561 459 autem
1575 399 1673 457 Fresio
1690 415 1768 456 exer·

89 498 186 553 batem
199 502 364 553 reverenter
372 496 453 565 adiit,
465 495 651 551 ethumiliter
660 495 695 549 ab
705 494 904 551 illolicentiam
954 496 1042 551 citum
1063 497 1177 552 Heurici
1197 496 1377 571 imperatoris
1398 496 1495 553 cuneis
1516 496 1575 551 suis
1597 492 1723 562 sociavit,
1743 499 1771 548 et

89 589 291 662 peregrinandi
318 589 400 661 petiit
428 596 455 645 et
481 589 598 660 aceepit.
627 589 715 643 Porro
743 588 903 644 illitteratus
954 590 1103 646 [lominica
1114 591 1347 663 septuagesimae,
1360 608 1377 645 x
1390 591 1450 646 Kal.
1467 589 1556 646 llartii
1569 604 1668 656 inane,
1682 588 1771 659 impe·

88 683 176 739 abbas
190 683 286 739 metiri
300 683 444 739 nesciebat
458 687 580 754 quantus
593 683 740 753 sapientiae
754 682 904 737 thesaurus
954 686 1030 739 ratos
1049 685 1266 756 praeoccupavit,
1288 688 1318 740 et
1335 683 1466 756 Philippo
1487 699 1557 756 rege
1571 698 1638 738 cum
1659 681 1771 736 Francis

89 778 119 832 in
135 778 253 850 praelato
267 777 382 832 doctore
399 776 513 831 latebat.
529 774 594 831 ldeo
610 774 823 831 desiderabilem
837 776 902 847 phi·
953 778 1091 850 fugiente,
1104 777 1256 834 arnulfum
1268 779 1389 834 fratrem
1402 794 1486 833 suum
1497 775 1711 833 etBalduinum
1723 791 1771 830 ne-

88 871 240 943 losophum
259 871 295 926 de
313 869 487 925 monasterio
507 885 558 923 suo
580 866 660 925 facile
680 869 801 936 dimisit;
817 887 903 941 quem
953 874 1052 944 potem
1071 888 1155 927 suum
1171 874 1199 927 et
1212 871 1393 927 Guillelmum
1414 870 1550 927 comitem
1568 868 1633 925 telis
1653 884 1770 924 suorum

89 965 242 1036 Gregorius
254 965 298 1019 Vll
312 978 387 1034 papa
398 962 561 1018 venientem
577 962 613 1017 ad
627 978 658 1018 sc
674 962 799 1035 gaudens
812 981 903 1019 susce·
954 965 1066 1020 occidit.
1080 967 1181 1021 Postea
1190 965 1367 1021 Morinorum
1381 966 1518 1021 ducatum
1530 964 1580 1020 diu
1592 962 1698 1032 tenuit,
1712 978 1772 1017 mo·

89 1059 142 1129 pit,
157 1057 327 1112 cardinalem
342 1056 452 1112 Sanctae
466 1056 603 1112 Romanae
623 1056 752 1112 Ecclesiae
767 1057 902 1129 praelecit,
953 1058 1087 1131 risusque
1115 1059 1180 1113 tiliis
1206 1060 1280 1129 suis,
1305 1059 1450 1115 liudberto
1475 1056 1715 1129 ierosolymitano
1744 1060 1772 1110 et

89 1153 117 1206 et
136 1150 265 1205 Urbanus
287 1165 358 1221 papa
378 1149 440 1220 jam
459 1150 610 1222 probatum
629 1150 659 1205 in
678 1151 775 1206 multis
797 1154 902 1207 metro·
952 1152 1093 1224 Philippo,
1107 1152 1230 1225 reliquit.
1246 1150 1386 1209 Guillelmi
1405 1168 1472 1208 vero
1488 1151 1599 1207 comitis
1619 1165 1724 1221 corpus
1742 1148 1772 1202 in

88 1243 249 1316 politanum
262 1243 394 1299 adversis
409 1243 486 1299 urbis
498 1243 665 1299 solemniter
675 1243 827 1300 ordinavit.
840 1246 903 1300 llaec
952 1245 1153 1300 Normanniam
1168 1261 1185 1299 a
1199 1244 1256 1300 suis
1269 1245 1394 1300 delatum
1408 1250 1460 1316 est,
1474 1247 1503 1301 et
1515 1245 1546 1300 iu
1560 1243 1690 1299 coenobio
1704 1244 1770 1299 Cor·

88 1337 156 1393 urbs
176 1339 305 1409 tempore
327 1338 429 1393 Leonis
447 1353 528 1409 papea
547 1337 616 1391 noni
629 1353 646 1392 a
659 1338 837 1406 Normannia,
853 1338 903 1410 qui
953 1339 1093 1409 meliensi,
1110 1355 1175 1394 cum
1189 1354 1296 1410 magno
1315 1355 1433 1394 suorum
1451 1339 1542 1407 luctu,
1556 1336 1703 1410 sepultum
1718 1339 1770 1391 est.

87 1430 182 1503 primo
205 1430 336 1502 Apuliam
358 1431 550 1499 incoluerunt,
576 1435 739 1486 constructe
763 1435 816 1499 est,
839 1437 904 1488 eta
952 1433 1012 1488 lluo
1021 1432 1127 1504 quippe
1139 1431 1267 1488 coenobia
1277 1430 1583 1488 monachoruminsuo
1591 1428 1770 1502 patrimonio

87 1525 233 1593 llomanis,
249 1525 317 1596 quia
331 1524 365 1578 ab
388 1524 512 1579 adversis
530 1523 583 1579 sibi
603 1524 721 1580 coetibus
743 1524 902 1580 aedificaba-
953 1529 1146 1580 construxerat
1159 1525 1189 1580 in
1203 1525 1309 1580 honore
1321 1529 1426 1581 sauctae
1438 1525 1489 1580 Dei
1501 1522 1653 1595 genitricis
1662 1520 1767 1578 llariae.

89 1620 145 1688 tur,
156 1616 287 1671 Adversis
300 1616 438 1687 dictasscst.
450 1617 514 1670 lloec
526 1616 626 1688 utique
639 1616 743 1671 divitiis
756 1617 901 1689 opulenta,
953 1619 1047 1673 Unum
1057 1618 1173 1690 quidem
1186 1621 1250 1674 crat
1262 1618 1333 1673 hira
1344 1634 1425 1674 secus
1438 1617 1563 1673 lliselem
1574 1604 1708 1683 fluvium,
1721 1613 1774 1669 ubi

88 1710 299 1782 Cisalpinorum
319 1714 452 1781 prompta
468 1709 634 1765 strenuitate
651 1709 796 1780 bellicosa,
814 1711 901 1767 hosti·
913 1682 941 1754 Β
953 1712 1064 1768 adeliza
1074 1727 1143 1767 uxor
1152 1712 1214 1783 ejus
1223 1712 1367 1768 tumulata
1376 1715 1433 1782 est;
1445 1710 1522 1766 aliud
1532 1726 1601 1766 vero
1612 1706 1771 1775 cormeliis,

89 1804 143 1859 bus
162 1802 332 1871 metuende,
353 1802 417 1857 fidis
436 1803 588 1858 clientibus
607 1803 746 1875 sociisque
767 1805 901 1874 colende,
951 1804 1000 1860 ubi
1020 1806 1090 1877 ipse,
1105 1810 1138 1861 ut
1156 1804 1290 1874 diximus,
1310 1805 1444 1861 conditus
1462 1809 1513 1860 est.
1536 1805 1771 1859 Normaunorum

88 1897 321 1952 Normennorum
337 1896 452 1968 optione
468 1896 520 1951 soli
534 1912 616 1968 papae
636 1900 784 1968 gratanter
797 1898 901 1968 obedit,
952 1898 1111 1954 maximum
1121 1899 1288 1955 strenuitate
1297 1898 1438 1954 baronem
1447 1897 1531 1954 valde
1540 1912 1643 1953 omues
1654 1895 1775 1968 planxe-

89 2009 107 2046 a
121 2007 179 2062 quo
194 1989 398 2045 Guitmundum
413 1989 566 2062 sophistam
583 1989 693 2062 mystici
706 1990 803 2046 decori
816 1991 902 2063 pallio
951 1997 1028 2059 runt,
1044 1991 1094 2063 qui
1107 1991 1252 2063 largitates
1267 1992 1327 2063 ejus
1343 1993 1372 2046 et
1385 1990 1500 2047 facetias
1518 1993 1606 2062 atque
1625 1986 1776 2045 mirandas

88 2083 242 2156 insigniter
260 2083 425 2138 redimitum
445 2083 609 2154 pontificem
629 2084 747 2154 accepit.
767 2084 903 2140 Praelotus
952 2084 1107 2157 probitates
1116 2089 1265 2140 noverunt.
1278 2084 1434 2140 Hereditas
1443 2083 1611 2155 ejusarege
1620 2081 1773 2139 Guillelmo

89 2177 275 2249 archipraesul
288 2175 441 2233 Ecclesiam
452 2176 506 2232 sibi
519 2176 701 2232 commissam
715 2177 765 2233 diu
780 2177 863 2245 rexit,
875 2182 904 2233 et
952 2177 1018 2233 liliis
1048 2179 1108 2250 ejus
1141 2177 1289 2233 distributa
1317 2184 1369 2233 cst.
1394 2177 1551 2233 Willelmus
1581 2176 1675 2248 major
1701 2182 1774 2233 natu

88 2270 246 2343 'apostolicis
260 2270 415 2342 privilegiis
430 2270 466 2325 ab
480 2269 560 2324 omni
575 2270 740 2326 mortalium
756 2271 903 2327 exactione
953 2271 1099 2327 Britolium
1118 2276 1145 2327 et
1162 2271 1303 2340 Paccium,
1321 2274 1349 2326 et
1366 2270 1509 2341 reliquam
1526 2272 1639 2342 partem
1659 2271 1773 2342 paterni

89 2364 161 2420 liber
184 2363 297 2436 plausit.
325 2362 440 2419 Plebem
465 2362 589 2419 studiose
611 2364 721 2434 docuit,
746 2364 853 2420 meritis
875 2369 905 2419 et
949 2364 1022 2436 juris
1041 2365 1070 2419 in
1088 2364 1262 2419 Normannia
1282 2362 1414 2432 obtinuit,
1430 2369 1459 2419 et
1473 2364 1554 2419 omni
1574 2363 1631 2418 vita
1646 2380 1698 2419 sua
1711 2364 1773 2420 fere

89 2457 266 2514 orationibus
282 2456 415 2529 protexit,
438 2462 523 2530 atque
543 2459 609 2529 post
627 2456 732 2513 multos
751 2473 858 2530 agones
872 2457 902 2514 in
954 2474 1004 2512 xxx
1019 2457 1102 2512 anuis
1115 2456 1217 2513 tenuit.
1232 2457 1373 2529 Rogcrius
1386 2461 1484 2512 autem
1499 2455 1599 2528 junior
1611 2456 1705 2513 frater
1724 2474 1772 2513 co·

88 2552 228 2608 virtutum
243 2550 388 2606 exercitiis
405 2550 440 2606 ad
455 2550 606 2607 Dominum
621 2551 756 2624 perrexit.
953 2551 1085 2605 miletum
1099 2550 1326 2620 herfordensem,
1339 2553 1489 2623 totumque
1501 2549 1626 2605 fundum
1641 2550 1733 2622 patris
1743 2550 1773 2606 in

953 2643 1057 2715 anglia
1074 2642 1211 2713 obtinuit;
1227 2642 1276 2698 sad
1291 2643 1377 2715 paulo
1398 2648 1462 2715 post
1481 2646 1599 2716 propter
1616 2643 1773 2715 perfidiam

954 2739 983 2793 et
995 2735 1167 2809 proterviam
1181 2751 1273 2805 suam,
1287 2743 1319 2791 ut
1337 2736 1367 2792 iu
1383 2736 1569 2809 sequentibus
1589 2737 1772 2806 enodabitur,

954 2827 1090 2902 perdidit.

127 2917 208 2971 &⁰¹¹⁰
227 2913 326 2984 (lulum
341 2912 424 2984 regni
438 2912 482 2967 ³¹¹5
497 2910 563 2984 (65),
582 2910 748 2967 Gfllflsslmsss
763 2928 811 2967 ¹¹³¹
827 2912 903 2968 Gflll·
991 2933 1108 3004 Regina
1119 2930 1254 3001 ldathildi,
1269 2932 1334 2988 licet
1347 2938 1485 3005 potenter
1499 2938 1636 3006 regnaret
1648 2941 1677 2990 et
1692 2934 1776 2990 innu-

91 2704 157 2760 lllV.
176 2704 358 2758 Dissensiones
371 2704 443 2757 inter
462 2703 604 2757 comitates
623 2702 759 2756 Flondriae
777 2701 902 2756 heredes.

190 2785 331 2841 diethildis
344 2787 440 2854 regine
454 2786 649 2841 Nornrcnnium
663 2784 805 2853 gubernat.

91 3008 210 3062 lelmum
220 3006 339 3062 Osberni
349 3005 439 3060 filium
452 3004 790 3072 misilinNormauniam,
801 3009 832 3061 ut
841 3022 904 3061 cum
915 3044 942 3118 C
955 3027 1042 3082 meri,
1056 3024 1157 3097 opibus
1170 3025 1339 3094 abundaret,
1354 3028 1446 3082 luctus
1462 3027 1566 3100 ingens
1585 3033 1666 3084 ortus
1681 3030 1726 3084 esp
1740 3029 1775 3086 de

92 3099 225 3156 Mfllhssde
240 3100 341 3172 regina
356 3100 485 3154 lueretur
500 3097 685 3169 Pl⁰li¹¹⁰l⁸¹¹¹·
955 3125 1047 3175 morte
1064 3117 1162 3191 petris,
1178 3119 1213 3174 de
1230 3119 1403 3176 desolatione
1421 3119 1532 3191 matris,
1549 3120 1585 3178 de
1603 3122 1774 3178 crudelitate

128 3218 205 3272 Tarne
215 3214 304 3270 nimie
317 3214 454 3270 dissensio
464 3213 538 3269 inter
547 3213 723 3286 principatus
734 3214 862 3269 haeredes
874 3213 904 3270 iu
955 3213 1039 3269 errius
1059 3213 1169 3284 fratris,
1193 3213 1243 3284 qui
1268 3214 1352 3269 ruina
1374 3214 1469 3270 subito
1489 3214 1566 3270 facta
1591 3219 1636 3270 est
1657 3215 1774 3272 alterius

94 3309 226 3365 Flandria
240 3307 373 3363 surrexit.
390 3307 543 3362 halduinus
563 3307 641 3362 enim
662 3323 751 3379 gener
768 3306 905 3365 liodberti
953 3306 1046 3363 fratris
1062 3313 1090 3362 et
1104 3306 1182 3361 chari
1195 3307 1308 3378 nepotis
1327 3323 1392 3362 cum
1407 3308 1505 3364 multis
1521 3308 1631 3364 amicis.
1648 3308 1693 3365 Sic
1710 3325 1774 3364 om·

93 3403 170 3475 regis
185 3404 370 3471 Francorum,
382 3400 555 3456 fortissimus
566 3399 779 3456 Flaudreusium
794 3404 905 3472 satrapa
954 3400 1086 3471 nipotens
1100 3400 1171 3456 Deus
1189 3400 1371 3456 immemores
1389 3401 1433 3456 sui
1454 3401 1617 3475 terrigenas
1636 3402 1773 3475 percutit,

94 3496 157 3565 fuit,
174 3501 202 3551 et
216 3511 250 3551 ex
264 3494 352 3550 Adule
371 3494 491 3566 conjuge
511 3509 560 3548 sue
579 3492 651 3548 lilios
670 3496 698 3547 ct
716 3492 787 3548 illias
810 3495 905 3565 plures
955 3492 1091 3565 superbos
1104 3492 1212 3564 deJicit,
1224 3496 1253 3549 et
1271 3494 1347 3565 quod
1363 3494 1531 3551 dominetur
1546 3496 1674 3552 excelsus
1689 3513 1775 3568 super

94 3585 903 3660 multimodeindolepollenteshabuitllodbertusFresio,
954 3602 1070 3641 omnem
1088 3588 1197 3640 terram
1214 3585 1306 3641 lucide
1328 3587 1462 3643 ostendit.
1488 3588 1654 3645 Radbertus
1676 3588 1775 3661 itaque

94 3683 239 3752 breulius,
258 3681 421 3752 balduinus,
439 3680 500 3736 Udo
519 3681 703 3736 Treverorum
720 3680 906 3752 archiepisco·
955 3679 1048 3734 Fresio
1063 3682 1152 3734 totam
1165 3678 1218 3734 sibi
1231 3679 1395 3736 Flaudriam
1410 3680 1526 3754 subegit
1540 3685 1569 3737 et
1584 3682 1645 3738 tere
1658 3699 1715 3738 xxx
1727 3698 1776 3737 an·

94 3793 147 3848 pus
162 3780 190 3832 et
204 3775 341 3831 llenricus
361 3774 478 3830 clericus
497 3776 526 3829 et
543 3773 684 3829 llathildis
701 3773 801 3846 regina
819 3778 905 3847 atque
956 3771 999 3826 uis
1015 3772 1149 3843 possedit,
1168 3771 1380 3844 amicitiamque
1404 3773 1529 3847 Philippi
1552 3775 1630 3847 regis
1653 3776 1777 3831 Franco·

93 3869 192 3925 iudith
219 3884 290 3925 uxor
314 3867 416 3923 Tostici
443 3867 555 3922 comitis
582 3866 694 3922 soboles
722 3867 850 3922 Balduiui
877 3870 906 3923 et
954 3881 1020 3921 rum
1034 3864 1115 3920 facile
1130 3866 1297 3937 promeruit.
1313 3866 1368 3937 lpsi
1381 3883 1486 3939 nempe
1498 3868 1646 3939 majorum
1660 3869 1776 3940 origine

94 3962 189 4018 Adaloe
202 3964 277 4016 sunt.
293 3962 330 4015 lle
344 3975 468 4031 quorum
482 3958 607 4015 moribus
621 3965 650 4014 et
662 3959 745 4014 variis
758 3960 905 4017 eventibus
955 3962 1037 4014 erant
1050 3957 1222 4028 consobrini,
1239 3963 1268 4013 et
1280 3959 1364 4014 ambo
1383 3960 1520 4032 conjuges
1538 3960 1688 4018 habebant
1704 3962 1777 4017 filias

95 4054 230 4125 sophista
242 4068 348 4124 magua
359 4052 504 4107 volumine
514 4056 822 4123 componerepossuut.
833 4053 905 4110 Rod·
956 4050 1088 4107 Florentii
1098 4051 1263 4107 Fresionum
1279 4052 1423 4121 marchisi,
1438 4055 1466 4109 et
1479 4053 1532 4109 lilii
1543 4069 1645 4110 eorum
1661 4055 1776 4113 vinculo

93 4147 192 4202 bertus
203 4143 414 4217 primogenitus
424 4144 595 4215 jamdudum
610 4146 721 4216 petrem
736 4143 904 4216 offenderat,
955 4144 1116 4217 hujusmodi
1137 4145 1351 4201 necessitudinis
1369 4146 1425 4202 huc
1444 4162 1534 4219 usque
1548 4150 1688 4205 tenentur
1704 4166 1776 4207 con·

93 4255 185 4312 aquo
211 4239 341 4309 repulsus
365 4241 394 4293 et
416 4238 533 4308 eJectus,
552 4237 587 4292 ad
610 4237 782 4293 Florentium
802 4238 905 4296 ducem
954 4237 1054 4294 stricti.
1074 4239 1160 4293 Porro
1180 4237 1254 4293 inter
1273 4239 1454 4295 Normanuos
1473 4246 1503 4296 et
1522 4241 1684 4297 Flandritas
1706 4244 1777 4300 reci-

94 4333 261 4389 Fresionum
276 4331 364 4403 patris
378 4330 422 4385 sui
434 4331 547 4387 hostem
557 4333 722 4399 secesserat,
737 4331 819 4404 eique
831 4331 906 4388 lavo·
956 4331 1021 4386 diva
1043 4331 1180 4386 dissensio
1206 4331 1329 4402 prodiit,
1356 4338 1385 4388 et
1407 4337 1524 4405 propter
1550 4349 1653 4393 necem
1680 4337 1777 4393 fratris

93 4426 222 4483 rabiliter
232 4423 448 4482 serviensliliam
458 4425 520 4496 ejus
530 4423 559 4480 in
569 4424 736 4497 conjugium
747 4429 902 4496 acceperat.
913 4408 944 4481 D
955 4423 1072 4495 regina,
1091 4423 1271 4496 aliorumque
1290 4423 1431 4494 affinium,
1448 4431 1477 4481 et
1491 4426 1618 4484 maxime
1636 4445 1691 4500 pro
1710 4446 1779 4486 casu

93 4522 174 4578 Unde
188 4519 370 4577 Flandrcnsis
383 4519 441 4575 dux
453 4518 637 4575 vehementer
646 4519 735 4574 iratus
746 4519 903 4587 intremuit,

93 4616 256 4672 Fresionem
272 4630 338 4670 eum
353 4630 411 4686 prae
425 4613 467 4668 ira
481 4612 702 4685 cognominavit,
719 4615 828 4668 etcum
843 4628 904 4669 om·

91 4709 158 4765 niue
169 4715 310 4764 extorrem
324 4707 505 4778 denuntians,
517 4706 667 4762 ernulfum
674 4705 747 4777 juris
759 4705 802 4760 sui
816 4705 905 4763 heere·

93 4803 159 4858 dem
173 4801 327 4857 constituit.
344 4802 406 4856 h'ou
421 4801 511 4856 multo
526 4806 591 4872 post
610 4799 763 4854 balduinus
781 4799 835 4854 dux
851 4798 903 4854 de-

90 4895 203 4951 functus
217 4898 269 4964 est,
285 4895 461 4950 sterculius
476 4893 651 4950 ldorinorum
666 4892 799 4947 ducatum
817 4908 904 4964 parvo

91 4992 222 5061 tempore
234 4991 334 5043 nactus
343 4991 394 5043 est.
404 4989 475 5043 Nam
485 4986 643 5043 liodbertus
652 4985 746 5041 Fresio
756 4986 904 5056 ingentem

91 5081 269 5150 Fresionum‚
282 5081 459 5153 aliarumque
472 5081 601 5152 gentium
614 5082 754 5135 catervam
768 5095 905 5152 aggrega-

92 5175 140 5242 vit,
156 5177 185 5229 et
200 5173 361 5230 Flandriam
376 5175 479 5230 obnixe
493 5173 677 5246 expugnavit.
693 5173 839 5245 Philippus
853 5190 903 5230 au·

90 5273 150 5323 tem
161 5283 212 5323 rex
223 5268 409 5333 Francorum,
420 5268 469 5341 qui
479 5267 710 5341 consanguineus
719 5270 782 5323 crat
791 5282 902 5336 eorum,

89 5361 124 5417 ad
146 5361 285 5417 auxilium
303 5361 412 5417 arnulli
432 5362 585 5418 exercitum
603 5361 745 5417 Gallorum
759 5361 902 5429 adunavit,

91 5457 120 5510 et
133 5454 318 5511 Guillelmum
337 5454 472 5512 comitem
490 5455 671 5511 Normannia
692 5454 838 5511 custodem
857 5470 902 5511 ec·

89 5549 196 5607 cersiit.
210 5549 260 5605 llle
274 5565 341 5606 vero
361 5566 427 5606 cum
447 5549 546 5607 decem
565 5548 746 5607 solummodo
766 5546 903 5606 militibus

121 5713 170 5781 (es)
183 5712 264 5766 huno
277 5711 379 5768 Christi
392 5711 462 5767 1071.

953 4517 1095 4573 Guillelmi
1112 4517 1223 4572 comitis
1245 4516 1292 4573 diu
1314 4518 1487 4589 perduravit.
1506 4520 1638 4577 Turbatis
1653 4522 1686 4578 in
1705 4524 1777 4578 Nor·

954 4610 1068 4665 mannia
1080 4610 1174 4677 rebus,
1185 4626 1236 4665 rex
1244 4610 1355 4683 Angliee
1366 4628 1491 4684 regnum
1502 4613 1614 4685 optime
1623 4615 1777 4688 disposuit,

954 4702 1055 4775 etipse
1074 4702 1105 4757 iu
1125 4703 1337 4773 Normanniam,
1355 4707 1389 4759 ut
1408 4704 1517 4762 ibidem
1537 4707 1637 4763 omnia
1656 4714 1736 4766 recte
1751 4715 1780 4766 et

955 4796 1061 4851 utiliter
1074 4795 1236 4864 edomaret,
1251 4798 1423 4869 properavit.
1433 4799 1540 4856 Audito
1555 4800 1687 4874 undique
1701 4803 1779 4875 regis

954 4889 1089 4958 adventu,
1103 4890 1180 4961 pacis
1193 4893 1336 4947 amatores
1347 4891 1436 4948 laetati
1449 4899 1526 4962 eunt,
1538 4893 1590 4949 sed
1602 4894 1657 4950 filii
1671 4895 1779 4953 discor·

954 4983 1007 5039 dioe
1023 4989 1051 5038 ct
1065 4983 1133 5039 foedi
1147 4983 1299 5041 sceleribus
1319 5001 1354 5041 ex
1375 4987 1551 5043 conscientia
1571 5004 1711 5061 nequam,
1726 4990 1778 5046 ad·

954 5076 1084 5133 veniente
1092 5077 1194 5146 ultore,
1202 5082 1446 5136 contremuerunt.
1454 5081 1777 5140 TuncNormannorum

954 5175 981 5227 et
989 5170 1272 5228 cenomannensium
1283 5173 1406 5244 majores
1418 5174 1617 5247 congregavit,
1632 5179 1663 5232 et
1673 5193 1777 5234 omnes

952 5264 987 5320 ad
1004 5280 1101 5335 pacem
1115 5268 1144 5321 et
1152 5264 1293 5336 justitiam
1307 5267 1462 5323 masadam
1476 5267 1569 5340 regali
1583 5269 1704 5326 hortatu
1716 5286 1779 5326 cor-

953 5358 1106 5416 roboravit.
1123 5360 1277 5433 Episcopos
1295 5377 1410 5435 quoque
1430 5365 1460 5418 et
1478 5363 1683 5421 ecclesiasticos
1700 5364 1778 5421 viros

953 5453 1107 5509 admonuit
1126 5457 1157 5509 ut
1174 5454 1248 5510 bene
1268 5454 1407 5526 viverent,
1424 5460 1455 5513 ut
1472 5456 1568 5528 legem
1592 5457 1646 5514 Dei
1663 5457 1778 5532 jugiter

953 5547 1141 5618 revolverent,
1156 5551 1189 5605 ut
1208 5548 1340 5607 Ecclesia
1358 5548 1409 5608 liei
1428 5550 1624 5611 communiter
1641 5553 1776 5614 comde-
