3750 6046
153 216 205 272 aar
717 172 720 181 ¹
838 212 1000 271 canneru
1020 210 1150 269 virtus
1779 210 1833 266 saa

153 341 274 412 gloriose
296 339 455 412 dirigebat;
479 355 531 411 pro
554 356 610 411 quo
632 337 703 393 dura
718 341 746 393 et
763 354 862 410 aspera
881 339 967 411 huius
976 339 1071 426 Azali
1093 341 1167 393 sunt.
1190 335 1264 408 llagi
1285 336 1393 404 autem,
1415 339 1448 391 ut
1467 351 1518 392 sua
1541 334 1679 408 figmenta
1702 332 1777 390 nihil
1803 335 1834 388 in

150 432 246 488 seculi
258 432 458 507 aequanimiter
470 432 655 506 perferrebat.
670 432 829 487 Romanum
843 432 960 505 Tarqui·
1014 432 1135 489 militem
1159 429 1264 488 Christi
1288 430 1381 487 velere
1405 431 1626 502 compererunt,
1652 427 1777 501 propriis
1802 443 1834 483 se

150 526 232 582 nium
254 529 367 598 patrem
386 543 480 595 saum,
504 525 701 597 Euticiamque
722 528 845 581 matrem
869 526 962 597 piissi-
1014 526 1111 581 cultris
1125 524 1341 581 interemerunt.

152 635 242 688 mam,
256 619 358 677 Christi
370 619 525 690 cultricem,
539 634 604 673 cum
616 617 678 673 aliis
695 616 792 673 amicis
810 621 839 673 et
856 633 963 690 cogna-
1048 620 1162 674 Interea
1186 617 1308 673 Licinius
1332 615 1430 673 consul
1456 617 1564 672 famam
1588 614 1665 670 beati
1688 613 1833 687 pontificis

151 712 187 767 tis
199 714 298 769 Rome
309 711 478 785 reliquerat;
493 711 611 783 etjussu
624 710 777 767 Clementis
789 727 881 783 papa,
897 727 964 767 cum
1012 710 1131 778 audivit,
1149 711 1303 783 ipsumque
1320 709 1375 765 sibi
1391 708 1499 767 dissice
1519 707 1585 764 villa
1604 706 1774 780 praesentari
1793 707 1834 762 fe·

150 805 281 879 Dionysio
303 807 396 861 lonico
416 804 513 862 Gallias
538 803 662 860 tenellus
686 804 766 860 exsul
788 809 963 876 penetrarat.
1013 805 1060 860 cit.
1087 803 1152 871 Qui,
1178 819 1244 859 cum
1267 803 1446 872 traheretur,
1473 800 1589 858 obvium
1613 800 1714 857 habuit
1740 815 1832 856 unum

151 899 300 956 Grassante
317 898 440 953 nimium
458 897 585 954 secunda
602 897 811 969 persecutione,
827 913 891 970 quae
911 897 963 954 sub
1013 896 1211 970 paralyticum,
1236 911 1422 968 sororemque
1445 895 1507 966 ejus
1528 909 1645 965 caecam,
1663 892 1784 949 surdam
1803 898 1831 949 et

150 989 638 1058 Domitianoinchristianosfuruit,
650 989 801 1062 praedictus
812 989 963 1063 Dionysius
1013 992 1131 1046 meum.
1149 990 1283 1046 Protinus
1301 989 1349 1045 ille
1369 1003 1472 1062 aquam
1490 985 1645 1058 benedixit,
1660 1002 1755 1059 agros
1768 1003 1832 1059 par·

151 1083 315 1140 Parisiensis
331 1083 478 1156 episcopus
495 1083 649 1140 Taurinum
667 1082 786 1139 filiolum
801 1099 887 1139 suum
902 1083 964 1155 jam
1012 1083 1086 1140 fudit
1099 1086 1128 1139 et
1140 1099 1205 1139 mox
1224 1082 1336 1138 sanitati
1354 1080 1487 1138 restituit.
1501 1079 1651 1139 carnifices
1670 1080 1724 1135 hoc
1746 1079 1825 1136 vide·

151 1175 419 1249 quadragenarium,
434 1177 586 1249 presulem
601 1175 751 1245 ordinavit,
765 1180 794 1232 et
806 1175 964 1233 vaticinatis
1012 1183 1080 1233 runt
1093 1179 1122 1234 et
1136 1176 1166 1232 in
1182 1176 1334 1233 Dominum
1347 1175 1443 1231 statim
1456 1174 1651 1231 crediderunt.
1665 1173 1740 1229 llum
1753 1189 1829 1246 pras·

151 1269 361 1344 pluribusque
380 1287 512 1343 passurus
533 1274 602 1342 erat,
622 1269 837 1327 libroicensibus
858 1270 888 1325 in
910 1285 962 1326 no·
1013 1270 1096 1327 sulet
1111 1270 1209 1327 consul
1226 1269 1262 1326 de
1279 1268 1441 1325 idololatria
1456 1270 1485 1324 et
1501 1267 1650 1324 theusebia
1669 1265 1829 1340 procaciter

150 1364 227 1420 mine
249 1364 359 1420 Domini
382 1364 493 1421 direxit.
513 1364 579 1420 Viro
600 1363 651 1420 llei
671 1363 707 1420 ad
730 1368 824 1436 portas
843 1363 963 1420 civitatis
1013 1365 1226 1433 altercarentur,
1249 1364 1279 1418 ct
1299 1361 1403 1436 presul
1421 1361 1503 1433 jussu
1529 1360 1652 1417 consulis
1675 1358 1827 1416 irrationa-

151 1456 401 1530 eppropinquanti,
419 1457 532 1513 damon
545 1457 576 1513 in
590 1457 680 1513 tribus
699 1456 844 1530 figmentis
862 1473 891 1514 se
910 1474 961 1530 op·
1011 1458 1106 1514 bititer
1118 1457 1238 1513 furentis
1254 1456 1348 1513 nudus
1363 1455 1451 1526 virgis
1463 1454 1631 1523 caederetur,
1648 1454 1740 1509 lleum
1759 1452 1827 1508 lide-

150 1551 255 1622 posuit,
281 1550 386 1607 scilicet
406 1550 436 1606 in
461 1550 553 1623 specie
575 1551 633 1606 ursi
649 1556 677 1608 et
698 1548 787 1607 leonis
806 1555 834 1607 et
852 1550 961 1620 bubali,
1011 1550 1076 1608 liter
1093 1551 1257 1624 deprecatae
1275 1554 1327 1619 est,
1342 1554 1371 1606 et
1384 1565 1452 1605 mox
1472 1564 1539 1605 voce
1559 1548 1594 1605 dc
1613 1548 1684 1604 coelo
1704 1546 1741 1603 ad
1763 1562 1828 1602 eum

150 1646 260 1700 terrere
275 1643 414 1700 athletam
432 1643 535 1700 Christi
551 1643 650 1701 voluit.
667 1643 720 1701 Sed
740 1644 788 1701 illc
805 1643 916 1700 fortiter
931 1649 963 1701 ut
1011 1645 1096 1701 missa
1117 1645 1292 1701 confortatus
1316 1646 1367 1700 est.
1396 1643 1494 1700 ldanru
1517 1657 1632 1715 quoque
1660 1638 1827 1696 carnificum

33 1766 38 1775 ·
150 1736 380 1810 inexpugnabilis
400 1752 499 1793 murus
517 1737 547 1793 in
567 1736 624 1793 fide
643 1736 775 1809 perstitit,
789 1742 819 1794 et
839 1728 1000 1809 coeptumB
1012 1738 1108 1794 stetim
1127 1741 1280 1805 arueruut;
1304 1735 1425 1815 Licinius
1443 1752 1511 1791 vero
1531 1733 1686 1791 Leonillam
1706 1749 1827 1789 uxorem

151 1832 206 1887 iter
221 1830 342 1902 peregit,
354 1829 565 1902 hospitiumque
580 1831 610 1886 in
628 1829 713 1887 domo
733 1830 811 1887 Lucii
830 1830 961 1903 suscepit.
1012 1848 1105 1901 snam,
1118 1831 1184 1904 quia
1201 1830 1372 1905 loquebatur
1388 1846 1440 1904 pro
1459 1830 1520 1885 viro
1536 1828 1595 1899 bei,
1614 1828 1658 1885 ira
1677 1843 1827 1885 succensus

150 1922 246 1980 Tertia
258 1922 313 1992 dic,
330 1923 399 1979 dum
416 1923 553 1979 Taurinos
572 1923 679 1980 ibidem
699 1924 806 1996 populo
825 1923 962 1996 pradica-
1009 1923 1094 1996 jussit
1106 1923 1236 1980 cruciari.

150 2020 206 2086 ret,
221 2020 250 2072 et
261 2016 378 2073 dulcedo
391 2016 459 2073 fidei
472 2017 553 2073 novis
571 2016 750 2074 auditoribus
763 2016 885 2073 multum
900 2018 961 2090 ple·
1047 2019 1120 2074 llum
1135 2017 1196 2074 hec
1208 2018 1375 2090 agerentur,
1388 2014 1506 2072 nuntius
1518 2014 1608 2084 venit,
1625 2013 1723 2072 dicens
1737 2013 1827 2070 fllium

150 2111 236 2178 ceret,
259 2109 357 2165 dolens
378 2108 507 2165 diabolus
528 2109 690 2166 bufresiam
710 2109 787 2165 Lucii
808 2109 895 2165 filiam
913 2127 961 2166 ve·
1013 2112 1074 2183 ejas
1088 2112 1117 2167 in
1132 2110 1282 2167 venatione
1302 2110 1376 2166 circe
1390 2108 1538 2166 castellum
1557 2108 1648 2165 alerci
1670 2107 1826 2180 precipitio

150 2202 355 2274 xarecoepitet
368 2202 510 2274 inignem
525 2201 639 2274 dejecit.
654 2204 721 2268 Qua
741 2202 836 2259 stetim
851 2208 962 2260 monna
1012 2210 1160 2261 mortuum
1181 2219 1248 2260 cum
1273 2202 1416 2276 armigero
1438 2219 1500 2259 suo.
1523 2201 1648 2258 Licinius
1672 2217 1742 2273 ergo
1764 2217 1827 2256 cum

151 2301 210 2367 est;
230 2296 278 2352 sed
293 2296 379 2368 paulo
398 2301 470 2368 post,
490 2299 589 2352 orante
606 2296 728 2352 Taurino
747 2313 779 2352 ac
793 2296 912 2368 jubente
932 2298 963 2352 ut
1013 2297 1094 2354 omui
1106 2297 1230 2355 exercitu
1251 2313 1301 2353 suo
1320 2296 1405 2353 nimis
1423 2295 1603 2352 contristatus
1621 2297 1673 2364 est,
1687 2299 1716 2351 et
1735 2294 1826 2350 virum

149 2391 312 2461 resurgeret
342 2389 372 2444 in
404 2389 521 2446 nomine
554 2389 686 2458 Domini,
714 2389 879 2446 resuscitata
909 2392 961 2446 cst.
1012 2391 1076 2461 Dei,
1097 2407 1183 2463 quem
1205 2390 1331 2447 cruciare
1351 2392 1488 2462 coeperat,
1506 2392 1579 2445 nutu
1596 2388 1646 2445 llei
1663 2404 1768 2462 rogare
1785 2403 1828 2444 co

147 2481 263 2539 Nullum
281 2482 311 2538 in
331 2499 365 2538 ea
381 2482 496 2555 signum
517 2481 671 2538 adustionis
693 2483 836 2555 apparuit.
857 2482 962 2538 Omnes
1011 2488 1089 2542 actus
1114 2487 1167 2540 est.
1190 2484 1329 2540 Taurinae
1352 2489 1459 2554 autem,
1481 2487 1631 2556 postquam
1653 2482 1684 2537 in
1708 2482 1826 2537 ecclesia

148 2576 238 2649 igitur
253 2575 307 2632 hoc
324 2577 494 2632 miraculum
513 2575 642 2632 videntes
660 2575 754 2632 subito
774 2575 869 2632 territi
885 2581 961 2646 sunt,
1012 2578 1121 2634 Sanctae
1144 2577 1237 2633 llariae
1261 2581 1416 2649 prostratus
1441 2576 1547 2644 oravit,
1571 2591 1635 2631 cum
1662 2575 1772 2647 populo
1792 2574 1826 2630 ed

149 2673 180 2725 et
192 2669 430 2742 obstupescentes,
445 2669 475 2725 iu
489 2671 584 2726 Jesum
603 2669 748 2726 Christum
765 2669 960 2726 crediderunt.
1012 2686 1131 2743 corpora
1144 2670 1345 2727 defunctorum
1360 2669 1494 2741 perrexit.
1509 2667 1551 2724 lbi
1565 2667 1666 2725 devote
1688 2669 1746 2724 fleo
1764 2684 1827 2740 sup·

147 2764 180 2820 ln
200 2763 247 2818 illa
267 2762 313 2819 die
330 2778 381 2819 cxx
402 2762 535 2819 homines
557 2762 690 2834 baptizati
715 2767 791 2832 sunt,
812 2767 874 2819 octo
896 2761 962 2818 ceci
1012 2764 1135 2836 plicavit,
1151 2763 1295 2836 finitisque
1310 2762 1442 2836 precibus
1460 2778 1579 2818 manum
1599 2760 1698 2819 fdarini
1713 2760 1826 2833 juvenis

148 2855 302 2912 illuminati
324 2859 351 2912 et
371 2858 495 2929 quatuor
514 2856 586 2912 muti
607 2855 717 2924 sanati,
741 2855 844 2928 aliique
867 2856 962 2928 plures
1012 2855 1173 2912 consobrini
1186 2855 1229 2911 sui
1242 2855 1441 2929 apprehendit,
1457 2871 1583 2927 eumque
1598 2854 1628 2910 in
1644 2855 1763 2911 nomine
1776 2855 1826 2910 llo

148 2965 182 3006 ex
205 2949 321 3007 diversis
343 2949 553 3005 infirmitatibus
572 2949 603 3005 in
622 2950 740 3005 nomine
760 2949 875 3006 Domini
897 2952 963 3005 sant
1012 2950 1114 3006 miuia
1133 2952 1224 3005 morte
1247 2949 1435 3006 resuscitavit.
1459 2947 1540 3014 Quod
1561 2947 1684 3003 Licinius
1706 2953 1736 3005 et
1755 2965 1827 3004 uxor

151 3043 251 3099 curati.
1012 3043 1073 3117 ejus
1089 3048 1118 3100 et
1130 3058 1231 3100 omnes
1247 3042 1396 3116 optimates
1414 3042 1475 3115 ejus
1492 3041 1620 3098 videntes
1640 3040 1731 3113 gavisi
1750 3045 1824 3109 sunt,

972 3088 1000 3164 G

182 3136 290 3193 Deinde
310 3135 448 3192 Taurinae
471 3136 572 3191 fanum
597 3136 693 3192 utana
718 3136 847 3205 intravit,
874 3136 963 3192 Zabu·
1012 3142 1040 3194 et
1056 3136 1237 3209 procidentes
1250 3136 1288 3192 ed
1301 3135 1430 3208 praesulis
1443 3136 1542 3209 pedes,
1558 3151 1671 3192 sacrum
1692 3135 1746 3191 sibi
1758 3135 1826 3207 bap·

145 3229 265 3304 lamque
283 3246 379 3287 coram
400 3229 503 3302 populo
524 3228 666 3286 visibilem
690 3232 782 3286 astare
803 3230 835 3286 in
857 3230 962 3286 virtuts
1011 3230 1098 3288 dama
1115 3230 1176 3287 deri
1195 3229 1351 3302 petierunt.
1371 3229 1508 3302 baptizati
1531 3234 1597 3286 sunt
1616 3227 1712 3302 itaque
1730 3228 1761 3285 in
1781 3228 1826 3283 illa

144 3325 196 3382 llei
212 3323 319 3397 coegit;
341 3340 398 3398 quo
420 3323 492 3392 viso,
514 3323 628 3379 ethnica
650 3322 729 3396 plebs
750 3323 831 3380 raldo
854 3322 961 3380 timuit.
1012 3323 1058 3380 die
1074 3323 1150 3380 mille
1163 3323 1278 3380 ducenti
1294 3320 1356 3378 viri.

145 3419 218 3474 Nam
231 3416 381 3474 manifeste
392 3415 525 3489 apparuit
534 3415 574 3472 eis
584 3416 714 3488 AEthiops
724 3415 808 3489 niger
818 3420 850 3472 ut
860 3415 960 3488 fuligo,
1048 3416 1153 3473 lleinde
1166 3417 1270 3473 Marino
1284 3415 1413 3488 poscenti
1427 3432 1480 3488 pro
1499 3415 1645 3489 armigero
1659 3430 1712 3471 suo
1726 3412 1825 3471 Tauri·

144 3510 262 3568 barbam
283 3509 393 3567 habens
418 3509 573 3582 prolixam,
597 3511 627 3565 et
648 3508 785 3566 scintillas
807 3509 904 3583 igneas
928 3525 962 3566 ex
1010 3526 1064 3567 nus
1081 3510 1232 3582 acquievit,
1251 3508 1288 3566 ed
1306 3525 1408 3582 corpus
1427 3508 1552 3578 accessit,
1572 3510 1662 3565 heum
1674 3508 1825 3574 invocavit,

146 3620 196 3662 ore
217 3605 343 3662 mittens.
356 3602 463 3660 Deinde
479 3602 598 3675 angelus
617 3602 731 3660 Domini
750 3602 917 3675 splendidus
931 3605 963 3659 ut
1010 3603 1188 3660 Paschasium
1201 3603 1363 3659 inclamavit
1376 3605 1406 3660 et
1417 3602 1447 3660 in
1461 3602 1564 3659 virtute
1577 3601 1626 3660 bei
1640 3602 1705 3659 rita
1718 3604 1828 3659 restau-

145 3699 187 3757 sol
204 3697 327 3767 advenit,
341 3696 505 3770 cunctisque
519 3697 711 3767 cernentibus,
728 3696 824 3770 ligetis
842 3713 858 3752 a
876 3695 960 3752 dorso
1010 3697 1093 3754 ravit.
1113 3697 1205 3753 Ambo
1226 3697 1280 3753 sibi
1304 3697 1467 3769 superstites
1487 3696 1557 3753 vivis
1580 3695 1741 3753 retulerunt
1764 3711 1827 3769 que

144 3793 274 3849 manibus
288 3792 449 3848 damonem
464 3790 591 3847 abduxit.
611 3791 642 3845 ln
665 3790 713 3845 illa
732 3789 820 3862 igitur
839 3789 884 3845 die
901 3789 959 3846 duo
1010 3789 1136 3846 defuncti
1156 3790 1233 3862 apud
1248 3789 1353 3848 inferos
1373 3790 1516 3847 viderunt.
1533 3789 1698 3846 Paschasius
1718 3789 1828 3847 llariuo

144 3886 236 3944 millia
249 3887 375 3942 virorum
388 3884 523 3955 baptizati
539 3887 615 3951 sunt,
629 3887 658 3939 et
670 3899 771 3939 omnes
784 3882 892 3939 infirmi
904 3899 958 3955 ope
1009 3883 1142 3957 predixit
1154 3883 1233 3956 quod
1244 3884 1275 3939 in
1293 3883 1337 3940 die
1355 3900 1412 3957 quo
1431 3885 1509 3940 albas
1524 3884 1681 3956 deponeret
1700 3898 1827 3939 morere·

143 3980 237 4036 divina
257 3979 347 4034 curati
368 3981 443 4034 sunt.
468 3978 531 4032 llaec
555 3976 696 4033 lleodatus
718 3976 852 4032 Eutresia
871 3976 960 4032 frater
1009 3980 1072 4046 tur;
1094 3978 1170 4050 quod
1192 3978 1230 4034 ita
1251 3979 1356 4034 factum
1378 3983 1429 4035 est.
1447 3979 1517 4034 Nam
1529 3977 1653 4035 llerinus
1673 3976 1729 4033 levi
1748 3977 1829 4033 febre

143 4073 215 4128 vidit
230 4077 258 4128 et
272 4069 402 4138 credidit,
422 4075 451 4126 et
464 4069 622 4141 baptizatus
635 4068 839 4141 presbyterque
857 4069 958 4141 factus,
1009 4075 1154 4143 correptus
1177 4076 1230 4142 est,
1253 4076 1281 4128 et
1301 4075 1403 4128 octava
1424 4070 1470 4129 die
1491 4071 1671 4144 baptismatis
1695 4073 1828 4128 mortuus

143 4167 205 4223 hec
217 4163 357 4222 veraciter
369 4163 471 4233 scripto
487 4162 593 4219 retulit.
606 4163 683 4219 Tunc
695 4161 833 4219 Taurinus
850 4163 958 4221 foedum
1008 4168 1059 4222 ast.

142 4258 237 4317 Iliense
264 4257 365 4313 fanum
392 4256 510 4312 intrarit
538 4256 703 4313 exorcismis
731 4260 760 4312 et
786 4257 959 4314 orationibus
1044 4258 1091 4314 llis
1105 4256 1225 4331 aliisque
1240 4258 1340 4315 multis
1352 4258 1496 4316 miraculis
1504 4256 1653 4329 Taurinos,
1668 4257 1829 4315 libroarum

143 4351 318 4420 emundavit,
335 4352 448 4423 lleoque
462 4351 603 4423 templum
616 4350 645 4406 in
659 4351 770 4407 honore
789 4354 894 4408 sanctae
909 4352 958 4408 Dei
1007 4352 1118 4424 primus
1132 4352 1271 4425 pontifex,
1287 4352 1399 4421 claruit,
1415 4356 1443 4409 et
1461 4353 1552 4409 multa
1567 4352 1658 4408 millia
1673 4351 1828 4409 hominnm

144 4445 292 4519 genitricis
313 4444 408 4500 Maria
430 4443 580 4500 dedicavit.
604 4443 711 4500 lleinde
732 4445 818 4517 coepit
839 4445 997 4529 circum-D
1008 4445 1045 4502 ed
1062 4446 1256 4519 cognitionem
1271 4446 1397 4503 raritatis
1411 4452 1441 4503 et
1451 4445 1570 4520 justitia
1584 4445 1730 4518 perduxit.
1746 4446 1828 4502 lieni·

143 4555 258 4613 quaque
279 4537 355 4595 idola
375 4538 520 4595 destruere
540 4544 569 4594 et
589 4537 719 4595 ecclesias
733 4538 844 4595 Christo
866 4555 959 4595 conse-
1009 4556 1075 4615 que,
1092 4540 1161 4597 dum
1175 4540 1268 4598 Sixtus
1285 4557 1360 4614 papa
1372 4541 1401 4596 in
1421 4540 1487 4597 sede
1505 4540 1662 4613 apostolica
1676 4540 1826 4612 resideret,

143 4650 232 4705 crare,
256 4648 372 4690 omnem
392 4632 533 4689 dioecesim
554 4631 715 4700 circumire,
731 4632 866 4689 meoniae
887 4633 960 4689 ordi·
1009 4639 1038 4692 et
1052 4634 1137 4691 AElius
1149 4634 1290 4692 Adrianus
1302 4634 1511 4707 rempublicam
1525 4634 1708 4707 gubernaret,
1723 4634 1828 4707 plenus

140 4744 221 4797 nare,
236 4728 459 4799 hospitalitatem
473 4725 502 4782 in
515 4726 647 4781 omnibus
660 4726 844 4783 constituere.
1009 4729 1119 4786 dierum
1139 4732 1168 4786 et
1188 4729 1336 4797 virtutum,
1358 4729 1498 4785 Tauriuus
1517 4744 1548 4785 ru
1568 4727 1633 4784 fdus
1650 4727 1771 4799 Augusti
1792 4727 1828 4783 de

176 4821 289 4878 levidus
310 4821 399 4878 Setun
421 4825 463 4877 tot
483 4820 556 4875 bona
575 4819 676 4876 videns
694 4819 793 4890 doluit,
817 4819 959 4894 variisque
1008 4821 1077 4879 coelo
1092 4827 1205 4879 vocatus
1220 4825 1272 4891 est,
1288 4826 1317 4879 et
1331 4822 1461 4891 ecclesia,
1480 4822 1585 4895 populo
1600 4823 1722 4891 asteme,
1737 4820 1828 4878 densa

142 4915 399 4979 machinationibus
414 4913 507 4969 virum
520 4913 569 4969 Dei
585 4912 692 4971 ledere
709 4913 820 4986 sategit,
835 4919 865 4970 et
884 4914 957 4970 mul·
1009 4916 1206 4989 odoriferaque
1227 4916 1332 4972 nebula
1352 4917 1464 4989 repleta
1486 4921 1537 4972 est.
1565 4914 1716 4971 Tra‘nsecto
1740 4914 1828 4970 unius

141 5015 186 5067 tos
200 5011 230 5066 in
242 5009 324 5066 illurn
341 5007 518 5064 adversarios
537 5007 678 5064 excitavit.
700 5009 759 5063 fluo
780 5010 866 5081 magi,
881 5009 960 5064 Cam·
1008 5011 1087 5067 horas
1100 5010 1201 5083 spatio,
1214 5010 1316 5066 nebula
1329 5009 1453 5082 recessit,
1469 5014 1497 5066 et
1507 5008 1634 5083 pontifex
1647 5008 1678 5064 in
1691 5009 1829 5067 cathedra

140 5104 229 5162 bisses
244 5107 274 5159 et
290 5102 379 5158 Zaraa
395 5101 554 5157 sacerdotes
576 5101 673 5157 Dianae
694 5100 821 5171 luerunt,
841 5102 957 5176 visaque
1008 5103 1121 5175 sedens,
1136 5107 1165 5160 et
1184 5104 1264 5176 quasi
1282 5120 1368 5160 oreas
1386 5102 1521 5160 menibus
1534 5102 1668 5172 extensis,
1682 5101 1828 5176 oculisque

140 5197 323 5255 conversione
344 5195 441 5268 populi
463 5195 499 5251 ad
521 5196 623 5264 Deum,
646 5194 859 5269 ingemuerunt,
881 5201 910 5252 et
924 5214 958 5253 xx
1009 5198 1046 5255 ed
1063 5197 1166 5255 coelum
1178 5198 1274 5266 versis,
1291 5197 1435 5270 apparuit.
1449 5198 1555 5270 lugens
1567 5197 1659 5253 luctus
1674 5196 1827 5269 parocbia-

118 5355 119 5359 ,
141 5291 293 5364 discipulos
307 5305 382 5356 suos,
402 5292 436 5345 ut
452 5289 607 5345 Taurinum
628 5290 811 5362 perimerent,
831 5291 957 5348 concite·
1007 5307 1112 5350 norum
1135 5308 1200 5348 casu
1227 5292 1349 5365 pastoris
1376 5292 1465 5348 faetus
1492 5297 1544 5363 est,
1568 5291 1706 5365 jussuque
1730 5289 1828 5363 angeli

140 5391 254 5442 verunt.
276 5382 330 5449 Oui
349 5382 508 5452 venientes,
529 5400 546 5438 a
564 5383 624 5439 viro
648 5384 730 5442 Deis
749 5385 834 5458 longa
856 5384 908 5440 visi
930 5388 959 5442 et
1009 5386 1058 5460 qui
1078 5387 1185 5460 populo
1210 5385 1240 5442 in
1262 5385 1357 5459 specie
1381 5385 1433 5441 viri
1456 5382 1630 5442 honorabilis
1652 5389 1829 5457 apparuerat

139 5475 251 5551 cogniti
271 5480 352 5548 sunt;
377 5477 497 5552 ipsoque
521 5477 614 5535 crucis
639 5479 751 5552 signum
776 5482 876 5536 contra
896 5480 959 5536 illos
1008 5485 1089 5538 extra
1110 5480 1210 5539 urbem
1231 5480 1312 5553 quasi
1331 5479 1368 5536 ad
1391 5479 1506 5536 tertiam
1521 5480 1635 5552 partem
1652 5476 1779 5535 milliarii
1790 5478 1829 5535 ad

139 5572 273 5643 faciente,
297 5570 371 5628 illico
394 5571 445 5628 fixi
467 5574 617 5630 steterunt.
643 5573 691 5629 lllo
717 5574 821 5631 iterum
838 5573 959 5646 jubente
1008 5574 1187 5631 occidentem
1211 5574 1254 5631 vir
1281 5574 1332 5632 llei
1356 5573 1484 5648 scpaltm
1509 5576 1563 5630 est.
1585 5573 1676 5630 Locus
1699 5570 1750 5627 ille
1775 5570 1830 5629 diu

141 5666 227 5723 soluti
241 5670 318 5735 sunt,
338 5668 367 5722 et
382 5666 525 5740 provoluti
544 5665 664 5740 pedibus
685 5667 747 5740 ejus
764 5667 957 5740 erediderunt,
1008 5667 1191 5743 postmodum
1208 5669 1269 5725 sine
1288 5668 1400 5725 honore
1417 5664 1531 5725 babitus
1544 5671 1597 5724 eat.
1614 5662 1670 5725 ssd
1689 5678 1768 5723 nunc
1785 5662 1829 5722 ibi

138 5760 210 5817 etin
226 5758 346 5817 nomine
368 5764 473 5818 sanctae
486 5762 514 5816 et
528 5758 682 5816 individue
700 5761 845 5818 Trinitatis
864 5760 958 5834 bepti·
1008 5762 1097 5834 gratia
1112 5762 1159 5818 bei
1182 5762 1287 5820 electus
1305 5778 1374 5835 grex
1395 5760 1600 5819 monachorum
1615 5760 1645 5817 in
1661 5752 1765 5819 militie
1783 5775 1830 5817 aa·
