3750 6046
76 102 128 161 783
504 106 659 164 bistonii
678 104 943 167 ecelesiastici.
957 139 992 155 «-
1005 112 1090 169 PARS
1108 112 1156 170 lll.
1170 145 1205 157 -
1217 117 1280 174 Llli.
1300 118 1334 174 X.
1704 120 1755 180 tat

74 229 153 287 Nora
175 228 291 286 Forasta
309 226 367 284 ictu
385 228 495 302 sagittae
516 233 646 286 mortuus
667 238 718 302 est,
737 237 992 320 postquamAtcs,
1009 236 1058 308 qui
1068 240 1149 293 erant
1159 237 1188 294 in
1200 240 1386 311 Norm‘annia,
1396 242 1494 299 audito
1504 258 1570 300 casu
1579 244 1752 303 infortunati

74 341 112 380 xu
125 324 212 380 annis
226 327 255 379 et
268 339 342 396 pene
356 340 371 380 x
386 324 530 380 mensibus
544 343 635 399 regno
655 328 766 401 anglise
781 328 889 400 potitus
939 328 1083 402 principis,
1096 348 1249 406 rerumque
1275 335 1433 393 mutatione
1458 338 1562 408 subita,
1588 340 1753 411 compositis

72 422 127 476 est.
939 423 969 477 in
996 425 1125 481 Neustria
1148 428 1232 483 rebus
1255 430 1324 499 suis,
1350 431 1404 486 iter
1426 431 1456 486 in
1482 433 1617 505 Angliam
1643 434 1752 490 accele-
1855 432 1858 439 ’

116 526 844 601 1111,flemmsfflmgmuermsflufi,gregorio
939 525 1083 589 raserunt,
1105 521 1188 593 eique
1211 522 1339 578 hominio
1360 524 1443 596 lacto,
1465 525 1570 581 fundos
1595 530 1625 582 et
1651 543 1753 585 omnes

419 611 545 665 succedit.
938 613 1092 685 dignitates
1104 631 1170 670 suas
1183 630 1247 671 cum
1260 617 1347 688 regiis
1363 618 1527 674 muneribus
1542 620 1578 675 ab
1592 636 1626 675 eo
1638 637 1752 695 recepe·

107 703 246 759 ilenricus
263 709 368 773 autem,
385 719 450 758 cunr
469 704 623 774 liudberto,
642 705 746 762 comite
768 705 802 762 de
819 706 886 762 ltel-
938 711 1015 763 runt.
1744 768 1748 775 ,

68 796 162 866 lento,
174 797 355 853 lundoniam
366 798 541 871 properarit,
552 800 733 855 etdonrinico
745 800 886 873 sequenti,
973 801 1108 857 ilenricus
1135 819 1183 858 rex
1211 801 1427 875 imprudentum
1453 808 1569 863 consilia
1590 808 1749 883 juvenum,
1850 868 1854 877 ,

70 892 149 963 apud
173 892 259 948 Guest
277 892 538 963 monasterium,in
562 894 680 949 basilice
695 894 789 950 Sancti
812 894 887 950 Petri
937 894 1009 950 sicut
1034 896 1174 965 Roboam,
1202 903 1314 953 secutus
1343 915 1401 954 non
1431 905 1483 969 cst,
1510 900 1561 957 sed
1588 903 1750 975 sapientum

70 985 206 1058 apostoli,
217 986 314 1058 regale
327 990 447 1042 stemma
460 988 594 1060 suscepit,
604 1004 728 1060 eumque
742 990 886 1045 venerabi·
937 989 1061 1060 argutias
1083 991 1265 1063 monitusque
1285 1008 1387 1048 senum
1411 996 1551 1066 sagaciter
1573 997 1751 1069 amplexatus

69 1079 106 1135 lis
121 1080 282 1150 Mauricius,
299 1081 507 1136 lundoniensis
526 1082 686 1154 episcopus,
703 1083 885 1139 consecravit.
936 1085 989 1137 est.
1012 1082 1189 1138 liudbertum
1210 1085 1316 1141 scilicet
1339 1086 1374 1142 de
1394 1088 1526 1144 ldellento
1549 1095 1578 1144 et
1600 1091 1750 1162 lingonem

68 1174 221 1231 anselmus
248 1174 335 1238 anim,
366 1175 545 1231 lloroberniae
580 1176 823 1248 archiepiscopus,
854 1181 887 1233 ut
936 1175 972 1230 de
997 1176 1102 1245 Castra,
1117 1177 1290 1234 ilicharduur
1314 1179 1350 1234 de
1372 1181 1518 1236 Radrariis
1544 1186 1573 1238 et
1593 1186 1751 1257 Rogerium
1855 1256 1858 1261 ι

67 1285 160 1341 supra
174 1269 347 1338 dictumest,
361 1270 525 1337 exsulabut3
543 1271 669 1326 Thonras
684 1287 761 1339 raro,
778 1270 884 1326 Ebora·
935 1269 1083 1340 Bigodum,
1108 1271 1236 1343 aliosque
1255 1278 1386 1329 strenuos
1409 1279 1437 1330 et
1458 1292 1573 1347 sagaces
1594 1277 1671 1334 viros
1691 1279 1750 1336 suis

67 1363 164 1419 censis
185 1363 424 1436 archiepiscopus,
445 1380 536 1436 nuper
559 1364 712 1420 defunctus
733 1365 836 1435 fuerat,
857 1370 886 1421 et
936 1362 1069 1418 adhibuit
1082 1364 1214 1431 consiliis,
1238 1371 1276 1436 et,
1294 1368 1361 1438 quia
1376 1368 1524 1425 humiliter
1546 1371 1677 1443 sophistis
1699 1374 1747 1429 ob·

68 1458 632 1530 metropolitanasedesadhucracabut.
648 1458 776 1531 triginta
793 1475 884 1514 auno·
935 1457 1120 1526 secundavit,
1149 1458 1251 1514 merito
1279 1461 1374 1516 multis
1389 1463 1554 1533 regionibus
1578 1471 1607 1521 et
1638 1467 1749 1539 populis

66 1558 212 1607 rumerat
229 1551 454 1621 llenricus‚cnm
477 1568 599 1625 regnare
615 1552 754 1624 coepisset,
770 1557 884 1607 etxxxv
936 1549 1095 1623 imperavit.
1107 1553 1242 1608 Praelalus
1254 1554 1395 1626 princeps,
1410 1560 1513 1627 quarto
1530 1574 1627 1614 mense
1643 1576 1748 1633 exque
1847 1564 1850 1569 ’

67 1646 153 1700 annis
167 1647 197 1701 et
219 1662 244 1699 rv
263 1646 410 1700 mensibus
430 1646 570 1719 regnarit.
585 1647 635 1701 llic
656 1646 732 1701 inter
749 1614 924 1719 prosperaB
936 1646 1020 1718 coepit
1041 1661 1172 1718 regnare,
1189 1648 1289 1702 nolens
1309 1651 1342 1703 ut
1365 1665 1455 1722 equus
1476 1654 1504 1707 ct
1526 1652 1631 1720 mulus,
1645 1655 1748 1726 quibua
1841 1698 1844 1703 .

67 1745 97 1795 et
129 1739 248 1795 adversa
282 1756 403 1812 regnum
437 1741 491 1795 sibi
529 1740 664 1796 divinitus
702 1739 885 1795 commissum
936 1754 996 1793 non
1017 1744 1060 1794 est
1078 1739 1247 1808 intellectus,
1270 1741 1391 1813 turpiter
1412 1743 1553 1813 lascivire,
1578 1762 1748 1817 generosam
1814 1810 1817 1815 ,

65 1833 230 1905 prudenter
256 1836 286 1888 ct
311 1834 458 1889 commode
485 1834 650 1890 moderatus
679 1837 731 1901 est,
753 1850 785 1889 ac
810 1834 886 1890 inter
935 1832 1094 1905 virginem,
1123 1834 1241 1889 nomine
1265 1835 1444 1905 bathildem,
1472 1837 1560 1909 regali
1587 1855 1667 1897 more
1694 1842 1748 1898 sibi
1842 1890 1847 1901 ,

65 1927 230 2001 praecipuos
251 1928 338 1984 totius
356 1928 573 1985 Christianitatis
592 1928 748 2001 principes,
764 1928 884 1984 obtentu
935 1927 1121 1998 desponsavit,
1137 1944 1170 1982 ex
1193 1944 1250 2000 qua
1274 1930 1416 2001 geminam
1439 1932 1558 2002 prolem,
1580 1934 1747 1992 Mathildem

66 2023 146 2094 pacis
169 2027 197 2078 et
214 2022 333 2093 justitiae
352 2023 476 2093 fulgens,
497 2023 618 2094 insignis
639 2022 753 2078 habitus
773 2026 825 2078 est.
852 2024 883 2079 ln
934 2027 963 2077 et
982 2022 1177 2091 (indiciarum,
1192 2023 1349 2095 generavit.
1371 2025 1436 2079 llaec
1455 2025 1594 2082 nimirum
1614 2028 1746 2101 llelculli,

64 2115 367 2188 diabusejusEcclesia
378 2117 426 2171 Dei
436 2116 742 2172 divitiisethonoribus
752 2117 885 2172 alacriter
933 2115 1009 2187 regis
1035 2116 1209 2183 Scottorum,
1235 2119 1263 2172 et
1285 2117 1441 2188 Margaritae
1469 2119 1576 2191 reginus
1599 2121 1657 2176 lilia
1681 2123 1746 2192 fuit,

64 2209 196 2279 emicuit,
219 2213 248 2265 et
269 2209 363 2266 omnis
388 2211 457 2265 ordo
478 2210 678 2283 religiosorum
703 2211 738 2266 ad
765 2210 883 2266 laudem
933 2209 1013 2279 cujus
1039 2210 1119 2280 origo
1144 2209 1179 2264 de
1203 2210 1291 2283 stirpe
1315 2210 1422 2265 Ellredi
1449 2213 1533 2283 regis,
1555 2212 1606 2268 lilii
1628 2215 1747 2286 Egberti

63 2305 208 2362 creatoris
221 2303 415 2377 multipliciter
427 2306 523 2361 crevit,
538 2306 593 2361 lloc
607 2304 737 2360 monachi
749 2309 777 2360 et
789 2304 882 2360 clerici
933 2302 1017 2373 regis,
1044 2303 1190 2376 processit,
1219 2304 1267 2374 qui
1298 2304 1407 2375 primus
1436 2307 1631 2362 monarchiam
1657 2308 1745 2365 totius
1840 2360 1843 2365 .

62 2400 244 2467 attestantur,
257 2398 438 2469 quinumero
452 2399 880 2470 etsublimitate,eoregnante,
933 2396 1050 2467 crigite,
1071 2401 1135 2468 post
1159 2397 1292 2451 Dacicum
1318 2398 1429 2453 cladem
1451 2404 1479 2455 et
1501 2416 1634 2456 occasum
1656 2402 1744 2458 sancti

62 2491 311 2562 multiplicantur;
348 2492 402 2547 hoc
433 2493 560 2547 eremitae
593 2493 695 2547 merito
724 2491 880 2564 perhibere
931 2489 1085 2558 Edmundi,
1101 2490 1177 2562 regis
1199 2495 1227 2546 ct
1247 2492 1390 2562 martyris,
1404 2491 1538 2548 obtinuit.
1554 2495 1625 2549 Nam
1647 2499 1741 2567 antea,

63 2588 195 2656 possunt,
220 2585 269 2656 qui
293 2585 426 2641 silvarum
450 2587 592 2642 condensa
618 2589 814 2658 prosternunt,
840 2588 879 2653 st,
930 2600 964 2638 ex
985 2599 1042 2655 quo
1063 2583 1148 2655 Angli
1168 2583 1202 2638 de
1223 2585 1314 2656 Anglo
1334 2586 1437 2654 insula,
1452 2587 1502 2642 ubi
1522 2588 1655 2644 Saxoniar
1680 2607 1743 2646 me·

62 2679 169 2736 erectis
182 2680 421 2736 monasteriorum
441 2683 470 2735 et
493 2681 666 2752 palatiorum
684 2678 798 2735 excelsis
819 2680 878 2734 cul·
931 2677 1048 2748 tropolis
1065 2682 1116 2746 est,
1140 2677 1170 2731 in
1191 2678 1368 2734 Britanniam
1391 2686 1540 2748 venerunt,
1564 2688 1602 2753 et,
1625 2683 1744 2740 devictis
1826 2754 1829 2759 Ι

62 2774 202 2841 minibus,
218 2774 255 2829 ibi
273 2773 439 2846 tripudiant,
455 2777 484 2829 et
497 2774 616 2846 gloriam
631 2776 688 2829 Deo
702 2790 767 2828 cum
781 2773 877 2828 dulce·
929 2787 980 2827 seu
1000 2770 1098 2826 deletis
1119 2787 1192 2844 quos
1212 2773 1299 2828 modo
1322 2773 1424 2829 Goulos
1446 2774 1555 2843 dicunt,
1580 2782 1743 2848 occupatam

62 2868 133 2925 dine
165 2870 267 2925 mentia
301 2869 461 2936 cantitant,
498 2867 546 2923 nbi
586 2869 729 2939 quondam
766 2867 880 2939 exleges
928 2865 1001 2920 bello
1025 2865 1160 2936 insulam,
1182 2866 1298 2938 llengist
1319 2867 1412 2939 primo
1436 2868 1549 2938 duce,a
1573 2870 1658 2925 natali
1682 2872 1743 2928 solo
1845 2948 1848 2953 Ι

61 2962 231 3032 latrunculi,
255 2963 292 3018 ad
319 2978 404 3017 omne
428 2963 507 3017 nolas
531 2961 740 3034 peragendum,
767 2960 915 3055 latitasse
928 2959 1061 3031 llngliam
1076 2961 1281 3028 vocitaverunt,
1295 2961 1422 3033 quinque
1437 2978 1529 3034 reges,
1546 2967 1576 3018 ut
1590 2964 1743 3036 inscriptis

61 3057 203 3113 solebant.
928 3052 1015 3108 Gildre
1029 3053 1152 3109 [tritonis
1173 3058 1202 3109 et
1215 3054 1297 3109 neda
1311 3054 1419 3126 anglici
1430 3055 1545 3127 legitur,
1557 3057 1586 3111 in
1600 3073 1632 3113 aa
1641 3074 1743 3131 regna·

99 3148 276 3220 Aprincipio
290 3150 374 3221 regni
389 3150 432 3204 sui
450 3165 552 3204 omnes
573 3149 625 3203 sibi
646 3148 791 3220 sapienter
811 3163 877 3202 con·
928 3150 1039 3202 verunt.
1526 3199 1528 3204 .

59 3243 179 3311 ciliarit,
195 3260 229 3298 ac
248 3244 282 3299 ad
299 3260 427 3300 amorem
448 3243 490 3298 sui
511 3242 658 3314 regalibus
678 3239 879 3296 munificentiis
963 3239 1080 3311 Sapiens
1108 3256 1176 3312 ergo
1202 3241 1350 3310 ilenricus,
1375 3243 1595 3314 generositatem
1623 3245 1742 3318 virginis

59 3337 202 3393 invitarit.
228 3336 387 3408 Optimatea
414 3337 491 3392 enim
523 3335 687 3408 benigniter
717 3333 877 3399 honorarit,
929 3349 1096 3405 agnoscens,
1111 3334 1367 3407 multimodamque
1388 3352 1503 3391 morum
1524 3337 1586 3409 ejus
1605 3338 1741 3395 honesta·

59 3447 131 3502 opes
143 3434 172 3486 et
184 3430 308 3485 honoros
321 3429 376 3484 illis
391 3429 478 3498 auxit,
495 3434 524 3487 et
536 3431 575 3485 sic
591 3446 638 3484 eos
660 3426 796 3483 leniendo
810 3427 879 3482 ildos
928 3432 985 3482 tem
1010 3427 1185 3497 jamdudum
1207 3430 1420 3501 concupiscens,
1449 3430 1610 3502 hujusmodi
1634 3432 1741 3489 sociam

58 3524 114 3580 sihi
127 3523 229 3579 effecit.
245 3523 470 3595 Subjectasrcro
485 3522 579 3594 plebes
589 3520 878 3594 justislegibusdalis
927 3521 958 3575 in
977 3520 1087 3575 Christo
1107 3520 1159 3575 sibi
1179 3522 1274 3594 elegit,
1290 3525 1318 3576 et
1339 3523 1367 3577 in
1387 3539 1477 3594 reguo
1497 3539 1603 3592 secum,
1619 3525 1740 3581 Garardo

58 3618 142 3684 fovit,
158 3624 188 3672 et
208 3616 244 3672 ab
266 3617 372 3689 iniquis
391 3617 569 3672 exactoribus
590 3621 674 3688 atquc
695 3614 878 3687 praedonibus
928 3612 1119 3669 llcrfondeosi
1141 3614 1274 3687 episcopo
1297 3622 1491 3685 consecrante,
1506 3616 1682 3673 sublimarit.
1701 3621 1740 3675 De

57 3709 268 3783 patrocinando
287 3711 419 3783 protexit.
439 3711 483 3767 Sic
499 3710 627 3766 sublimis
647 3709 780 3781 patricius
802 3709 878 3763 inter
927 3706 1023 3776 rebus,
1040 3723 1104 3779 quse
1117 3708 1146 3763 in
1161 3707 1261 3780 Anglia
1274 3708 1466 3780 contigerunt,
1480 3726 1569 3781 pauca
1582 3711 1738 3783 praelibavi3
1849 3768 1855 3777 ,

59 3821 162 3860 omnes
192 3804 324 3860 occiduos
356 3806 485 3860 consules
516 3809 544 3860 et
568 3819 724 3876 regnorum
752 3804 878 3857 rectores
927 3802 975 3857 sed
1001 3802 1037 3856 dc
1059 3802 1228 3857 Normannis
1251 3802 1437 3858 nihilominus
1462 3804 1529 3860 huic
1553 3803 1647 3876 aliqua
1669 3804 1740 3861 libet

59 3897 177 3967 affulsit,
193 3899 381 3971 omniumque
395 3899 530 3967 favorem,
543 3903 601 3953 tam
611 3897 876 3967 clericorumquam
927 3895 1034 3951 addere
1050 3895 1139 3968 operi.

59 3991 212 4058 laicorum,
230 3993 278 4063 qni
300 3993 409 4048 ratione
431 3993 492 4063 regi
513 3990 689 4063 gaudebant,
706 3989 874 4062 promeruit.
961 3990 1055 4045 llcnss
1067 3993 1195 4063 Augusto
1213 3992 1291 4058 troo,
1305 4006 1370 4046 mox
1384 3994 1415 4046 ut
1428 3989 1458 4046 in
1472 3992 1600 4047 Neustria
1615 3992 1733 4048 infausti

58 4085 195 4141 viduatas
225 4085 388 4157 pastoribus
420 4085 558 4140 Ecclesiae
591 4083 729 4140 consolari
766 4082 875 4154 coepit,
926 4099 1040 4138 occasus
1069 4084 1145 4156 regis
1177 4088 1338 4156 compertus
1369 4092 1422 4152 est,
1450 4085 1627 4159 turgentium
1659 4086 1739 4142 turor

57 4182 89 4234 et
120 4178 246 4234 eruditos
278 4177 335 4233 illis
365 4178 516 4245 doctores,
555 4177 701 4233 suariorum
735 4176 873 4244 consultu,
915 4176 1151 4232 'hormannorum
1175 4177 1204 4231 in
1229 4194 1280 4233 aua
1302 4178 1407 4233 viscera
1431 4180 1567 4236 excitatus
1591 4183 1642 4235 eat.
1666 4181 1738 4235 Nam

56 4272 205 4344 imposuit.
234 4272 306 4327 Nam
333 4272 498 4339 Guillclmo,
525 4276 718 4343 cognomento
747 4269 873 4339 Gilardo,
925 4270 954 4325 in
975 4269 1076 4324 eadem
1096 4270 1256 4341 septimana
1273 4272 1451 4341 (indicimus,
1467 4273 1564 4328 consul
1583 4272 1736 4328 Ebroicen·

56 4367 108 4438 qui
133 4365 262 4421 defuncti
285 4366 360 4437 regis
387 4367 569 4421 cancellarius
594 4366 696 4432 luerat,
720 4352 973 4432 GuentanaeDais,
988 4368 1017 4417 ct
1035 4361 1169 4418 lladulius
1190 4363 1225 4418 de
1243 4364 1363 4419 Conchis
1384 4381 1449 4419 cum
1468 4365 1579 4437 ingenti
1598 4381 1685 4420 mann
1707 4365 1738 4420 in

56 4458 135 4515 urbis
156 4459 326 4514 cathedram
350 4460 501 4526 commisit,
524 4462 553 4513 et
571 4457 735 4526 Girardum,
756 4457 870 4512 Hortor·
921 4456 1097 4511 torritorium
1117 4456 1150 4511 de
1172 4457 1349 4511 bellomonte
1365 4457 1522 4525 irruerunt,
1536 4461 1566 4512 et
1586 4457 1736 4528 ingentem
1840 4478 1849 4497 =

55 4553 177 4608 densam
205 4552 381 4624 episcopum,
405 4552 435 4606 in
457 4552 662 4607 Ehorucenaem
691 4550 871 4621 metropolim
920 4550 1047 4623 praedam
1071 4549 1107 4604 de
1129 4553 1205 4604 terra
1227 4549 1371 4615 liodberti,
1395 4550 1508 4605 comitis
1531 4551 1732 4619 ldcllenteuais,

54 4646 207 4719 promovit.
234 4647 349 4700 Veloces
372 4662 486 4717 quoque
511 4644 624 4699 nuntios
646 4649 725 4699 trans
751 4649 869 4714 pontum
920 4645 1091 4714 rapuerunt,
1107 4658 1158 4714 pro
1180 4642 1349 4714 quibusdam
1371 4643 1493 4714 injuriis,
1507 4660 1579 4717 qrras
1600 4645 1659 4715 ipse
1677 4644 1735 4699 suis

54 4739 167 4806 direxit,
189 4756 241 4810 per
260 4756 332 4810 quos
347 4738 539 4794 venerabilem
561 4737 739 4803 anselmum,
759 4736 868 4790 archia·
920 4735 1101 4807 comparibus
1123 4736 1289 4807 ingesserat,
1316 4752 1369 4807 per
1394 4736 1579 4793 fraudulenta
1605 4736 1731 4809 consilia,

54 4834 204 4904 piscopum
234 4832 404 4900 cantuariae,
431 4831 467 4886 ad
496 4831 589 4886 sedem
618 4846 700 4885 suam
728 4829 867 4895 accersiit,
920 4846 983 4901 quoe
997 4829 1069 4886 Rufo
1093 4829 1153 4901 regi
1180 4832 1278 4884 contra
1301 4829 1363 4885 illos
1384 4846 1540 4902 suggerere
1556 4829 1732 4903 jamdudum

53 4943 155 4998 quern,
182 4926 253 4980 sicut
285 4941 373 4997 supra
404 4926 509 4981 dictum
540 4928 597 4991 est,
623 4923 791 4979 Guillclmus
822 4940 869 4977 rer
920 4922 1075 4977 studuerat.
1091 4922 1227 4977 Similiter
1239 4922 1289 4977 alii
1307 4924 1401 4995 plures
1414 4924 1488 4979 iram
1512 4929 1541 4979 et
1557 4922 1733 4979 malevolen-

53 5019 222 5090 incongruis
251 5019 481 5074 intestationibus
517 5017 634 5088 expulit.
662 5017 773 5072 tillense
804 5033 868 5071 sero
918 5015 1001 5081 tiam,
1018 5031 1088 5086 quas
1100 5015 1168 5070 olim
1182 5020 1379 5087 conceperant,
1394 5017 1452 5086 sed,
1470 5020 1588 5089 propter
1601 5017 1731 5091 rigorem

52 5111 216 5169 coennbium
241 5111 320 5166 dedit
340 5111 480 5166 Richardo
503 5110 636 5165 Richardi
658 5109 694 5164 de
720 5108 869 5166 Benelacta
919 5108 1083 5181 principalis
1101 5108 1231 5180 justitiae,
1253 5108 1409 5164 manifestis
1432 5110 1589 5166 ultionibus
1608 5111 1734 5183 prodere

51 5202 868 5273 lilio,Beccensimonacho,etabhatiamSancti[idmundi
919 5219 976 5258 nou
1002 5203 1062 5257 ausi
1090 5203 1213 5271 fuerant,
1242 5219 1327 5269 nunc,
1354 5203 1474 5259 habenis
1500 5204 1641 5273 relaxatis,
1672 5209 1733 5259 toto

51 5299 131 5371 regis
146 5304 174 5354 ct
193 5298 326 5369 martyris
340 5298 490 5364 Rodberto,
504 5297 601 5367 juveni
619 5296 743 5353 Uticensi
768 5312 866 5351 mona·
919 5296 981 5351 nisu
997 5300 1095 5352 contra
1108 5312 1166 5352 sese
1185 5296 1412 5366 insurrexerunt,
1429 5303 1458 5353 ct
1482 5298 1590 5353 mittaris
1609 5297 1734 5354 caedibus

50 5393 115 5460 cho,
137 5392 263 5464 lingonis
289 5391 443 5447 Cicatrcrrsis
466 5390 574 5445 comitis
598 5391 665 5446 filio.
689 5389 866 5446 Glastoniam
917 5407 950 5446 ac
968 5390 1080 5446 damnis
1101 5406 1199 5447 rerum
1221 5391 1356 5446 miseram
1378 5389 1536 5464 regionam,
1551 5396 1661 5447 rectore
1686 5408 1733 5447 ca·

52 5503 166 5558 quoque
190 5485 330 5539 corunrisit
351 5485 485 5539 llerluiuo
504 5485 685 5551 cadomensi,
700 5490 729 5539 et
750 5485 865 5540 llabun·
916 5489 1038 5552 rentem,
1051 5484 1259 5540 desolaverunt.

51 5579 169 5634 doniam
195 5578 300 5633 Farisio
323 5578 577 5633 llalmeshuricnsi.
597 5581 687 5651 Hugo,
710 5578 866 5636 cestrensis
951 5579 1042 5634 llense
1066 5578 1238 5650 Septembri,
1261 5578 1421 5635 {ledbertus
1448 5577 1505 5634 dux
1532 5577 1562 5632 in
1586 5577 1730 5632 Norman·

51 5689 161 5743 comes,
176 5675 205 5729 et
226 5672 384 5729 Radbertus
407 5672 605 5742 Belesmensis,
620 5689 651 5728 ac
672 5672 721 5729 alii
742 5671 865 5748 optima·
914 5673 993 5730 niam
1021 5673 1106 5743 venit,
1134 5678 1171 5742 et,
1197 5691 1214 5732 a
1240 5672 1296 5731 suis
1323 5676 1484 5747 susceptus,
1512 5688 1578 5729 cum
1606 5668 1735 5740 Spbilla,
