3750 6046
113 184 152 243 rar
547 181 705 240 arsronn
724 182 989 241 acerasnsrrel.
1005 183 1137 240 -raas
1157 182 1178 239 r.
1193 212 1228 224 -
1242 182 1305 240 na
1327 178 1359 239 ιι.
1524 148 1527 155 ’
1692 180 1798 237 xaar

113 308 227 376 dorum,
243 305 297 381 qui
316 306 347 362 in
362 305 515 379 Campania
538 305 672 362 incendia
691 308 721 362 et
743 308 834 362 multa
857 308 931 363 mala
942 313 1024 393 Atra
1037 308 1177 365 Tiberium
1200 307 1350 379 pugnavit,
1366 305 1415 362 sed
1430 303 1520 361 victus
1534 306 1561 359 et
1575 301 1693 359 clericus
1706 301 1796 358 factus

109 399 241 469 iaciebat,
271 416 325 474 pro
346 399 465 473 captivis
484 399 582 456 multis
601 399 769 456 muneribus
784 400 867 469 datis,
891 402 927 456 ad
977 405 1028 460 est.
1045 402 1173 458 Nefanda
1192 405 1389 474 Agerenorum
1408 415 1479 471 gens
1498 396 1691 470 llispaniamx
1711 395 1796 452 annis

108 511 152 550 aaa
177 493 280 551 redire
300 495 379 551 lecit.
402 493 450 550 llic
473 493 623 565 episcopos
645 509 680 548 xv
702 493 876 550 consecravit
900 498 930 551 et
978 495 1095 564 afflixit,
1122 512 1207 568 quam
1237 495 1408 550 Rhodanum
1437 491 1558 548 transire
1586 491 1729 546 volentem
1755 489 1792 544 ad

108 589 234 662 sepultus
247 592 294 646 est
307 588 344 646 ad
363 590 482 648 Beatum
501 588 628 654 Petrum,
645 592 674 646 et
689 587 806 646 cessavit
818 586 926 662 episco·
977 590 1124 648 Franciam
1135 589 1214 647 Eudo
1224 586 1499 660 aquitanorumdux
1508 584 1576 640 vicit
1587 589 1616 640 et
1628 601 1662 638 ex
1675 583 1792 642 eiscccrs

108 685 190 756 patus
204 699 309 740 mense
326 700 345 753 r,
359 682 460 740 diebos
471 699 546 741 xvru.
976 684 1110 759 peremit.
1124 682 1199 739 hlille
1211 698 1277 737 vero
1291 685 1319 737 et
1327 680 1479 753 quingenti
1489 680 1662 734 Francorum
1674 675 1714 732 ihi
1728 682 1794 732 tan·

134 778 269 834 loannes
284 777 411 847 Graecus,
425 776 461 832 de
474 782 555 850 patre
573 778 697 848 Platone,
712 778 787 834 sedit
799 779 883 834 anuis
896 794 925 845 ιι,
976 777 1124 834 tummodo
1145 775 1278 833 cecidisse
1291 775 1437 846 leguntur.
1450 774 1538 840 Tunc,
1554 772 1584 827 in
1595 770 1720 843 quadarn
1730 769 1793 826 loco

110 869 258 926 mensibus
279 885 321 941 vr,
335 869 437 926 diebus
457 886 522 927 xvrr.
547 871 597 927 llic
615 870 823 927 cruditissimus
848 877 876 928 et
888 872 928 926 la·
977 871 1139 944 Campaniae
1161 870 1258 942 pluvia
1280 867 1360 940 quasi
1379 868 1462 939 ignea
1476 865 1511 921 de
1525 865 1594 921 coelo
1617 864 1719 920 cadere
1733 862 1794 918 visa

107 963 216 1020 condus
232 968 368 1036 tempore
384 963 488 1022 Tiberii
506 967 536 1019 et
550 964 701 1020 iustiniani
722 965 831 1034 floruit,
851 969 881 1022 et
897 965 927 1020 in
977 971 1029 1036 est,
1047 969 1076 1021 at
1097 963 1222 1022 triticum
1240 978 1272 1019 ao
1292 960 1431 1017 hordeum
1451 964 1538 1032 atque
1558 960 1695 1032 legumen
1709 972 1790 1012 com·

105 1056 277 1114 eameteriis
302 1059 486 1126 sauctorum,
512 1057 703 1130 ecclesiisque,
731 1058 829 1126 multa,
861 1075 928 1130 quae
976 1058 1077 1116 hussit.

105 1150 198 1208 diruta
215 1151 265 1208 vel
287 1149 399 1208 detecta
421 1151 546 1221 fererant,
569 1150 724 1224 diligenter
749 1152 926 1208 emendavit.
1013 1154 1105 1211 Leone
1146 1151 1290 1224 principe,
1317 1145 1576 1219 Constantinopolis
1609 1142 1727 1200 hiennio
1758 1141 1794 1197 ab

105 1246 180 1301 tune
206 1243 362 1317 Aripcrtus
398 1244 565 1318 llaginberti
598 1244 817 1302 laurinensiurn
847 1245 927 1302 ducis
977 1246 1116 1320 Agoranis
1131 1245 1247 1301 obsessa
1267 1247 1318 1312 est,
1342 1242 1401 1311 sed,
1429 1243 1595 1313 protegente
1619 1239 1686 1307 Deo,
1712 1239 1794 1307 capta

104 1338 187 1406 fitius,
215 1354 269 1394 rex
291 1338 562 1411 Langobardorum,
587 1339 672 1409 Alpes
695 1339 802 1396 Gottias
823 1341 926 1397 Sancto
976 1357 1034 1396 non
1062 1345 1114 1397 est.
1138 1341 1177 1394 be
1201 1337 1307 1411 populo
1328 1339 1427 1392 tamur
1452 1333 1529 1390 urhis
1556 1348 1625 1389 acar
1648 1330 1725 1386 tarne
1748 1327 1794 1384 vel

51 1448 54 1457 ·
103 1433 184 1488 Petro
198 1430 338 1501 madidi,
354 1437 384 1488 et
398 1431 582 1488 donationem
599 1431 700 1488 litteris
719 1431 814 1489 aureis
827 1449 925 1489 exara-
979 1441 1059 1507 peste
1074 1433 1232 1506 perierunt,

51 1508 55 1579 .¹
104 1532 161 1580 tam
193 1524 376 1582 reformavit.
408 1524 583 1581 lastinianus
617 1525 789 1599 imperator,
820 1527 926 1583 auxilio
1013 1526 1221 1600 Liudprandus,
1234 1541 1284 1582 rex
1294 1522 1555 1596 Langobardorum,
1567 1521 1710 1576 Romanos
1723 1519 1792 1572 tunc

51 1608 54 1621 '
104 1617 226 1674 Tarbelli
252 1618 442 1691 bulgarorum
456 1619 543 1691 regis,
558 1635 684 1691 regnum
702 1619 779 1692 quod
793 1620 927 1677 amiserat
978 1621 1131 1695 gravabat3
1148 1620 1199 1677 sed
1213 1619 1329 1675 hortatu
1343 1616 1472 1690 presulis
1485 1632 1518 1672 ac
1532 1613 1663 1687 precihus
1676 1617 1793 1668 atsauc·

51 1780 53 1793 Ι
103 1710 320 1783 recuperavit,
311 1709 484 1784 imperiique
496 1711 644 1768 invasores
658 1712 784 1769 Leonem
804 1716 833 1768 et
846 1713 928 1769 Tibe·
938 1705 1058 1777 Btitate
1072 1713 1219 1782 coercitus,
1234 1718 1334 1785 postca
1346 1711 1463 1785 quievit.

51 1798 54 1835 ²
104 1804 177 1860 num
198 1804 231 1860 in
252 1803 330 1861 eirca
350 1820 449 1861 coram
471 1804 550 1860 omni
571 1805 678 1878 populo
696 1805 824 1879 jugulari
845 1807 923 1863 tecit.
1010 1809 1127 1865 Basilius
1140 1808 1200 1864 dux
1214 1811 1243 1863 et
1257 1805 1507 1863 Paulusaxarchos
1509 1803 1632 1876 ,albqnc
1644 1798 1790 1867 malitiosi,

51 1888 226 1954 'ioannes
249 1913 326 1971 papa
339 1914 366 1952 ιι
393 1897 540 1971 episcopos
560 1898 714 1956 ordinavit.
728 1900 860 1972 Sepultus
882 1903 925 1957 est
973 1903 1053 1976 jussu
1074 1902 1174 1960 Leonis
1189 1901 1321 1975 Augusti,
1336 1897 1505 1972 Gregorium
1524 1913 1629 1970 papam
1650 1893 1793 1968 perimere

51 2030 54 2035 -
105 1995 203 2047 autem
226 1991 266 2046 ad
286 1992 406 2048 Beatum
429 1993 544 2048 Petrum
563 1993 723 2065 apostolum
747 1999 813 2050 ante
833 1993 925 2050 altare
974 1996 1150 2053 nitebantur.
1164 1995 1222 2052 Sed
1236 1989 1642 2065 Romaniatquehangohardi
1656 1986 1791 2044 nutullci

104 2084 216 2141 &nstra
231 2083 286 2139 hei
300 2083 448 2156 genitricis
463 2085 569 2154 Aerias,
583 2084 688 2158 quod
680 2103 741 2158 rpse
754 2087 923 2156 construxit,
973 2090 1039 2146 totis
1053 2089 1163 2146 nisibus
1172 2089 1344 2145 resistebant
1356 2090 1385 2142 et
1394 2086 1513 2142 beatum
1527 2084 1678 2157 presulem
1692 2083 1786 2153 prote·

104 2193 136 2232 xv
147 2177 211 2234 llal.
228 2176 407 2234 Nouembris.
423 2178 458 2233 Et
476 2179 595 2234 cessavit
613 2178 793 2252 episcopatus
816 2180 923 2236 mensi·
975 2183 1089 2256 gehaat.
1103 2183 1259 2239 tordauum
1271 2180 1478 2237 chartularium
1492 2182 1521 2234 et
1533 2180 1674 2233 loannem
1688 2173 1788 2230 Bario-

104 2269 194 2326 husu.
974 2269 1792 2344 uemetExclaratumducem,filiumqueejusAdriaunm

137 2363 282 2421 Sisinnius
303 2366 402 2437 Syrus,
423 2380 458 2421 ex
477 2371 560 2437 patra
581 2367 701 2435 loanne,
729 2367 802 2422 sedit
823 2366 924 2423 dicbus
974 2371 1192 2437 interiecerunt,
1206 2368 1373 2424 etnclarios
1395 2371 1514 2422 conatus
1534 2363 1655 2435 Augusti
1674 2360 1791 2433 penitus

106 2474 146 2515 ιι.
165 2457 216 2514 ilic
234 2456 335 2514 animo
360 2462 494 2514 constans
517 2464 547 2515 et
569 2459 604 2514 de
628 2461 764 2515 Romanis
786 2460 925 2516 sollicitus
973 2463 1200 2537 praepedierunt.
1215 2463 1382 2518 Decreverat
1397 2459 1473 2515 enim
1487 2457 1560 2513 utin
1573 2456 1651 2512 nulla
1666 2451 1788 2510 ecclesia

105 2555 173 2619 erat,
187 2551 241 2607 scd
254 2550 388 2624 podagra
402 2550 533 2607 detentus
553 2552 640 2608 nimis
654 2553 833 2609 anxiabatur.
849 2554 925 2610 Vice-
974 2559 1071 2631 imago
1093 2555 1253 2624 Salvatoris,
1277 2554 1322 2610 vel
1345 2554 1406 2624 ejus
1427 2557 1533 2608 sanctae
1559 2548 1716 2615 dedituris,
1740 2551 1790 2601 aut

105 2644 173 2699 sima
185 2644 236 2700 die
256 2643 450 2700 ordinationis
469 2661 529 2700 sure
545 2645 639 2701 subito
660 2645 822 2718 exspiravit,
839 2650 869 2703 et
888 2649 922 2703 ad
973 2650 1126 2723 cujuslibet
1146 2648 1234 2704 sancti
1257 2648 1401 2719 martyris,
1425 2648 1475 2701 aut
1498 2643 1593 2714 angeli
1620 2641 1788 2697 haberetur.

107 2740 219 2794 hatum
235 2739 355 2794 Petrum
377 2738 502 2810 sepultus
515 2743 568 2796 est.
582 2740 616 2795 Et
634 2740 754 2796 cessarit
779 2741 925 2814 episcopa·
972 2744 1120 2802 llaledicta
1137 2742 1214 2799 enim
1236 2742 1382 2799 asserebat
1394 2739 1500 2796 omnia.
1517 2738 1617 2794 Sacras
1632 2750 1701 2806 ergo
1715 2734 1788 2788 ima·

107 2837 263 2887 ι1111111111ιέ
275 2848 295 2898 1,
310 2830 412 2887 diebus
424 2847 497 2888 ¹l111·
974 2838 1058 2910 gines
1071 2837 1100 2893 in
1115 2837 1186 2893 urhe
1198 2837 1281 2908 regia
1300 2835 1405 2906 deponi
1418 2833 1504 2906 jussit
1516 2835 1545 2888 et
1557 2832 1586 2887 in
1600 2829 1694 2886 medio
1706 2828 1788 2883 tlarn·

140 2925 348 2983 Gonstantinns
360 2928 457 2997 Syrus,
479 2942 514 2982 ax
527 2930 608 2999 patra
623 2928 742 2997 loanne,
756 2927 829 2984 sedit
843 2929 924 2985 annis
973 2932 1027 2986 mis
1044 2929 1222 2988 concremari
1242 2928 1390 3000 compulit.
1414 2926 1601 2983 prohibentes
1613 2939 1681 2979 vcro
1702 2918 1790 2976 absci-
1867 2932 1870 2937 ·

104 3035 155 3087 vm,
182 3019 290 3075 diebus
320 3035 366 3075 xv.
399 3020 448 3075 llic
472 3019 516 3076 vir
540 3021 620 3076 valde
642 3019 735 3077 honus
761 3021 823 3077 fuit.
849 3023 1360 3143 Tunccsionecapitisautaliorum
1376 3021 1571 3077 membrorum
1585 3013 1792 3074 condamnavit

105 3113 197 3169 Romae
213 3128 325 3185 magna
338 3113 429 3168 fames
450 3112 540 3169 tribus
557 3113 641 3169 annis
661 3114 734 3170 lacta
756 3119 809 3183 est,
835 3132 923 3187 quarn
973 3119 1146 3174 Germanum
1158 3117 1256 3188 utique
1266 3109 1787 3185 constantinopolitanumantistitem,

104 3206 228 3262 maxima
244 3205 362 3261 ubertas
381 3209 477 3262 secuta
498 3212 551 3262 est.
572 3207 746 3262 lastinianus
768 3207 925 3280 imperator
974 3212 1023 3284 qui
1051 3210 1104 3266 sibi
1133 3210 1163 3265 in
1188 3209 1243 3264 hoc
1268 3207 1407 3275 obstabat,
1433 3207 1587 3279 praesulatu
1609 3202 1737 3276 privavit,
1762 3207 1791 3256 et

104 3299 285 3356 Theodorum
307 3299 461 3370 patricium
481 3300 511 3354 in
524 3299 634 3356 ltaliam
652 3301 739 3371 misit,
762 3302 924 3358 llavennam
973 3303 1153 3359 Anastasium
1174 3303 1371 3374 presbyterum
1386 3299 1560 3371 subrogavit.
1575 3300 1667 3353 llense
1689 3296 1789 3351 lanua·

105 3394 185 3466 cepit,
204 3398 236 3449 et
254 3393 416 3464 superbum
437 3392 558 3450 Felicem
572 3393 819 3468 archiepiscopum
835 3395 923 3451 lumi·
973 3398 1028 3466 rio,
1042 3413 1096 3469 per
1108 3413 1125 3451 x
1139 3395 1200 3451 dies
1220 3396 1312 3464 stella,
1326 3412 1390 3466 qum
1404 3394 1521 3448 Anteler
1535 3392 1648 3460 dicitur,
1663 3405 1728 3444 cum
1746 3403 1790 3442 ra-

105 3487 182 3543 nihus
197 3487 345 3560 privatum
362 3486 393 3542 in
409 3489 498 3543 Ponto
515 3488 645 3543 exsulare
659 3487 736 3543 lecit.
753 3489 828 3560 Papa
842 3504 922 3557 vero,
973 3491 1027 3546 diis
1041 3491 1071 3545 in
1092 3489 1243 3546 Occidente
1268 3488 1379 3543 micuit.
1396 3489 1463 3542 Post
1480 3486 1541 3540 haee
1561 3484 1689 3540 Tiberius
1710 3484 1791 3536 Peta-

106 3585 202 3653 rogatu
228 3580 344 3653 praelati
371 3580 524 3654 principis,
552 3581 830 3653 Constantinopolim
856 3599 922 3637 curn
972 3585 1030 3639 sius
1045 3598 1168 3654 ragnum
1188 3580 1320 3636 invadere
1344 3580 1422 3634 nisus
1443 3578 1567 3647 est‚sed,
1582 3577 1689 3631 Euticio
1704 3589 1787 3629 exar-

107 3675 195 3730 multis
206 3673 352 3747 protectus
363 3676 417 3743 est,
431 3679 460 3730 et
469 3671 577 3730 ibidem
591 3690 609 3729 a
626 3674 783 3730 iustiniano
797 3681 826 3731 et
837 3675 921 3732 Tibe·
972 3678 1026 3733 cho
1041 3682 1069 3732 et
1081 3674 1213 3732 Romanis
1225 3673 1434 3747 pugnantibus,
1449 3672 1557 3727 occisus
1571 3674 1623 3725 est.
1637 3666 1789 3739 Gregorius

108 3766 144 3824 rio
164 3767 226 3824 tilio
248 3767 312 3839 ejus
331 3783 365 3823 ac
386 3769 491 3840 populo
506 3766 629 3824 multum
643 3768 796 3825 honorilice
811 3785 921 3841 suscep·
972 3788 1046 3843 papa
1059 3786 1090 3826 cu
1115 3768 1262 3840 episcopos
1285 3765 1437 3832 ordinavit,
1459 3768 1487 3820 et
1514 3768 1579 3836 post
1600 3762 1691 3818 multa
1712 3760 1789 3814 hona

106 3866 144 3916 tas
161 3867 217 3918 est.
240 3861 306 3917 Non
333 3861 425 3917 multo
451 3868 514 3933 post
532 3861 705 3934 Philippicas
729 3862 923 3918 lastinianum
974 3879 1062 3938 opera
1076 3879 1107 3919 ιιι
1121 3862 1186 3919 ldus
1199 3859 1347 3916 Februarii
1360 3859 1397 3915 ad
1420 3861 1537 3915 lteaturn
1549 3859 1664 3912 Petrum
1679 3857 1790 3925 aposte

106 3954 202 4010 occidit
229 3961 261 4010 et
287 3970 410 4026 regnum
438 3955 550 4011 invasit.
577 3956 632 4012 Sed
655 3956 739 4028 paulo
767 3960 840 4028 post,
861 3956 923 4027 ipso
974 3959 1030 4014 larn
1051 3956 1180 4031 sepultus
1198 3960 1249 4012 est.
1266 3955 1300 4011 Et
1314 3952 1432 4010 cessavit
1453 3952 1631 4024 episcopatus
1656 3963 1754 4005 mense
1769 3963 1787 4017 r,

104 4045 232 4120 depulso,
261 4048 428 4104 Anastasius
453 4049 609 4120 imperium
637 4050 763 4121 suscepit
788 4055 817 4105 ct
848 4066 923 4105 verm
974 4051 1073 4107 diebus
1086 4067 1113 4107 v.

104 4140 162 4196 fidei
183 4142 339 4197 consensit.
363 4143 501 4198 Praefatae
521 4157 594 4214 papa
616 4159 677 4198 uxrv
692 4143 838 4214 episcopos
854 4159 922 4198 con·
1009 4144 1161 4218 Gregorius
1175 4144 1271 4216 Syrus,
1283 4160 1317 4200 ex
1336 4145 1419 4214 patre
1438 4143 1559 4209 loanne,
1573 4139 1647 4196 sedit
1664 4137 1747 4193 annis
1761 4152 1787 4192 x.

104 4234 229 4303 meavit,
251 4239 281 4291 et
304 4251 332 4290 vr
357 4235 422 4290 ldus
448 4235 573 4291 ianuarii
603 4236 639 4290 ad
661 4236 780 4291 Beatum
808 4237 923 4292 Petrum
974 4238 1116 4295 mensibus
1144 4255 1202 4306 vui,
1225 4237 1326 4293 diebus
1349 4253 1411 4303 xxv,
1434 4237 1527 4291 Leone
1546 4239 1575 4289 et
1600 4231 1787 4290 Constantino

104 4327 261 4398 apostolum
288 4328 417 4400 sepultus
445 4332 496 4384 est.
525 4330 558 4385 Et
588 4328 708 4385 cessavit
734 4329 924 4402 episcopatus
973 4330 1192 4404 imperantibus.
1222 4331 1271 4386 llic
1297 4330 1464 4397 sanctitate,
1493 4328 1613 4400 pietate,
1637 4323 1787 4397 sapientia,

103 4419 199 4476 diebus
214 4437 261 4476 xa.
933 4426 1069 4504 DGraeca
1089 4427 1119 4479 et
1144 4423 1242 4479 Latina
1269 4422 1402 4478 facundia
1426 4420 1584 4477 admodum
1609 4420 1701 4474 clarus
1722 4414 1788 4485 luit,

129 4513 286 4586 Gregorius
313 4514 475 4584 Romanus,
500 4532 533 4571 ex
566 4519 645 4588 patre
669 4517 813 4582 llarcello,
841 4517 916 4572 sedit
967 4517 1207 4585 multacoudidit,
1229 4520 1257 4572 et
1279 4517 1308 4571 in
1329 4517 1430 4571 multis
1451 4513 1584 4570 eeclesias
1602 4512 1651 4567 Dei
1670 4509 1790 4578 ornavit,

99 4608 175 4663 annis
186 4623 241 4676 xvr,
254 4607 448 4676 mensibusrx,
462 4608 916 4682 diebusxr,temporeAnastasii,
969 4613 999 4667 ln
1020 4611 1090 4668 urhe
1104 4612 1197 4667 Roma
1215 4609 1359 4682 synodum
1381 4625 1443 4665 xcrrr
1457 4607 1656 4678 episcoporum
1669 4618 1787 4675 congre·

98 4699 255 4768 Theodosii,
278 4701 380 4758 Leonis
402 4706 489 4774 atque
509 4703 689 4760 Constantini
710 4707 915 4775 Augustorum.
968 4706 1054 4777 gavit,
1078 4710 1178 4761 contra
1205 4704 1355 4760 haereticos
1390 4703 1575 4774 imperatores
1607 4701 1733 4754 Leonem
1761 4699 1790 4751 et

98 4794 142 4849 llic
175 4795 286 4850 multas
309 4796 446 4851 ecelesias
470 4802 500 4852 et
533 4797 659 4852 abbatias
685 4796 863 4866 construxit,
889 4799 918 4852 et
968 4799 1201 4866 Constantinum,
1223 4797 1272 4870 qui
1291 4812 1384 4852 sacras
1410 4795 1459 4851 llei
1483 4797 1513 4850 et
1534 4798 1698 4850 sanctorum
1726 4790 1789 4862 ejus

98 4889 183 4943 multa
204 4888 265 4943 alia
284 4888 364 4944 bona
389 4905 454 4961 quse
471 4906 643 4946 enumerare
667 4889 840 4961 impossihile
863 4893 915 4957 est,
967 4892 1109 4964 imagines
1130 4892 1165 4947 ab
1181 4891 1306 4947 ecclesiis
1331 4889 1519 4946 eliminabant
1544 4894 1573 4944 et
1595 4887 1788 4944 irreverenter

97 4979 168 5036 lecit.
193 4981 245 5036 llic
266 4998 319 5053 per
341 4982 520 5038 bonifacium
546 4983 712 5056 episcopum
734 4984 917 5040 Germaniam
967 4986 1100 5042 urebant.
1115 4989 1147 5044 ln
1161 5001 1274 5041 canone
1285 4985 1341 5041 hoc
1357 4983 1534 5040 asacerdote
1548 4982 1700 5040 dicendum
1713 4981 1788 5053 adje-

97 5075 126 5128 ad
140 5074 232 5130 tidem
245 5075 350 5131 Christi
365 5077 515 5132 convertit.
531 5077 687 5132 Tuncluna
702 5093 791 5148 usque
805 5079 841 5132 ad
856 5095 915 5134 me·
966 5079 1005 5135 cit
1018 5097 1025 5134 :
1039 5082 1157 5148 Quorum
1170 5081 1325 5135 solemnitas
1339 5078 1416 5134 hodie
1438 5080 1467 5133 ιιι
1490 5083 1633 5148 conspecto
1654 5076 1784 5147 majestu-

97 5165 168 5222 diam
196 5170 314 5224 noctem
342 5173 492 5226 cruentata
518 5170 578 5226 visa
604 5176 656 5240 est,
680 5170 782 5225 llurius
809 5171 917 5227 Tiberis
968 5174 1002 5228 tis
1018 5179 1071 5228 tua
1094 5173 1256 5236 celebratur,
1280 5173 1390 5228 Domine
1404 5174 1473 5227 Deus
1495 5172 1626 5238 nostruin
1647 5173 1701 5224 toto
1727 5169 1789 5224 orbe

96 5259 246 5317 inundavit
266 5263 296 5316 et
313 5279 368 5334 per
382 5277 420 5319 vn
436 5263 496 5319 dies
513 5264 635 5320 Romam
659 5264 815 5336 occupavit,
832 5264 872 5321 ita
886 5269 918 5320 ut
967 5271 1112 5331 terrorum,
1126 5269 1155 5321 et
1168 5266 1198 5321 in
1212 5265 1338 5322 oratorio
1353 5264 1382 5321 in
1397 5263 1493 5336 lapide
1508 5263 1594 5319 scribi
1604 5262 1680 5318 lacit.
1698 5261 1785 5316 Lind-

96 5358 206 5424 portarn
220 5353 396 5410 Flaminiam
408 5372 539 5428 egressus
553 5357 769 5413 transcenderet
781 5363 810 5414 et
821 5358 851 5412 in
867 5357 917 5413 Via
967 5359 1097 5430 prandus
1109 5374 1157 5415 rex
1172 5360 1294 5414 llomam
1302 5357 1424 5414 obsedit.
1439 5359 1492 5413 Pro
1503 5373 1559 5431 qua
1572 5373 1602 5413 re
1615 5372 1689 5427 papa
1701 5371 1719 5410 a
1731 5355 1784 5412 Ca·

94 5445 152 5503 Lata
166 5447 204 5504 ad
220 5463 308 5504 uuam
329 5453 359 5505 et
373 5449 462 5505 semis
483 5453 622 5506 staturam
639 5467 716 5523 aqua
730 5457 915 5508 excresceret.
967 5452 1026 5507 rolo
1054 5468 1122 5525 rege
1149 5445 1322 5508 Francorum
1347 5451 1486 5507 auxilium
1508 5450 1600 5523 petiit.
1628 5451 1706 5505 Tunc
1732 5465 1785 5522 pro

91 5539 225 5613 Gregorio
246 5558 322 5614 papa
338 5557 403 5598 cum
428 5544 505 5598 clero
524 5549 553 5599 et
570 5542 654 5616 plebe
677 5543 791 5599 litanias
814 5545 915 5602 crebro
965 5545 1182 5602 Transanrundo
1195 5546 1267 5602 duee
1280 5546 1505 5619 Spolitanorum,
1522 5543 1570 5617 qui
1587 5545 1708 5599 Romam
1720 5556 1787 5599 con-

90 5638 210 5707 igenta,
236 5640 298 5706 post
325 5639 456 5691 octavum
493 5637 570 5693 diem
592 5637 655 5709 jam
682 5637 815 5693 misertus
843 5639 915 5694 licus
966 5640 1090 5711 lugeret,
1107 5647 1229 5712 quatuor
1242 5639 1327 5695 urbes
1348 5638 1482 5694 ltomunis
1496 5638 1599 5693 ablatae
1614 5641 1691 5692 srrnt.
1716 5637 1784 5690 Bea-

90 5744 194 5801 squam
208 5730 330 5787 arrosit.
343 5729 508 5788 Anastasius
523 5731 558 5789 do
572 5731 695 5804 irnperio
711 5732 916 5804 ch'ectuseon·
965 5737 1013 5791 tus
1035 5750 1118 5812 papa
1139 5734 1289 5806 episcopos
1314 5749 1382 5789 lxxx
1406 5732 1597 5798 consecravit,
1621 5736 1649 5787 et
1676 5745 1701 5784 ιι
1725 5727 1785 5781 Κιιι.
