3750 6046
45 246 48 251 ·
144 214 212 270 lari
840 214 976 272 hDthNl
995 216 1028 271 lv
1048 216 1143 273 Phl‘r'r]
1255 271 1260 282 ,
1763 219 1829 272 tiit

495 335 601 394 cxciv.
965 353 995 426 Α
1361 342 1458 398 cxcv.

141 462 188 517 Ad
203 464 341 531 Hupooem
356 462 524 516 Francorum
544 465 615 531 repis
636 464 836 519 coemiterium.
855 467 954 523 Grotu-
1006 435 1184 508 wewam]
1196 439 1315 529 imm
1327 442 1352 492 ‘t
1366 439 1522 492 “nimum
1542 438 1702 508 mmmm
1722 435 1829 492 cmi

177 544 253 599 totar
262 544 404 614 quodpoei
415 547 656 601 interFroucoram
666 548 867 618 ecstasinque
883 565 957 618 reyes
1112 517 1221 572 ‘Mem
1234 517 1272 571 “d
1282 522 1412 621 ”mmefn
1420 532 1565 588 pamm
1575 518 1724 572 '‘mmm''

174 624 316 692 anastasia
332 626 425 678 utilem
445 640 554 695 operam
568 629 720 682 novaverit.
1255 612 1407 681 (Lfliefflffli
1431 611 1500 665 N0V·
1517 611 1574 681 ᾗ·)

1113 703 1281 773 thirrenum,
1306 704 1383 759 Aac.
1410 703 1546 772 Camala„
1572 704 1623 773 lit,
1645 702 1723 775 350.]

1042 818 1181 870 Annianus
1195 814 1352 886 episcopus,
1368 831 1464 871 servus
1479 832 1631 871 serrorum
1644 815 1710 882 Dei,
1725 815 1832 870 dilectis

1006 907 1070 962 liliis
1101 906 1261 979 G[aaeomo]
1292 909 1380 979 priori
1403 913 1432 964 et
1457 910 1592 965 universo
1621 909 1756 980 capitulo
1784 910 1831 964 Ca·

179 1010 493 1081 hortanusepiscopus,
508 1026 605 1065 servus
620 1027 766 1066 serrorum
777 1011 837 1079 ilci,
853 1012 956 1067 dilecto
1007 1001 1188 1066 maldulensi,
1216 1002 1346 1072 {salutem
1381 1006 1409 1057 θῑ
1432 1003 1621 1074 ³90³l⁰li⁰³m
1653 1001 1831 1058 benedictii>-

144 1103 202 1158 lilio
219 1105 326 1159 lineoru
350 1103 464 1157 illustris
485 1103 561 1174 regis
583 1106 755 1159 Francorum
777 1106 955 1175 cancellario,
1007 1111 1083 1150 nem.

143 1196 310 1251 salutemet
326 1196 508 1268 apostolicam
523 1196 762 1252 benedictionem,
1041 1188 1242 1244 Honasierium
1257 1192 1403 1257 vestrum,
1430 1189 1458 1243 in
1475 1205 1534 1260 quo
1557 1206 1611 1244 vos
1636 1190 1674 1245 ad
1696 1190 1750 1244 Dei
1766 1192 1827 1245 estis

179 1288 263 1354 Quod
276 1290 313 1345 ad
337 1307 437 1361 pacem
451 1294 479 1344 er
498 1290 676 1345 soncos-diam
692 1291 767 1345 inser
780 1290 957 1346 charissimos
1007 1282 1153 1336 servitium
1164 1281 1339 1353 congregati,
1354 1287 1385 1336 ut
1397 1281 1595 1337 confiteamini
1609 1283 1727 1337 nomini
1741 1288 1828 1338 sancto

141 1383 215 1438 illins
235 1387 347 1438 nostros
365 1383 537 1439 ludovicum
553 1385 691 1438 illustrem
711 1401 812 1455 regem
836 1387 956 1440 Franco·
1007 1392 1069 1443 ⁵1¹⁰,
1085 1378 1115 1430 02
1130 1375 1295 1446 ttlffllflfflifli
1308 1375 1338 1429 5¹1
1354 1374 1439 1430 ¹⁸¹¹(st
1453 1376 1524 1447 0j¹¹⁸=
1539 1380 1691 1447 (bmnium
1703 1393 1740 1431 ΘΧ
1754 1384 1827 1431 ³⁰¹0·

142 1477 248 1526 rumet
276 1471 692 1542 ilenricumillustrcnrregem
714 1473 886 1543 anglorum,
905 1490 956 1544 pro
1007 1472 1071 1523 acta
1085 1469 1215 1540 priorum
1228 1467 1285 1522 vita
1299 1475 1327 1523 et
1341 1469 1487 1524 honestate
1501 1485 1534 1524 ac
1549 1469 1828 1541 religioneipscrum

142 1580 225 1636 posse
239 1567 299 1632 tuo,
321 1566 393 1619 sicut
414 1565 496 1619 nobis
519 1565 632 1633 dicitur,
653 1565 790 1620 sollicitus
814 1567 955 1635 exstitisti,
1007 1565 1067 1617 tam
1081 1562 1277 1633 spiritualibus
1291 1577 1379 1632 quam
1393 1562 1603 1634 temporalibus
1618 1562 1782 1634 profecerit
1791 1564 1827 1616 in·

407 741 559 812 (Laterani,
574 743 640 797 Nnv.
655 744 693 809 l.)

338 863 448 933 [brusa
468 863 580 925 Concil„
597 864 672 930 XXII,
687 864 759 935 aaa]

43 1724 46 1733 Ι
143 1664 172 1713 et
186 1658 281 1713 studio
296 1659 330 1713 ad
344 1658 396 1712 hoc
411 1657 524 1712 effectui
544 1658 779 1729 mancipandum,
796 1664 823 1713 et
837 1660 955 1731 vigilan·
1007 1655 1160 1710 crementis
1171 1661 1200 1710 et
1210 1654 1321 1725 nosipsi
1334 1655 1460 1726 plenarie
1471 1656 1619 1724 norimus,
1629 1661 1659 1711 et
1672 1656 1730 1711 boc
1743 1656 1827 1726 ipsum

142 1754 201 1807 tem
214 1768 332 1823 operam
345 1750 530 1822 impendisti3
546 1757 626 1807 tanto
650 1752 776 1823 amplius
791 1757 903 1823 graiium
929 1719 995 1809 ctB
1008 1747 1112 1802 celebri
1135 1754 1179 1802 est
1191 1748 1412 1819 circumquaque
1424 1749 1501 1803 fama
1516 1749 1687 1819 vulgatum.
1704 1749 1828 1812 Quandiu

142 1844 450 1916 occeptumhabemus,
464 1850 492 1899 et
506 1844 594 1899 animi
608 1845 649 1899 tui
663 1846 847 1917 prudentiam
861 1846 958 1902 inhac
1008 1842 1085 1896 enim
1100 1841 1229 1912 ejusdem
1246 1841 1411 1897 monasterii
1431 1843 1534 1897 fratres
1548 1844 1580 1897 in
1604 1842 1719 1914 quiete,
1735 1844 1827 1897 unani-

142 1943 225 2009 parte
239 1941 319 1992 tento
332 1938 470 1993 attentius
484 1937 728 2009 commendamus,
742 1942 849 2010 quanto
865 1941 958 2011 magis
1008 1935 1108 1989 mitate
1131 1937 1160 1989 et
1181 1934 1334 1990 concordia
1348 1936 1535 2006 perstiterint,
1558 1952 1619 1991 non
1639 1953 1707 2002 sira,
1731 1937 1779 1992 sod
1799 1953 1829 1990 aa

143 2029 203 2102 ipsa
223 2047 277 2102 pax
300 2036 385 2103 atque
416 2032 567 2087 concordia
597 2033 651 2086 ileo
673 2037 712 2087 est
741 2036 769 2087 et
792 2033 958 2088 hominibus
1008 2028 1275 2099 potius,quaesunt
1291 2029 1406 2098 Christi,
1428 2035 1606 2101 quaerentes,
1622 2031 1757 2101 qnandiu
1778 2046 1829 2084 mo·

143 2129 234 2195 grate,
249 2129 277 2178 et
290 2126 348 2178 mm
360 2125 549 2195 praesentibus
559 2141 643 2197 quam
661 2125 783 2196 posteris
794 2126 957 2197 protutura.
1009 2121 1152 2176 nesticam
1163 2123 1293 2193 regulam
1304 2122 1415 2189 babitu,
1425 2123 1483 2178 vita
1492 2127 1522 2178 et
1531 2123 1668 2178 moribus
1678 2124 1827 2192 tenuerint,

23 2264 36 2273 ,,
143 2217 311 2287 Accepimus
324 2217 476 2288 siquidem,
490 2222 519 2272 et
542 2235 574 2272 ex
594 2218 688 2273 dilecti
709 2218 760 2273 filii
776 2220 865 2275 nostri
882 2221 957 2275 ch-
1009 2215 1201 2286 spiritualium
1217 2216 1386 2271 redolebant
1396 2217 1486 2287 gratia
1502 2220 1532 2270 et
1544 2217 1740 2287 jucunditate
1751 2216 1828 2273 bono

106 2338 109 2343 ·
144 2308 196 2364 rici
212 2310 305 2365 nuntii
320 2310 449 2381 praedicti
468 2310 517 2365 lilii
541 2311 628 2367 nostri
649 2312 726 2383 regis
746 2313 868 2368 Francius
888 2314 958 2368 rela-
1009 2324 1088 2378 rum,
1104 2324 1262 2380 rerumque
1277 2310 1477 2380 temporalium
1485 2310 1578 2381 copiis
1592 2310 1792 2377 abundabant,
1805 2316 1829 2365 et

37 2450 40 2455 .
144 2402 242 2473 tione,
268 2408 296 2458 et
317 2403 477 2459 litterarum
499 2421 614 2459 suarum
640 2411 740 2460 tenore
765 2407 958 2478 concepimus,
1012 2404 1108 2456 tantm
1123 2406 1184 2456 erat
1198 2402 1271 2457 odor
1284 2402 1366 2459 bonae
1381 2403 1523 2474 opinionis
1534 2420 1627 2474 quem
1644 2403 1685 2459 de
1700 2404 1762 2476 ipsa
1773 2420 1828 2459 con·

144 2500 255 2551 mnam
275 2497 351 2551 inter
366 2513 415 2552 sos
430 2498 524 2553 studio
541 2502 570 2553 ct
585 2498 731 2570 diligentia
753 2503 803 2554 tua
818 2502 959 2557 unitatem
1014 2495 1184 2567 gregorious
1198 2496 1346 2566 manabat,
1361 2496 1437 2568 quod
1460 2497 1591 2552 minores
1614 2498 1655 2553 ad
1670 2499 1827 2570 perfectore

141 2606 194 2662 per
208 2589 255 2644 [lei
280 2589 403 2661 gratiam
417 2606 487 2660 esse,
511 2596 540 2646 ct
561 2591 705 2647 vinculum
729 2594 883 2661 charitatis,
902 2598 961 2649 tan-
1013 2588 1151 2660 exemplo
1166 2589 1250 2644 simili
1264 2590 1457 2660 traherentur,
1472 2591 1513 2645 ita
1526 2596 1560 2645 ut
1576 2591 1736 2647 dicerent:
1753 2593 1826 2647 Trois

142 2688 201 2739 tam
211 2685 298 2739 etiam
308 2701 407 2755 pacem
416 2690 444 2740 et
454 2689 561 2739 tantam
571 2686 756 2742 intervenisse
765 2689 959 2757 concordiem,
1010 2698 1057 2737 nos
1079 2688 1140 2751 post
1159 2689 1202 2749 123
1226 2699 1363 2738 canemus
1377 2686 1405 2738 ia
1417 2684 1525 2739 odorem
1543 2691 1756 2754 unquentorum
1776 2694 1823 2739 tuo·

143 2783 175 2832 nt
198 2777 269 2832 nihil
291 2778 408 2833 alternae
428 2778 562 2833 amicitiae
583 2779 673 2835 ioedus
693 2780 861 2853 intringere,
886 2783 960 2838 nihil
1010 2791 1072 2831 tvm
1088 2776 1190 2845 (eane,
1215 2777 1246 2845 Ι).
1268 2778 1356 2831 Tanta
1379 2777 1466 2832 eiiam
1487 2777 1517 2831 in
1538 2777 1649 2833 eodem
1670 2779 1823 2852 locoquies,

145 2871 253 2925 amoris
275 2870 438 2926 firmitatem
463 2872 641 2943 aliquatenus
672 2874 763 2928 valeat
790 2875 958 2931 disturbare.
1011 2873 1088 2923 lania
1111 2885 1163 2939 pax
1177 2873 1205 2923 ei
1220 2871 1313 2924 unitas
1335 2870 1506 2937 hibebatur,
1527 2878 1562 2927 ut
1584 2872 1658 2927 iliud
1673 2874 1710 2927 de
1729 2889 1761 2928 ⁸⁰
1775 2890 1822 2928 fflt·

143 2964 224 3019 Unde
249 2981 301 3019 nos
324 2965 453 3019 laetitiam
478 2968 559 3020 tanto
591 2967 731 3037 maj0rem
759 2969 956 3039 concipimus,
1012 2962 1221 3030 lil⁰di⁰⁰lessii
1238 2964 1314 3034 tl¹¹⁰d
1332 2964 1550 3034 scriptumest:
1575 2967 1648 3021 Vere
1667 2983 1725 3022 ἢθη
1744 2968 1824 3023 atti

143 3062 171 3111 et
194 3072 260 3111 cum
285 3058 340 3112 Deo
356 3063 385 3111 et
397 3058 508 3129 angelis
520 3058 582 3128 ejus
600 3063 679 3114 muto
699 3061 822 3132 amplius
836 3064 955 3117 exsulta·
968 3081 995 3155 C
1010 3055 1089 3110 aliud
1101 3058 1155 3110 nisi
1176 3056 1270 3112 domus
1290 3060 1340 3112 Dei
1351 3062 1376 3112 et
1393 3063 1473 3128 porto
1487 3059 1549 3113 ccli
1569 3060 1665 3127 (tien,
1680 3064 1781 3131 mm).
1793 3063 1821 3115 le

143 3165 218 3217 mus,
233 3155 341 3220 quanto
364 3151 457 3221 magis
473 3151 628 3207 amicitiam
646 3152 735 3224 ipsam
753 3155 867 3226 utrique
884 3157 957 3227 parii
1010 3148 1102 3219 igitur
1115 3148 1329 3205 Camaldulense
1344 3151 1564 3217 monasterium,
1579 3154 1663 3224 quod
1680 3155 1750 3210 olim
1761 3161 1824 3209 tanta

142 3242 331 3297 necessariam
353 3259 414 3298 esse
435 3245 643 3315 cognoscimus,
670 3248 833 3303 almutium
854 3250 958 3305 exinde
1008 3241 1149 3311 religione
1162 3247 1191 3296 et
1209 3241 1357 3298 honestate
1378 3244 1513 3315 pollebat,
1529 3248 1614 3300 tanta
1629 3247 1771 3302 virtutum
1783 3265 1821 3302 rx·

143 3334 297 3391 utilitatem
331 3337 452 3391 multum
485 3337 610 3392 fructum
642 3340 830 3411 conspicimus
857 3359 957 3412 prove·
1009 3335 1823 3410 0011811158PlffiefflissssbflislemlfflffiV0ffl⁰³⁵¹¹0³i⁸¹¹¹i

142 3427 218 3483 nire.
1009 3433 1086 3503 quod
1096 3433 1182 3487 absitl
1193 3434 1372 3506 aliquatenus
1382 3434 1516 3490 imminui
1527 3436 1679 3506 videatur,
1689 3439 1825 3495 hortamur

151 3522 155 3531 '
179 3523 335 3594 Eapropter
358 3524 548 3595 omnipotenti
569 3526 636 3591 ilco,
654 3542 670 3580 a
698 3543 753 3597 quo
767 3528 841 3584 bona
857 3534 958 3585 cuncta
1008 3542 1066 3587 vos.
1084 3542 1220 3596 rogamus
1237 3533 1266 3582 et
1287 3528 1467 3584 obsecramus
1483 3529 1512 3583 in
1526 3530 1675 3602 Domino,
1691 3538 1725 3588 ut
1735 3534 1825 3588 relictis

140 3617 312 3687 procedunt,
322 3618 387 3673 etin
396 3618 476 3689 cnjus
485 3636 570 3674 manu
581 3636 680 3691 regum
693 3622 780 3676 corda
789 3623 956 3692 consistunt,
1009 3620 1129 3676 omnino
1143 3621 1305 3676 carnalibus
1319 3622 1467 3677 desideriis
1480 3640 1547 3695 quae
1561 3625 1827 3683 militantadrersus

140 3704 298 3760 immensas
313 3707 471 3777 gratiarum
493 3707 644 3763 referimus
659 3711 810 3765 actiones:
834 3712 882 3784 qui
905 3713 958 3768 dis·
1008 3714 1144 3782 animam,
1161 3720 1190 3769 et
1210 3715 1447 3786 concupiscentiis
1467 3717 1567 3772 saculi
1590 3721 1781 3791 conculcatis,
1799 3721 1826 3776 ad

142 3798 292 3854 cordantia
312 3801 454 3870 quondam
481 3806 556 3869 vota,
581 3807 609 3856 ot
632 3803 760 3875 dispares
784 3806 954 3873 voluntates,
1009 3813 1118 3862 caterua
1131 3809 1232 3863 etsine
1246 3809 1302 3863 fine
1316 3825 1450 3865 mansura
1467 3826 1519 3881 per
1540 3811 1625 3867 bona
1651 3816 1827 3886 operasuspi·

141 3890 180 3945 ita
194 3908 245 3963 per
260 3909 340 3948 suam
363 3894 587 3951 misericordiam
607 3896 697 3951 voluit
716 3914 777 3953 esse
796 3899 956 3969 conjuncta,
1008 3900 1087 3970 retis,
1105 3901 1140 3956 ad
1166 3918 1311 3957 summum
1326 3903 1433 3958 bonum
1450 3905 1480 3959 et
1500 3904 1536 3959 ad
1554 3909 1689 3977 praemia
1702 3908 1830 3964 felicitatis

142 3990 175 4039 ut
190 3983 261 4040 nibil
272 3986 334 4057 jam
362 3987 392 4041 in
410 3987 477 4057 ipsis
492 3990 581 4060 possit
597 3990 716 4061 reperiri
730 3991 893 4064 diversum3
908 3994 958 4050 scd
1008 3997 1125 4050 aeternae
1140 3995 1194 4066 piae
1218 3996 1438 4052 conversationis
1451 3997 1549 4053 studio
1563 4000 1744 4072 intendatis,
1758 4008 1831 4076 atque

142 4077 219 4133 idem
231 4080 330 4148 velint,
349 4084 378 4135 et
397 4080 473 4135 idem
489 4082 594 4137 sentire
613 4083 720 4155 pariter
732 4085 891 4142 videantur.
904 4088 959 4143 Nos
1008 4088 1050 4143 ita
1062 4089 1178 4143 stabiles
1193 4090 1222 4144 in
1236 4090 1374 4162 obsequio
1386 4091 1549 4148 conditoris
1563 4109 1747 4164 permanere
1760 4112 1831 4153 cure·

142 4172 958 4243 veroquipacisetconcordiscbonuminteramnesesse
1008 4181 1056 4245 tis,
1079 4187 1108 4237 ct
1131 4183 1161 4236 in
1187 4184 1248 4254 ejus
1278 4183 1430 4239 devotione
1452 4184 1616 4257 terrentes,
1647 4195 1683 4246 ut
1713 4193 1784 4249 nihil
1804 4194 1833 4246 sit

139 4263 299 4336 plurimum
335 4272 434 4338 optare
457 4268 605 4339 debemus,
629 4269 755 4326 divinam
778 4274 958 4331 clementiam
1008 4275 1082 4347 quod
1095 4275 1157 4346 jam
1172 4293 1220 4331 vos
1234 4277 1399 4333 acharitate
1412 4278 1517 4335 Christi
1536 4282 1643 4339 valeat
1661 4286 1834 4358 aliquatenus

138 4358 256 4414 assiduis
269 4360 400 4430 precibus
414 4377 576 4431 exoramus,
593 4366 623 4417 ut
636 4380 736 4434 pacem
752 4365 867 4422 firmam
881 4369 957 4424 iuter
1009 4385 1159 4440 separare;
1175 4370 1225 4425 sed
1239 4386 1292 4442 pro
1302 4370 1438 4426 laudabili
1453 4376 1682 4435 conversatione
1696 4380 1764 4436 vitra
1778 4380 1835 4436 illud

141 4468 188 4507 eos
198 4469 368 4508 conservare
379 4454 513 4526 dignetur
527 4461 555 4510 et
567 4462 736 4528 perpetuam
750 4461 900 4517 unitatem.
913 4451 995 4524 ddl)
1006 4478 1090 4516 sacre
1109 4463 1260 4535 Scriptura
1284 4465 1480 4520 testimonium
1508 4467 1596 4541 vobis
1622 4474 1721 4543 possit
1746 4475 1838 4529 merito

140 4544 210 4614 haec,
217 4547 277 4618 jam
294 4547 402 4602 dictum
414 4548 507 4603 filium
521 4555 651 4606 nostrum
666 4553 829 4620 ilenricum,
843 4555 954 4611 littera·
1008 4556 1147 4627 adaptari,
1163 4572 1221 4628 quo
1243 4557 1345 4613 dicitur
1359 4576 1366 4613 ε
1381 4560 1544 4617 Laudabilis
1567 4569 1718 4636 mutus,
1738 4571 1839 4625 suillo·

139 4643 200 4694 tum
215 4640 332 4711 quidem
347 4642 484 4697 clericum
498 4648 526 4698 et
539 4644 701 4713 honestum,
717 4663 804 4718 quem
817 4648 891 4704 cirea
905 4667 954 4706 ne·
1006 4652 1096 4706 minas
1117 4654 1284 4708 exercituum
1307 4653 1451 4715 benedicti,
1466 4653 1562 4710 diceas
1581 4674 1589 4711 τ
1614 4660 1698 4732 Opus
1717 4680 1841 4719 ursanum

140 4733 217 4806 gotia
237 4737 288 4789 tua
314 4735 428 4790 tidelem
449 4737 516 4791 satis
535 4754 594 4793 esse
611 4742 812 4810 cognoscimus
826 4760 857 4798 ac
872 4744 956 4800 devo·
1005 4760 1126 4799 meorum
1140 4752 1170 4799 tu
1183 4761 1220 4803 ea.
1245 4747 1389 4802 hareditas
1400 4763 1470 4811 meo,
1492 4751 1662 4810 leuantem
1678 4760 1763 4825 (lara,
1782 4762 1841 4821 xrxi.

139 4832 219 4894 tum,
246 4827 390 4883 dilectioni
419 4834 474 4884 tuae
500 4832 668 4902 propensius
698 4836 953 4909 commendantes,
1006 4837 1087 4892 Vobis
1121 4839 1263 4908 siquidem
1301 4840 1483 4896 solertissime
1519 4844 1714 4907 intuendum
1752 4859 1844 4909 estet

140 4936 276 4992 rogamus
290 4922 458 4992 plurimum,
473 4927 501 4978 ul
519 4939 585 4979 eum
611 4942 661 4997 pro
675 4928 704 4981 Β.
723 4929 796 4984 Petri
811 4947 843 4984 ac
858 4935 954 4988 nostra
1004 4931 1141 4986 attentius
1151 4933 1346 5005 cogitandum,
1356 4936 1583 4994 neodoersore'us
1595 4950 1695 5001 aester
1709 4947 1842 5005 diabolus.

138 5015 301 5071 reverentia
316 5016 350 5071 dc
364 5016 452 5072 charo
466 5018 757 5090 habeaschariorem‚
775 5026 803 5078 et
818 5024 954 5082 eidemin
1004 5024 1056 5096 qui
1072 5031 1207 5098 tuaquom
1219 5029 1258 5082 teo
1272 5032 1382 5099 rupiana
1402 5031 1511 5095 circuit,
1526 5048 1664 5102 quaercras
1677 5056 1762 5110 quem
1776 5043 1843 5098 decc·

139 5104 401 5174 opportunitatibus
422 5108 531 5163 saisita
554 5108 666 5179 pietalis
685 5111 790 5168 iutuitu
815 5120 843 5169 et
856 5123 953 5174 nostro
1002 5123 1043 5174 ret
1055 5119 1167 5192 (lPetr.,
1178 5120 1491 5188 v),veuenoastutiaeet
1501 5134 1665 5188 consuetae
1676 5136 1842 5209 etantiqua

136 5192 299 5253 interventu
315 5199 472 5270 provideas,
499 5202 576 5274 quod
597 5208 625 5258 et
640 5205 700 5276 ipse
722 5222 822 5278 preces
843 5214 954 5268 nostras
1005 5212 1113 5267 fraudis
1138 5213 1246 5269 insidiis
1266 5231 1283 5270 a
1305 5216 1399 5287 sponsi
1414 5216 1604 5289 amplexibus
1626 5229 1659 5281 et
1674 5232 1701 5297 {a
1724 5231 1843 5297 servitio,

137 5290 213 5360 apud
239 5294 265 5345 te
292 5293 343 5347 sihi
375 5295 478 5352 sentiat
507 5297 688 5368 fructuosas,
712 5306 741 5356 et
770 5319 823 5359 nos
851 5305 953 5363 exinde
1004 5305 1187 5377 quodabsitl
1212 5310 1401 5366 vosretrahat
1420 5311 1601 5373 Conditoris.
1629 5319 1757 5386 Quanto
1775 5325 1843 5380 enim

137 5380 284 5438 devotioni
306 5390 361 5442 tun
377 5389 537 5461 gratiarum
561 5391 715 5450 debeamus
740 5396 884 5453 exsolvere
906 5416 948 5455 ae·
1004 5400 1127 5472 amplius
1155 5401 1278 5457 humani
1301 5405 1413 5474 generis
1438 5403 1578 5464 inimicus
1609 5412 1727 5473 christi
1749 5418 1842 5474 fideles

138 5472 243 5531 tiones.
1002 5493 1060 5565 legi
1087 5495 1289 5552 mandatorum
1313 5498 1361 5555 llei
1384 5499 1527 5572 conspicit
1549 5503 1723 5581 inherere,
1744 5514 1840 5585 etejas

172 5568 274 5627 natum
287 5569 426 5647 uremur,
442 5594 462 5633 u
477 5578 548 5634 Non,
565 5580 701 5639 novemb.
1005 5587 1168 5645 salubribus
1179 5591 1296 5647 monitis
1311 5591 1478 5665 diligentius
1490 5594 1632 5673 obedire,
1650 5608 1742 5665 tanto
1755 5606 1838 5681 magis

1002 5680 1039 5736 ad
1063 5683 1164 5739 callida
1186 5701 1216 5740 se
1241 5692 1412 5757 argumenta
1433 5691 1602 5763 convertit,
1633 5703 1668 5755 at
1694 5700 1837 5759 soutar-

1003 5779 1145 5854 slaborat,
1160 5787 1192 5839 nt
1212 5800 1260 5841 eos
1279 5784 1315 5843 da
1328 5784 1468 5845 sinotum
1483 5788 1578 5851 isaar
1595 5808 1672 5857 troo
1693 5812 1833 5875 comm,
