3750 6046
4 176 139 231 'lib

784 166 942 226 onustatur
959 166 1092 226 tthtts

1720 172 1769 227 tto

87 300 164 352 diem
187 292 376 362 denuntiarit,
399 298 428 349 et
450 293 610 365 Stephanus
633 291 689 349 dux
711 292 900 348 sufficientem
912 293 1024 394 Anias,
1052 309 1121 364 quas
1148 292 1207 362 ipse
1234 289 1357 347 Domino
1389 291 1580 365 acquisierat,
1606 294 1767 354 destinavit.

88 393 258 462 apparatum
278 388 387 443 crunctis
408 387 589 443 vestientibus
607 387 643 442 ad
664 403 742 447 sacra
761 387 901 442 solemnia
950 386 1026 440 htulti
1039 392 1135 441 atatem
1146 402 1212 441 cum
1228 401 1333 458 magno
1347 386 1455 458 ejulatu
1466 394 1673 457 convenerunt,
1684 407 1770 464 popu·

88 483 241 555 ,suspirari
259 482 483 537 commendavit.
499 483 595 549 Porro,
614 482 683 535 drrm
700 485 813 535 sanctus
828 497 900 551 pon·

87 576 153 631 tifex
168 576 327 631 celebraret
343 575 495 630 missarum
511 574 658 640 solemnia,
676 578 792 641 tiriaus,
807 590 901 629 censes

86 669 235 725 Turonicae
245 669 379 738 ciuitatis,
394 672 524 739 arreptus
539 674 582 722 cst
596 686 613 721 a
627 667 742 722 diabolo
755 683 819 722 eum
832 683 899 722 con·

83 764 154 835 juge
173 762 345 819 Christiana.
360 762 408 816 l'ir
420 768 516 815 autern
531 759 643 814 Domini
658 759 705 813 diu
723 760 836 831 fatigari
848 759 900 813 ho-

89 857 180 912 mines
193 873 292 929 passus
310 872 367 910 non
388 857 441 923 est,
456 854 504 909 sed
522 870 570 908 eos
590 852 625 906 ad
646 869 675 907 se
692 854 777 924 jussit
796 854 900 920 venire,

88 956 117 1007 et
138 951 281 1005 daemones
303 947 458 1018 increpavit
485 963 535 1001 cuir
558 947 619 1001 ausi
644 947 764 1002 fuissent
787 947 815 1002 iu
840 946 902 1001 illos

88 1045 206 1099 intrare.
223 1044 368 1096 Daemones
388 1056 454 1095 vero
472 1040 606 1096 dixerunt
631 1040 684 1094 hoc
706 1039 760 1095 sibi
784 1040 902 1112 permis·

87 1154 150 1191 sum
165 1135 252 1190 fuisse
266 1151 318 1206 pro
335 1133 575 1206 transgressione,
587 1134 654 1206 quia
666 1139 764 1189 contra
779 1150 903 1206 praecep-

88 1237 150 1285 tum
174 1229 237 1298 ejus
257 1227 444 1282 immunditia
467 1227 574 1282 carnali
597 1227 852 1283 commaculassent
871 1244 902 1282 se

88 1327 148 1377 tnta
162 1325 254 1378 nocte.
270 1323 345 1377 Duce
365 1337 429 1376 cum
449 1320 556 1392 populo
577 1325 697 1391 rogante
716 1338 767 1392 pro
788 1321 901 1389 vexatis,

88 1419 201 1471 sanctus
215 1416 317 1486 praesul
337 1414 511 1469 daemonium
528 1414 634 1485 expulit
652 1414 681 1468 iu
704 1414 820 1470 nomine
840 1414 901 1470 Sal·

87 1510 203 1577 satoris,
219 1509 404 1579 hominesque
424 1507 547 1562 restituit
566 1506 656 1578 vigori
671 1508 798 1578 pristinae
813 1507 902 1580 sospi-

87 1604 163 1660 tatis.
184 1602 301 1658 Basilica
316 1601 459 1674 siquidem
472 1601 560 1656 sancti
577 1601 652 1656 Petri
671 1618 696 1656 tu
716 1602 809 1657 Nonas
826 1602 901 1670 itaii,

951 480 994 533 lus
1010 478 1117 533 scilicet
1135 479 1354 547 Pictaveusium,
1378 480 1612 553 Biturigensium,
1631 484 1771 541 Anemo·

951 588 1025 637 rum,
1047 572 1228 642 wasconum,
1248 574 1292 628 vel
1316 573 1487 629 Gothorum.
1510 576 1769 650 appropinquante

951 669 1049 720 autem
1069 664 1163 720 obitus
1181 667 1224 721 sui
1239 665 1296 735 die,
1314 660 1484 738 rogantibus
1498 669 1619 737 cunctis,
1637 676 1719 726 extra
1733 672 1771 727 ci·

951 758 1044 813 vitatis
1071 761 1202 831 portam,
1227 776 1292 831 quse
1320 759 1452 816 Calcinea
1478 761 1597 831 dicitur,
1623 765 1768 835 perrexit3

951 851 1048 923 ibique
1067 868 1231 907 sermonem
1249 852 1285 907 de
1303 868 1369 908 vcra
1387 851 1444 909 lide
1465 859 1494 910 et
1515 853 1620 911 divinis
1635 857 1769 929 operibus

952 944 1052 1011 edidit,
1066 951 1151 1018 atque
1165 945 1263 1001 beatas
1281 946 1410 1015 virtutes,
1428 947 1534 1018 quibus
1548 948 1689 1005 salutiferi
1710 967 1769 1006 mo·

951 1054 996 1094 res
1010 1038 1189 1108 decorantur,
1204 1039 1313 1094 utiliter
1327 1040 1480 1096 recensuit.
1495 1043 1650 1114 Postquam
1668 1043 1770 1100 exhor-

951 1131 1060 1188 tatione
1081 1131 1161 1188 finita
1180 1133 1319 1204 populum
1339 1132 1497 1203 benedixit,
1512 1135 1691 1210 Dominoque
1711 1138 1770 1194 Deo

953 1225 1006 1296 piis
1019 1226 1148 1297 precibus
1162 1227 1387 1297 commendarit,
1400 1228 1506 1299 portari
1520 1245 1549 1284 se
1563 1229 1592 1285 in
1607 1232 1768 1287 oratorium

952 1318 1029 1374 beati
1042 1319 1176 1391 Stephani
1187 1319 1268 1389 fecit3
1285 1320 1381 1392 ibique
1400 1322 1430 1376 iu
1450 1321 1546 1378 cinere
1567 1327 1596 1378 et
1610 1323 1706 1380 cilicio
1720 1342 1769 1381 re·

952 1412 1059 1467 cubans
1077 1412 1167 1468 finem
1185 1429 1270 1469 suum
1291 1415 1474 1487 exspectarit,
1491 1415 1673 1490 genibusque
1692 1418 1770 1475 flexis

952 1510 981 1561 et
1000 1505 1129 1562 manibus
1144 1507 1181 1562 ad
1200 1509 1301 1562 coelum
1319 1506 1448 1576 intentis,
1468 1509 1647 1566 orationibus
1659 1512 1769 1569 exitum

953 1615 1036 1654 suum
1058 1598 1165 1655 muniri
1184 1600 1303 1656 curavit.
1327 1601 1368 1656 sd
1391 1602 1522 1658 ultimum
1544 1619 1612 1659 vero
1636 1604 1713 1661 banc
1731 1605 1769 1662 ad

88 1701 218 1770 tempore
239 1695 360 1751 Neronis
386 1695 577 1766 imperatoris,
603 1698 766 1750 consecrata
791 1697 850 1764 est,
878 1686 944 1758 etB
955 1693 1109 1748 Dominum
1124 1709 1222 1750 vocem
1237 1694 1310 1750 fudit
1327 1711 1333 1748 :
1351 1716 1366 1744 ι(
1381 1696 1411 1750 lu
1430 1712 1534 1751 manus
1548 1701 1621 1766 tuas,
1637 1698 1768 1768 Domine,

88 1795 168 1847 tanta
190 1790 304 1846 claritas
331 1789 361 1843 in
387 1789 433 1844 die
459 1788 677 1844 consecrationis
702 1789 764 1861 ejus
792 1788 903 1860 ibidem
953 1787 1124 1842 commendo
1136 1787 1269 1858 spiritum
1285 1804 1394 1844 meum.
1407 1810 1422 1839 u
1435 1790 1549 1846 Cunctis
1563 1797 1661 1847 autem
1676 1792 1770 1849 ilenti·

89 1884 206 1941 emicuit
221 1890 250 1938 ut
265 1883 339 1939 alter
354 1883 475 1939 alterum
489 1881 542 1938 sibi
559 1883 723 1954 proximum
742 1882 786 1938 rix
807 1882 903 1939 videre
952 1880 1006 1935 bus
1027 1883 1056 1936 et
1078 1880 1235 1949 orantibus,
1255 1881 1315 1953 ipse
1338 1899 1426 1938 mauu
1447 1883 1570 1940 innuens
1591 1889 1624 1940 ut
1640 1886 1769 1955 silerent,

89 1978 235 2052 quivisset.
953 1973 1045 2029 dixit:
1063 1995 1077 2023 «
1089 1976 1204 2043 facete,
1222 1976 1354 2047 nunquid
1376 1992 1435 2032 nou
1456 1976 1563 2032 auditis
1582 1984 1700 2050 quante
1719 1996 1768 2035 ve·

126 2072 174 2129 llis
196 2071 248 2127 rite
274 2071 409 2143 peractis,
435 2069 535 2126 beatru
560 2067 695 2126 Martialis
720 2069 902 2126 Aurelianum
952 2068 1037 2124 niunt
1055 2068 1153 2124 laudes
1168 2069 1204 2124 de
1224 2069 1315 2125 eoelof
1336 2072 1417 2128 Certe
1439 2070 1576 2127 Dominus
1596 2072 1675 2129 veuit
1696 2075 1769 2131 sicut

90 2165 243 2233 ordinavit,
258 2170 287 2221 et
302 2167 366 2236 post
378 2181 461 2219 suum
474 2164 628 2220 discessum
644 2164 707 2219 urbi
722 2164 902 2221 Lemovicen·
953 2161 1092 2234 promisit.
1109 2185 1123 2212 u
1139 2164 1281 2218 Continuo
1294 2164 1342 2218 lux
1357 2180 1464 2235 magua
1479 2164 1586 2221 ibidem
1606 2166 1729 2236 refulsit,
1743 2173 1769 2225 et

89 2261 164 2318 sium
177 2259 315 2332 prefecit.
325 2258 471 2314 Andream
487 2275 553 2314 vero
563 2258 761 2331 presbyterum
776 2257 903 2314 ecelesias
953 2272 1005 2311 vox
1025 2256 1140 2312 Domini
1159 2257 1287 2312 vocantis
1305 2273 1373 2313 eum
1391 2259 1559 2330 personuit:
1583 2280 1597 2309 a
1613 2260 1768 2331 Egredere,

89 2355 186 2412 Sancti
199 2353 273 2410 l‘etri
292 2352 416 2425 apostoli
434 2352 571 2423 praefecit,
587 2350 684 2425 ibique
704 2368 769 2407 cum
790 2368 824 2407 eo
844 2351 902 2408 llil·
952 2349 1103 2404 beuedicta
1123 2350 1230 2405 anima.
1246 2371 1260 2400 a
1274 2350 1384 2407 Deinde
1398 2367 1464 2407 cum
1486 2351 1546 2423 ipso
1566 2353 1722 2424 splendore
1741 2356 1769 2411 in

89 2448 239 2505 dabertum
252 2445 386 2503 Archadii
399 2445 511 2502 comitis
523 2445 616 2502 lilium
629 2447 658 2501 et
672 2446 742 2501 alios
753 2462 834 2502 xxxvi
849 2447 904 2502 cle·
952 2444 1056 2499 coelum
1076 2445 1213 2515 perrexit,
1237 2447 1267 2499 et
1288 2450 1441 2501 concentus
1460 2446 1576 2502 interim
1597 2449 1768 2519 angelorum

89 2544 164 2599 ricos
181 2540 338 2606 constituit,
353 2541 451 2611 cisque
466 2539 626 2610 Stephanus
644 2538 700 2594 dux
717 2554 749 2594 ex
768 2556 820 2595 suo
839 2540 901 2595 red·
953 2537 1068 2592 auditus
1089 2542 1142 2593 est.
1167 2540 1199 2593 lu
1221 2537 1377 2594 crastiuum
1399 2538 1468 2594 hora
1494 2539 1576 2595 tertia
1602 2541 1770 2614 paralyticus

89 2635 165 2692 ditus
178 2635 214 2690 ad
227 2634 332 2689 victum
346 2633 520 2688 etvestitum
540 2631 664 2687 ubertim
677 2632 801 2687 donavit.
817 2634 904 2688 llutta
957 2630 1075 2702 quidam
1094 2631 1189 2702 tetigit
1208 2631 1345 2687 feretrum
1364 2633 1426 2703 eius
1446 2639 1475 2688 et
1498 2634 1592 2688 statim
1616 2634 1711 2691 lactus
1730 2641 1772 2692 est

88 2730 204 2803 quidem
217 2727 251 2783 de
267 2726 402 2798 operibus
414 2725 489 2780 beati
503 2725 634 2780 Martialis
647 2725 752 2796 scripta
767 2737 843 2793 suut,
855 2725 903 2780 scd
953 2740 1047 2779 sunus.
1057 2726 1186 2796 Cumque
1198 2725 1232 2780 ad
1247 2725 1441 2797 sepeliendum
1456 2741 1559 2798 corpus
1573 2727 1654 2783 illius
1674 2728 1769 2784 defcc-

88 2827 187 2879 tsmen
209 2820 310 2876 omnia
330 2818 497 2889 singillatim
516 2818 638 2889 proferri
660 2824 816 2890 nequeunt.
839 2820 904 2873 Erat
954 2820 1043 2885 ratur,
1062 2818 1089 2871 iu
1110 2819 1180 2873 hora
1195 2819 1368 2889 egressionis
1382 2819 1418 2874 ad
1432 2819 1529 2875 Sancti
1542 2820 1685 2892 Stephani
1698 2823 1772 2879 basi·

89 2917 166 2971 euim
181 2913 277 2969 divine
292 2911 453 2967 eruditione
470 2911 603 2982 repletus,
619 2911 757 2983 religione
773 2912 902 2983 insignis,
954 2910 1037 2967 licam
1058 2912 1121 2967 coeli
1141 2912 1233 2983 aperti
1255 2917 1331 2982 sunt,
1353 2918 1382 2969 et
1403 2912 1508 2984 bajulis
1529 2915 1620 2970 sancti
1644 2917 1772 2989 corporis

90 3025 203 3066 murum
219 3007 361 3078 probitate
376 3005 493 3076 pollens,
510 3004 713 3060 miraculorum
729 3005 903 3061 exhibitione
954 3006 1140 3077 pergentibus
1154 3006 1288 3077 usquead
1301 3006 1396 3061 locum
1409 3005 1563 3077 sepulturae
1578 3026 1697 3080 semper
1709 3027 1772 3083 ape

87 3101 273 3159 admirabilis.
287 3100 355 3154 licat
367 3104 549 3170 contemptor
563 3099 668 3166 seculi,
684 3106 796 3154 ansatur
812 3101 860 3154 Der
876 3054 942 3154 etC
955 3098 1109 3154 ciebantur.
1124 3100 1267 3155 Praeterea
1285 3100 1382 3155 multis
1402 3101 1438 3156 ad
1456 3103 1607 3173 exsequias
1623 3104 1771 3160 confluen-

88 3195 224 3268 proximi,
234 3198 264 3249 et
278 3193 322 3248 cui
337 3194 429 3248 virere
439 3193 567 3248 Christus
579 3197 640 3249 erat
648 3196 678 3248 et
691 3193 766 3248 mori
779 3193 902 3248 lucrum.
953 3192 1029 3247 tibus
1049 3193 1181 3262 infirmis,
1203 3193 1304 3249 heatus
1324 3193 1503 3264 Alpinianus,
1523 3196 1667 3267 accipiens
1686 3199 1772 3255 suda·

89 3288 246 3355 lleddebat,
262 3292 294 3341 ut
311 3303 388 3359 saepe
402 3287 465 3356 jam
479 3286 612 3353 diximus,
627 3286 707 3342 cesis
719 3286 821 3353 rursm,
838 3303 903 3341 sur·
953 3285 1029 3340 rium
1045 3285 1119 3342 beati
1139 3286 1291 3358 pontilicis,
1308 3290 1483 3358 egrotorum
1496 3305 1619 3361 corpora
1632 3293 1774 3365 tangebat

88 3383 132 3440 dis
150 3382 291 3449 auditum,
311 3380 417 3436 claudis
434 3395 575 3451 gressum,
595 3380 683 3436 mutis
701 3381 856 3453 loquelam,
871 3397 904 3435 ac
954 3384 982 3434 et
1001 3385 1118 3435 cunctm
1138 3382 1173 3436 ad
1194 3380 1404 3437 invocationem
1424 3383 1528 3438 Christi
1548 3385 1680 3442 sanabat.
1698 3387 1772 3443 luter

90 3481 216 3534 mortuos
230 3475 379 3532 revocabat
396 3474 542 3530 advitam.
557 3474 631 3530 Sunt
647 3477 675 3529 et
688 3474 744 3529 alia
758 3475 858 3537 multa,
872 3479 904 3529 ut
954 3474 1078 3545 reliquos
1095 3474 1267 3546 hydropicus
1285 3475 1405 3548 quidam
1423 3492 1457 3531 ex
1478 3477 1619 3534 tolosana
1631 3479 1702 3537 urbe
1715 3481 1768 3537 ad·

89 3570 259 3627 Aurelianus
274 3569 351 3638 dicit,
370 3566 642 3624 commemoratione
657 3568 753 3640 digua,
770 3585 834 3640 quie
852 3584 904 3640 per
953 3572 1048 3622 rectus
1066 3572 1109 3623 est
1127 3585 1193 3623 cum
1214 3586 1263 3625 sex
1283 3569 1364 3624 caecis
1384 3577 1413 3624 et
1433 3574 1558 3641 quatuor
1576 3572 1772 3644 demoniacis,

88 3682 155 3722 eum
169 3669 287 3736 operata
298 3667 342 3718 est
354 3660 458 3719 Christi
473 3662 581 3733 gratia;
598 3678 672 3733 qua,
688 3661 711 3716 si
725 3662 826 3717 litteris
838 3662 903 3717 scri·
954 3661 1002 3733 qui
1017 3661 1147 3734 sequenti
1162 3662 1208 3716 die
1227 3668 1290 3734 post
1304 3662 1414 3719 obitum
1430 3663 1517 3720 sancti
1531 3666 1662 3736 praesulis
1674 3667 1712 3724 ad
1727 3685 1770 3724 sc·

88 3761 235 3825 bereutur,
251 3775 267 3813 a
282 3773 339 3812 non
353 3755 537 3812 credentibus
548 3756 711 3827 apocrypha
726 3755 901 3812 dicerentur.
954 3755 1087 3827 pulcrum
1114 3756 1189 3810 illius
1209 3757 1405 3827 repraesentati
1425 3763 1493 3813 sunt
1513 3763 1542 3814 et
1564 3760 1638 3815 sacri
1664 3761 1771 3818 sudarii

123 3855 206 3908 Anno
227 3850 380 3906 uominice
394 3849 619 3905 Resurrectionis
638 3850 683 3914 to,
701 3849 815 3919 quaudo
834 3848 901 3903 bea·
952 3855 1028 3905 tactu
1043 3850 1133 3905 sanati
1148 3853 1224 3904 suut.

89 3949 134 4001 tus
154 3945 280 4016 pontifex
301 3942 437 3997 Martialis
457 3946 551 3996 oraret
570 3942 663 4008 solito,
681 3958 746 3996 ecce
767 3942 903 3997 Dominus
989 3945 1142 3998 innumera
1164 3960 1217 4015 per
1235 3945 1447 4000 sanctissimum
1464 3947 1615 4017 presulem
1637 3955 1705 4020 pust
1724 3953 1769 4005 tu·

88 4043 169 4096 lesus
181 4037 308 4093 Christus
332 4052 397 4091 cum
417 4034 563 4105 discipulis
583 4033 641 4089 suis
661 4034 690 4090 in
710 4034 861 4106 splendore
877 4037 903 4090 ei
945 4037 1142 4097 ,mutationem
1156 4039 1218 4109 eius
1228 4038 1366 4094 miracula
1378 4039 1451 4095 facta
1465 4043 1541 4109 suut,
1556 4057 1622 4113 quae
1637 4042 1768 4115 singilla-

91 4132 232 4204 apparuit,
251 4136 280 4184 et
299 4128 488 4184 amicabiliter
506 4144 573 4183 eum
592 4128 717 4183 salutans
732 4129 850 4192 roravit,
862 4130 901 4185 ei·
953 4130 1006 4185 tim
1025 4132 1121 4185 omnia
1141 4148 1200 4203 prm
1220 4132 1331 4205 ingenti
1345 4135 1427 4205 copia
1445 4135 1549 4207 scripto
1565 4138 1769 4209 comprehendi

90 4242 147 4299 que
172 4222 450 4297 quintumdecimum
473 4221 549 4277 diem
578 4222 759 4294 migrationis
782 4224 845 4294 ejus
866 4222 902 4279 de
952 4241 1010 4280 non
1030 4228 1159 4298 possunt.
1173 4226 1309 4281 Fortassis
1323 4228 1369 4283 cui
1388 4229 1450 4284 haec
1468 4245 1525 4284 non
1544 4228 1704 4299 sufiiciunt,
1716 4248 1769 4311 pso

89 4320 200 4378 mundo
214 4317 368 4374 terminum
390 4333 451 4372 esse
466 4315 608 4388 predixit.
629 4316 745 4372 Sanctus
764 4334 835 4389 ergo
850 4318 901 4385 vir,
952 4319 1102 4391 ampliora,
1115 4320 1138 4374 si
1150 4319 1353 4390 scriberentur,
1368 4322 1514 4379 volumina
1526 4322 1706 4381 sufficerent.

91 4414 195 4487 gaudio
211 4428 316 4484 ariagne
330 4410 464 4482 repletus,
478 4410 535 4464 Deo
551 4411 738 4482 gratiasegit,
753 4417 782 4466 et
795 4412 942 4500 exituml)
988 4416 1153 4470 lntemeuiut
1175 4431 1226 4486 pro
1247 4417 1435 4472 sustentans
1454 4418 1557 4489 presul
1577 4420 1718 4475 Danielis
1738 4418 1771 4475 dc

12 4560 15 4565 .
91 4525 176 4567 suum
202 4524 254 4580 per
272 4505 356 4561 binas
380 4505 573 4561 hebdomadas
593 4504 712 4560 assiduis
734 4506 853 4577 jejuniis
875 4514 904 4564 et
953 4523 981 4562 se
1007 4508 1186 4579 loquentibus,
1208 4511 1257 4579 qui
1276 4513 1391 4565 concino
1415 4510 1516 4570 cbristi
1535 4512 1593 4579 suit
1615 4517 1640 4568 et
1662 4519 1769 4585 apasto-

90 4604 195 4677 vigiliis
218 4619 249 4657 ac
278 4599 456 4656 orationibus
481 4599 661 4671 praeparauit.
686 4599 795 4656 Statuto
825 4603 903 4656 enim
955 4601 1149 4666 lorumsocius,
1163 4605 1214 4674 qui
1227 4605 1291 4673 pius
1301 4609 1398 4674 postor
1416 4607 1520 4661 sustitit
1536 4607 1769 4664 nemausensis

92 4706 222 4771 tempore
244 4696 344 4762 noctis,
366 4700 430 4766 post
448 4693 591 4749 modicam
613 4694 822 4766 pausationem,
840 4712 904 4768 quae
953 4701 980 4750 et
991 4698 1096 4766 prtinus
1103 4698 1267 4766 predicator
1278 4699 1388 4768 poplitis
1397 4699 1618 4765 meidcutultbus,
1630 4706 1675 4764 ut,
1684 4704 1770 4757 sumis

92 4793 179 4848 fessos
199 4795 277 4845 artius
297 4789 453 4855 recreabat,
472 4788 508 4843 ad
531 4787 692 4843 orationem
713 4789 857 4860 surgebat,
877 4797 905 4845 et
954 4790 1012 4859 ejus
1023 4791 1190 4846 orationihus
1204 4794 1312 4854 ruuuiti,
1324 4792 1490 4849 tarditatis
1502 4797 1608 4849 eim
1619 4810 1772 4851 macomus

93 4884 224 4956 usquein
245 4884 346 4938 horam
361 4883 514 4938 secundam
535 4882 594 4938 diei
609 4882 740 4954 precibus
760 4888 788 4937 et
802 4883 905 4939 divinis
951 4887 1102 4956 participes
1115 4887 1219 4941 ascisci
1237 4889 1333 4942 Amen.

92 4976 226 5034 laudibus
240 4975 398 5031 insistebat.
419 4976 525 5031 Deinde
546 4975 715 5031 sacrificium
736 4975 856 5032 Domino
874 4979 904 5034 in
954 4980 1041 5035 xxiv.
1065 4984 1183 5037 llutos-m
1207 4985 1392 5040 Domuuorurn
1418 4985 1589 5055 perstitissem.
1615 4985 1715 5044 Petrus
1744 4993 1770 5043 et

91 5072 165 5127 bora
183 5070 308 5127 monada
321 5086 373 5141 pro
387 5086 417 5123 se
433 5072 462 5124 ct
479 5069 558 5125 ouini
575 5070 697 5125 Ecclesia
717 5069 864 5140 offerebat,
877 5075 906 5128 et
1239 5092 1399 5133 successores
1418 5078 1484 5147 riso.

91 5171 191 5238 postca
221 5179 309 5234 usque
340 5164 368 5218 in
400 5178 549 5236 vesperum
581 5164 692 5219 assidue
723 5165 903 5236 predicatus.
990 5172 1061 5237 Quia
1081 5173 1340 5248 chronographiam
1358 5176 1517 5233 secundum
1535 5177 1643 5250 scripta
1661 5178 1770 5253 priscu-

91 5260 177 5317 b'octe
198 5274 266 5312 acro
281 5258 343 5329 jam
363 5255 558 5325 incumbente,
577 5257 698 5313 arduam
717 5260 770 5315 sibi
788 5260 904 5332 imposi·
954 5282 1020 5322 rum
1040 5273 1189 5325 contexere
1205 5270 1328 5340 decrevi,
1342 5276 1371 5326 et
1389 5270 1608 5329 ecclesiasticam
1629 5272 1770 5346 incipieus

91 5360 151 5410 tarn
173 5352 263 5407 victus
283 5349 461 5418 alimoniam,
483 5367 589 5422 panem
610 5352 717 5409 scilicet
740 5358 769 5410 et
789 5372 904 5428 aquam,
954 5362 1161 5431 narrationem,
1181 5364 1210 5419 iu
1235 5365 1317 5436 euius
1339 5365 1431 5438 eapite
1454 5365 1490 5421 de
1510 5366 1617 5423 sanctis
1633 5366 1770 5440 maulia

89 5446 279 5522 percipiebat.
956 5455 1470 5533 quedambreviterapposuimunc,
1484 5458 1639 5532 adjust
1650 5460 1768 5532 Deo,ds

127 5539 381 5613 appropinquante
401 5537 553 5594 vocationis
573 5539 709 5612 terminu,
723 5541 767 5600 vir
780 5544 830 5600 Dei
848 5546 905 5602 fra·
955 5548 1090 5607 Romanis
1105 5551 1275 5624 presulibus
1288 5553 1481 5610 continuatam
1499 5552 1605 5611 seriem
1622 5554 1709 5615 susus
1728 5555 1769 5611 ui-

92 5639 151 5692 tres
164 5632 326 5690 convocarit
344 5637 373 5688 et
389 5631 485 5687 obitus
502 5631 545 5687 sui
566 5631 643 5689 diem
664 5636 819 5694 imminere
832 5638 905 5696 iudi·
956 5648 1012 5715 tor,
1033 5652 1063 5701 ct
1084 5663 1100 5701 a
1119 5646 1202 5703 beato
1217 5649 1300 5705 Petro
1314 5649 1455 5723 apostolo,
1473 5647 1520 5705 cui
1535 5648 1667 5713 Christus
1680 5650 1768 5711 ubres

92 5728 176 5799 sarit,
191 5727 363 5801 nuntiusque
377 5742 431 5799 per
446 5726 596 5784 universas
607 5729 741 5803 regiones
754 5734 905 5805 etprorin-
956 5740 1040 5811 regui
1065 5740 1204 5798 cratonum
1228 5743 1370 5800 cummisit
1388 5742 1527 5801 inchoans
1552 5742 1690 5813 wnabor.
1712 5744 1767 5803 llos
