3750 6046
59 103 115 160 see
484 103 641 165 ursronn
661 103 930 166 ncccnsnsnca.
947 137 981 149 -
996 108 1086 165 rans
1100 109 1133 165 ιι.
1152 137 1187 150 -
1203 109 1268 167 ιιι.
1289 107 1331 166 ιι.
1695 113 1749 171 ιιι
1852 71 1857 78 ’

60 233 196 303 turgens,
209 244 263 301 per
282 245 366 287 amne
381 234 496 304 tempas
516 233 580 288 vitae
600 250 659 289 saae
679 251 767 306 usque
788 235 823 289 ad
839 250 880 290 se·
894 234 1043 325 Aineuria
1056 234 1084 289 in
1099 234 1196 290 multis
1207 233 1445 304 desolationibus,
1459 250 1528 307 qaas
1541 251 1628 308 supra
1642 253 1749 294 merno-

61 329 181 380 neetam
195 323 300 380 oblitas
314 332 356 381 est
374 325 472 382 omnia
486 343 550 398 quae
567 327 619 383 sibi
634 332 825 384 antecessores
840 329 884 383 sai
935 328 1004 394 rari,
1019 328 1120 382 dirutae
1135 335 1224 395 erunt,
1241 332 1422 397 restauraret,
1436 333 1465 384 et
1477 330 1512 384 ad
1532 335 1588 385 tam
1608 331 1747 387 laudabile

63 416 237 473 dimiserant
251 417 280 472 in
298 419 482 475 Narmannia.
935 421 1061 476 studium
1081 437 1165 476 omne
1186 421 1332 492 ingenium
1348 439 1429 476 sirum
1446 439 1511 478 curn
1531 427 1588 478 tota
1604 423 1746 495 possibili-

62 530 131 584 χιιι,
154 532 243 586 pum,
262 531 454 601 depopupam„
474 538 499 587 ,p
519 533 649 589 diruitur·
666 534 801 602 Quomodo
824 538 882 592 pp,
935 516 991 568 tale
1007 520 1034 569 et
1052 515 1210 570 substantia
1231 515 1396 571 medullitus
1415 516 1577 588 applicaret.
1593 516 1640 572 llic
1661 518 1746 572 nimi·

98 624 176 664 censa
194 609 341 664 cenobium
359 626 393 666 ea
410 613 499 666 minis
513 619 697 668 restauratur.
714 615 801 669 Primi
823 616 882 670 Uli·
934 623 998 662 rum
1012 608 1153 663 basilicam
1167 611 1294 663 veterem
1306 609 1399 664 Sancti
1414 611 1486 664 Petri
1500 611 1617 681 apostoli
1629 611 1750 682 propriis

100 702 191 743 6011868
203 688 322 742 libbam·
935 702 1095 773 sumptibus
1111 702 1262 774 reparavit,
1277 703 1383 774 talique
1398 704 1491 759 studia
1507 705 1748 776 cunctipotentem

101 790 228 858 interea,
240 789 413 847 obeuntibus
426 792 471 847 vel
484 791 657 849 abeuntibus
669 793 777 862 incolis,
790 797 884 851 Uticus
935 796 1026 850 Iteam
1039 796 1091 850 sibi
1106 798 1218 866 placare
1232 796 1408 852 desideravit.
1425 797 1556 861 Quodam
1568 814 1665 864 mane,
1680 799 1749 854 dam

62 882 93 937 in
108 883 298 939 solitudinem
313 884 409 955 rediit,
424 892 453 940 et
468 888 585 942 remotis
600 887 766 944 homiuibus
780 891 808 944 in
822 907 883 945 ora·
935 888 1072 944 bubuleus
1085 889 1145 961 ejas
1159 889 1245 944 boves
1262 891 1289 944 in
1309 891 1380 946 colle
1401 907 1487 962 saper
1502 891 1625 946 rivulum
1645 892 1747 947 Caren-

62 976 144 1032 teriis
164 983 194 1032 et
214 977 347 1033 domibus
365 979 469 1051 ingens
489 980 559 1035 silva
582 982 885 1050 crevit,etl1abitatio
936 987 1011 1037 tenoe
1037 983 1207 1051 custodiret,
1235 987 1264 1038 et
1294 983 1368 1038 inter
1395 984 1549 1055 parietinas
1575 985 1622 1039 abi
1650 984 1747 1040 fecun-

62 1069 193 1126 ferarum
211 1073 303 1128 rualtu
320 1074 449 1144 tempore
469 1073 576 1128 ibidem
592 1076 707 1131 exstitit.
724 1079 756 1132 ln
771 1077 883 1149 provin·
936 1074 1001 1129 dior
1028 1075 1113 1130 herbo
1142 1082 1216 1131 esset
1246 1077 1413 1145 excubaret,
1441 1094 1505 1133 ecce
1532 1078 1699 1148 peregrinas
1725 1095 1749 1134 es

62 1165 108 1219 cia
138 1164 313 1233 belvacensi,
341 1166 474 1222 liestoldo
501 1168 613 1222 cuidam
641 1170 807 1242 presbytero
835 1187 886 1243 per
937 1168 1053 1239 quidum
1075 1169 1174 1239 astitit,
1196 1169 1294 1240 ibique
1317 1170 1398 1240 quasi
1419 1171 1514 1225 labore
1534 1170 1642 1226 itineris
1662 1171 1751 1226 fessus

62 1256 206 1313 visionem
226 1261 296 1313 tunc
316 1259 423 1314 dietum
444 1263 487 1315 est
509 1278 516 1316 :
539 1283 553 1311 a
573 1262 603 1316 lu
623 1263 829 1319 Normanniam
848 1264 885 1319 ad
936 1261 1058 1328 resedit,
1091 1268 1119 1315 et
1152 1279 1216 1317 eum
1248 1263 1349 1318 eodem
1381 1261 1544 1334 aliquandiu
1575 1263 1749 1319 confabulari

62 1354 198 1407 sanctam
218 1350 367 1408 Ebrulium
388 1353 469 1421 vade,
486 1354 581 1427 ibique
601 1357 756 1428 perfrueris
773 1356 885 1413 dierum
936 1355 1032 1425 caepit.
1052 1376 1066 1404 o
1085 1354 1229 1423 Celeriter,
1250 1355 1352 1426 inquit,
1371 1356 1405 1410 ad
1425 1357 1599 1412 Gaazsenem
1620 1358 1701 1425 vade,
1722 1361 1751 1413 et

65 1444 251 1517 longitudine
272 1449 302 1500 et
320 1447 410 1502 felicis
429 1447 493 1503 vitae
509 1448 698 1520 jucunditate.
716 1472 729 1500 a
746 1451 796 1506 llic
816 1468 885 1523 argu
936 1447 981 1503 dic
997 1449 1024 1502 ei
1039 1454 1069 1502 ut
1083 1449 1232 1504 confestim
1247 1449 1343 1503 veniat
1356 1449 1390 1503 ad
1405 1466 1462 1503 me.
1478 1469 1492 1501 a
1507 1452 1634 1521 Cumque
1647 1449 1750 1505 bubul-

65 1539 162 1593 natale
183 1539 275 1594 selum
298 1556 427 1612 egressus
446 1545 497 1610 est,
519 1547 548 1598 et
568 1544 725 1599 Neustriam
746 1560 885 1617 perraga·
937 1557 986 1595 cus
999 1541 1034 1595 ad
1052 1542 1154 1596 herum
1171 1558 1254 1596 suam
1268 1542 1444 1609 cucurrisset,
1458 1549 1486 1597 et
1502 1544 1647 1615 peregrini
1666 1544 1751 1598 verba

66 1637 113 1687 tus
137 1635 190 1697 est,
216 1637 247 1688 et
268 1632 473 1690 habitationem
496 1635 591 1691 Sancti
616 1637 720 1692 Ebrulti
746 1639 884 1710 quaesivit,
896 1621 925 1693 Β
937 1633 1104 1703 intimasset,
1124 1636 1171 1689 ille
1194 1635 1310 1706 pigritia
1329 1635 1472 1702 detentus,
1488 1636 1573 1706 jussis
1593 1653 1651 1691 non
1671 1637 1751 1692 obse-

65 1726 116 1780 sed
140 1743 193 1797 per
213 1728 320 1783 maltos
343 1727 403 1783 dies
427 1744 567 1800 quaerens,
591 1731 735 1786 neminem
761 1732 811 1803 qui
833 1733 885 1788 sibi
937 1728 1080 1795 enudavit,
1103 1729 1152 1783 sed
1173 1729 1360 1800 peregrinum
1385 1745 1451 1784 ιιιοιι
1476 1746 1526 1801 per
1546 1729 1689 1784 famulam
1714 1731 1750 1785 ad
1824 1724 1828 1729 ’

66 1818 280 1875 demonstraret
306 1821 425 1876 invenit.
450 1822 577 1894 Denique
605 1824 681 1895 apud
706 1824 886 1880 bfontfortem
936 1838 966 1876 se
981 1823 1077 1877 venire
1090 1822 1237 1893 praecepit.
1252 1823 1300 1876 llle
1316 1838 1382 1877 vero
1400 1823 1503 1878 lteram
1518 1828 1546 1878 et
1563 1823 1647 1878 tertio
1665 1823 1751 1880 clien-

65 1912 163 1968 Sancti
192 1913 299 1969 Ebmlti
324 1920 448 1970 veterem
476 1915 619 1971 basilicam
644 1918 764 1989 reperit,
789 1918 885 1990 ibique
938 1917 996 1970 tem
1023 1916 1138 1983 direxit,
1161 1915 1210 1970 sed
1236 1916 1393 1971 obstinatus
1415 1916 1507 1984 lieres,
1531 1916 1626 1972 neseio
1649 1916 1752 1989 quibus

64 2006 161 2062 multo
183 2011 314 2079 tempure
336 2006 480 2077 habitavit,
501 2008 621 2064 credens
640 2009 716 2081 quod
737 2010 820 2066 illum
841 2012 885 2067 lo·
937 2014 1099 2081 occupatus,
1116 2025 1172 2064 non
1187 2009 1246 2064 ivit.
1262 2011 1390 2080 Cumque
1405 2010 1542 2065 bubulcus
1562 2010 1644 2066 tertio
1661 2011 1750 2066 redis·
1843 2044 1849 2061 .

64 2116 134 2155 cum
152 2099 207 2155 sibi
222 2100 336 2157 coeleste
352 2102 497 2157 oraculum
516 2102 674 2175 seminique
692 2120 741 2159 sao
755 2105 884 2161 insinua·
936 2105 989 2172 set,
1010 2103 1217 2174 dominumque
1240 2119 1324 2158 strum
1348 2104 1424 2159 nolle
1446 2104 1540 2159 venire
1560 2106 1720 2159 nuntiasset
1742 2123 1749 2159 :

64 2194 150 2250 verit.
938 2217 952 2246 «
975 2197 1055 2261 Veni,
1080 2196 1171 2268 iuquit
1193 2197 1296 2264 senior,
1320 2201 1348 2252 et
1370 2197 1523 2268 diligenter
1547 2197 1665 2253 intende
1687 2214 1751 2269 quae

101 2288 135 2342 ln
160 2287 305 2343 territorio
328 2288 485 2361 balgenzaii
510 2290 621 2345 caldam
647 2291 764 2363 pagensi
787 2297 885 2348 taurus
935 2290 1047 2361 loquar.
1072 2289 1120 2344 llic
1142 2290 1221 2344 locus
1242 2308 1257 2343 a
1280 2289 1372 2361 prisco
1395 2295 1524 2362 tempore
1547 2290 1640 2346 divina
1661 2289 1748 2346 bene-

64 2381 189 2437 numine
207 2381 273 2438 fala
293 2386 362 2449 erat,
383 2383 431 2455 qai
453 2399 528 2455 saepe
547 2400 668 2456 gregem
687 2389 885 2441 armentorum
935 2383 1061 2438 dictione
1080 2383 1268 2439 sanctificatas
1290 2387 1342 2450 est,
1364 2388 1392 2438 et
1414 2383 1601 2438 sanctissimis
1623 2384 1751 2456 reliquiis

63 2474 245 2546 relinquens,
259 2475 288 2530 in
301 2476 405 2532 saltum
419 2476 559 2548 currebat,
575 2484 805 2550 etapossessore
819 2496 885 2535 curn
936 2476 1091 2531 ditissimus
1118 2481 1169 2531 est.
1199 2498 1213 2527 a
1243 2478 1306 2531 llaec
1335 2477 1449 2546 dicens,
1478 2477 1616 2535 candidus
1645 2479 1751 2534 relator

63 2567 176 2623 familia
195 2575 224 2624 et
239 2568 356 2624 canibus
374 2570 422 2625 diu
441 2571 584 2643 quaesitus,
600 2572 720 2627 inveniri
736 2573 884 2645 nequibat,
935 2571 1066 2636 surrexit,
1087 2570 1116 2624 in
1137 2569 1230 2625 medio
1250 2586 1323 2624 areae
1344 2570 1439 2626 sedern
1458 2570 1553 2625 altaris
1572 2571 1681 2627 Sanctae
1701 2571 1750 2627 liei

63 2661 116 2717 sed
132 2666 199 2732 post
213 2678 230 2715 ιι
244 2664 287 2718 vel
300 2679 336 2717 ru
351 2662 420 2729 dies,
434 2664 502 2719 dam
521 2665 776 2736 irrecuperabiliter
790 2666 883 2737 perdi·
936 2663 1083 2735 genitricis
1099 2663 1193 2719 blaciae
1213 2663 1346 2731 ostendit,
1361 2664 1487 2734 itemque
1507 2681 1584 2718 aram
1599 2664 1709 2720 Sanctae
1723 2670 1752 2720 et

64 2759 110 2809 tus
132 2758 293 2826 putaretur,
317 2762 433 2827 repente
455 2774 551 2828 sospes
573 2758 691 2814 redibat.
713 2759 770 2814 lloe
790 2759 884 2832 itaque
935 2757 1090 2812 individuus
1099 2756 1243 2812 Trinitatis
1256 2756 1292 2811 ad
1302 2756 1444 2813 Orientem
1458 2757 1750 2814 monstravitlleinde

63 2847 240 2920 frequenter
258 2848 366 2904 factum
389 2856 440 2919 est,
463 2857 491 2906 et
512 2851 674 2923 hujusmodi
695 2868 740 2907 res
762 2852 790 2907 ia
815 2869 882 2908 con·
935 2851 1098 2923 obstupenti
1111 2850 1233 2906 bubulco
1246 2850 1399 2921 adjunxit:
1417 2872 1431 2902 ιι
1446 2851 1477 2907 si
1490 2852 1624 2907 dominus
1638 2855 1701 2907 tuus
1715 2852 1750 2907 ad

63 2942 252 2998 suetudinem
267 2959 349 2998 versa
366 2948 419 2999 est.
436 2944 529 2999 Ludus
547 2945 612 3000 inde
632 2945 729 3000 vicinis
746 2946 882 3001 intuenti·
893 2983 921 3057 C
934 2961 980 2999 me
1000 2944 1132 3010 venisset,
1146 2943 1303 2999 dammodo
1322 2944 1416 3014 ipsum
1436 2949 1529 3016 perte
1546 2945 1690 3015 accersivi,
1705 2962 1749 3001 se-

63 3035 118 3091 bas
132 3035 284 3108 agebatur,
302 3042 332 3092 et
351 3036 440 3093 libera
455 3038 577 3108 juvenco
597 3038 714 3093 facultas
731 3040 816 3095 eundi
837 3040 883 3094 ret
934 3042 1042 3094 cretum
1055 3037 1222 3093 thesaurum
1236 3037 1421 3094 ostendissem
1439 3039 1491 3106 illi,
1509 3040 1582 3094 ande
1597 3044 1690 3109 posset
1704 3039 1750 3094 hie
1856 3052 1858 3057 ’

62 3129 207 3186 redeundi
228 3131 456 3202 permittebatur.
478 3133 541 3187 Post
561 3133 676 3205 aliquod
699 3137 812 3205 tempus
833 3150 881 3188 ea·
934 3132 1080 3203 antiquam
1098 3147 1227 3203 reparare
1246 3131 1404 3201 basilicam,
1421 3135 1450 3187 et
1468 3149 1566 3187 rursus
1579 3132 1657 3187 aliud
1674 3149 1751 3188 arca·

62 3223 179 3280 riositas
193 3229 343 3296 ,pastorum
362 3224 511 3297 indignata
532 3230 583 3296 est,
603 3233 632 3282 et
648 3227 790 3283 discursas
809 3227 883 3282 tauri
932 3241 1003 3280 uum
1025 3225 1224 3297 prodidissem,
1248 3225 1324 3297 quod
1347 3225 1400 3281 teti
1421 3226 1601 3281 Normanniae
1622 3225 1748 3282 taetiaam

62 3317 256 3389 pertinaciter
280 3317 429 3389 explorare
454 3322 554 3374 conata
577 3324 629 3387 est,
653 3320 806 3391 ipsamque
830 3337 883 3392 per
932 3319 1091 3392 peperisset
1101 3319 1259 3390 ingentem.
1273 3341 1287 3370 a
1299 3322 1427 3392 Cumque
1438 3319 1560 3374 famulas
1570 3319 1631 3375 baee
1640 3320 1676 3375 ad
1686 3319 1750 3376 ulti·

61 3410 281 3484 spissitudinem
295 3412 351 3468 luci
366 3415 462 3468 secuta
480 3417 532 3468 est.
546 3414 682 3485 Sagaceru
701 3414 785 3469 etiam
800 3414 880 3470 inda·
932 3429 1011 3468 marm
1026 3412 1159 3482 audisset,
1177 3416 1206 3467 et
1221 3413 1394 3485 reciprocato
1408 3414 1478 3469 calle
1495 3412 1592 3468 audita
1611 3414 1749 3470 Guazseni

61 3510 194 3578 plorem
216 3506 335 3561 nomine
353 3506 496 3561 liuiletum
514 3507 567 3562 sibi
580 3507 719 3579 adjunxit,
736 3507 785 3580 qai
803 3524 881 3564 mere
932 3506 1085 3573 retulisset,
1100 3506 1148 3561 ille
1161 3511 1229 3561 tunc
1240 3506 1358 3562 festinus
1375 3523 1480 3579 equum
1496 3506 1630 3574 aseendit,
1646 3511 1674 3562 et
1685 3522 1750 3578 per·
1843 3552 1846 3557 .

60 3615 169 3655 ειιιιιιιιι
190 3598 309 3670 uestigia
328 3600 401 3655 tauri
420 3600 560 3672 sagaciter
577 3600 769 3673 investigavit,
790 3601 881 3656 donee
931 3599 1047 3655 ueniens
1061 3600 1097 3654 ad
1117 3600 1210 3655 lacum
1232 3599 1458 3667 desiderabilem,
1476 3599 1609 3655 nuntium
1628 3616 1685 3655 non
1702 3600 1746 3654 in·

59 3691 144 3748 illum
157 3708 258 3749 cerani
277 3693 366 3748 altare
383 3693 478 3748 Sancti
498 3694 573 3749 Petri
588 3693 706 3766 apostoli
722 3695 879 3765 jacentem,
930 3693 1018 3748 uenit.
1034 3693 1144 3749 tfoestus
1164 3710 1232 3765 ergo
1255 3710 1306 3765 pro
1328 3692 1461 3749 tarditate
1480 3710 1530 3748 sua
1550 3692 1636 3748 nimis
1656 3691 1749 3750 tactas
1789 3738 1794 3745 .

59 3787 145 3859 quasi
171 3789 269 3842 oraret
296 3785 418 3858 ibidem,
445 3787 562 3843 invenit.
587 3788 713 3844 blacerio
739 3788 880 3860 siquidem
932 3792 983 3857 est,
1011 3793 1041 3843 et
1065 3806 1081 3843 a
1108 3804 1198 3858 servo,
1226 3804 1288 3860 qaae
1317 3787 1352 3842 de
1380 3786 1601 3842 sanctificatione
1629 3787 1692 3856 leci,
1719 3791 1748 3845 et

58 3878 140 3935 disco
160 3885 269 3951 opertae
290 3883 382 3947 erant,
399 3881 453 3936 nisi
473 3880 582 3936 retibus
600 3881 725 3951 hederce,
742 3886 769 3936 et
790 3881 880 3937 ruinae
930 3882 965 3938 de
988 3882 1101 3938 duobus
1124 3881 1260 3938 altaribus
1285 3880 1425 3950 audierat,
1451 3882 1530 3937 avide
1555 3887 1746 3952 perscrutatus

57 3972 248 4044 antiquaram
261 3972 449 4029 aeditieiorum
463 3974 654 4046 spectantibus
667 3978 793 4046 patuere.
809 3977 881 4031 Con·
930 3983 982 4031 est.

58 4066 152 4122 densa
175 4066 245 4121 silva
265 4068 354 4123 crevit
373 4067 449 4123 intas
468 4072 496 4123 et
517 4073 605 4135 extra,
629 4067 675 4122 ubi
698 4084 781 4123 nemo
801 4068 879 4123 habi·
966 4069 1071 4124 Deinde
1084 4085 1149 4124 cum
1165 4068 1284 4126 ltadalfo
1302 4067 1467 4132 Fraxinell0‚
1486 4068 1593 4124 Turulti
1611 4069 1681 4138 atio,
1696 4068 1747 4141 qai

57 4163 175 4215 ureret
196 4176 250 4233 per
273 4176 362 4217 annos
385 4177 412 4216 a.
437 4162 514 4216 Tunc
540 4160 713 4217 albescentes
735 4161 877 4233 silicernii,
929 4167 996 4216 tunc
1012 4161 1150 4233 temporis
1168 4162 1297 4233 ejusdem
1314 4161 1368 4217 loci
1383 4161 1509 4232 capitalis
1526 4162 1659 4218 deminus
1673 4167 1744 4230 erat,

58 4253 123 4310 bne
137 4253 299 4322 audientes,
312 4253 497 4310 rememorati
514 4260 581 4310 sunt
593 4254 680 4326 quod,
697 4254 770 4310 sicat
784 4259 878 4327 patres
928 4255 1084 4310 eolleeutas
1098 4257 1150 4319 est,
1167 4255 1278 4326 Deoque
1289 4255 1408 4325 jurante
1421 4255 1579 4323 basilicam,
1594 4255 1622 4311 in
1637 4256 1745 4311 honore

56 4362 161 4403 eorum
186 4346 242 4402 illis
267 4351 471 4416 narraverant,
501 4352 612 4403 sanctus
638 4347 1072 4428 Ebralfas,atii·1)perpetuoe
1098 4348 1220 4419 Virginis
1243 4348 1337 4403 Mariae
1364 4351 1523 4403 restaurare
1550 4353 1668 4404 conatus
1692 4354 1744 4404 est.

55 4457 116 4513 que
142 4441 241 4512 plures
272 4441 373 4498 mandi
402 4447 613 4513 contemptores
644 4442 699 4497 illic
731 4441 873 4498 habitave-
924 4444 1083 4514 Operantes
1103 4440 1253 4512 antiquam
1272 4441 1385 4496 ruinam
1407 4441 1578 4508 effoderunt,
1598 4447 1627 4496 et
1645 4440 1745 4513 ingen·

55 4537 137 4591 runt.
926 4540 985 4590 tem
1007 4535 1135 4607 lapidum
1155 4535 1266 4607 copiam
1288 4535 1468 4600 invenerunt,
1491 4533 1567 4589 unde
1589 4533 1744 4605 incaeptum

92 4626 232 4684 ltedivira
263 4644 376 4702 quoqne
408 4629 495 4696 risio,
529 4629 692 4685 Restoldum
727 4633 874 4701 repetens,
926 4645 998 4701 opus
1025 4629 1165 4684 instanter
1193 4628 1383 4701 perfecerunt.
1412 4627 1453 4682 lbi
1482 4627 1571 4682 malta
1597 4628 1743 4682 mausolea

54 4721 206 4794 redarguit
227 4722 301 4795 quod
323 4722 423 4795 primm
442 4722 564 4795 jassioni
588 4739 646 4779 non
672 4724 757 4795 plene
783 4725 875 4779 adbuc
926 4723 1063 4778 nobilium
1079 4740 1266 4795 personarum
1286 4722 1465 4787 invenerant,
1480 4721 1509 4774 ιιι
1524 4721 1627 4792 quibus
1640 4737 1743 4793 regum

54 4815 232 4873 obaudierit.
255 4818 384 4889 Cumque
410 4816 560 4889 presbyter
582 4816 699 4872 sollicite
721 4818 876 4890 inquireret
927 4822 955 4872 et
975 4817 1143 4890 pontificum
1165 4832 1296 4888 corpora,
1318 4814 1354 4869 eb
1378 4813 1503 4885 insignia
1525 4814 1656 4884 quadam
1677 4830 1743 4886 quae

52 4909 202 4983 quomodo
217 4909 339 4982 jassioni
359 4911 511 4983 gratiosius
531 4910 729 4983 obtemperare
750 4911 874 4980 deberet,
927 4911 1032 4967 ibidem
1060 4916 1239 4983 receperunt,
1265 4909 1379 4965 condita
1402 4908 1488 4962 faisse
1514 4908 1639 4963 seniores
1665 4923 1739 4964 asse-

54 5005 165 5061 dietum
185 5007 229 5060 est
244 5004 287 5059 illi
305 5003 383 5076 quod
402 5004 519 5061 deberet
536 5005 648 5060 Uticam
670 5004 758 5072 adire,
779 5004 875 5078 ibique
927 5009 1002 5058 runt.

53 5099 145 5156 uncti
163 5114 267 5170 sequax
287 5097 393 5153 libralti
409 5100 464 5154 fleo
482 5098 613 5153 militare.
630 5097 780 5153 flastoldus
795 5114 874 5170 ergo,
962 5099 1102 5152 Nonnulla
1115 5098 1200 5153 etiam
1214 5097 1294 5168 signa
1309 5095 1446 5150 divinitus
1462 5094 1568 5150 ibidem
1589 5101 1652 5150 acta
1665 5099 1742 5150 sunt.

51 5192 179 5267 pristina
191 5191 352 5249 llontfortis
366 5192 544 5248 habitatione
560 5192 669 5260 relicta,
682 5192 793 5247 Uticam
814 5209 877 5264 per·
927 5191 1088 5247 llardaiuus
1104 5191 1181 5246 enim
1196 5190 1313 5262 quidam
1328 5206 1414 5261 eques
1432 5189 1535 5260 ingens
1553 5206 1649 5244 saxum
1668 5189 1744 5245 inter

51 5288 138 5355 rexit,
156 5285 265 5358 ibique,
279 5301 346 5341 curn
365 5287 488 5357 conjuge
502 5288 531 5341 et
545 5286 650 5341 llberto
664 5285 722 5340 tilio
740 5302 801 5354 suo,
817 5287 874 5358 pri·
925 5285 1035 5357 lapides
1055 5285 1178 5339 ecclesie
1195 5285 1273 5351 vidit,
1291 5284 1365 5355 qaod
1386 5282 1422 5337 ad
1441 5299 1512 5353 opas
1534 5300 1616 5337 saum
1636 5299 1743 5339 eoncu-

50 5380 284 5439 ambasiavit.
926 5380 1047 5450 pisceus,
1064 5379 1091 5433 in
1111 5379 1229 5434 domum
1249 5394 1329 5432 snam
1345 5377 1465 5443 devexit,
1480 5376 1578 5448 ibique
1593 5377 1744 5447 aquariam

85 5476 167 5532 Tune
186 5474 296 5531 Guazse
315 5473 349 5529 de
363 5472 505 5529 ltontforti
526 5473 628 5529 nobilis
647 5472 730 5528 miles
748 5474 810 5541 fait,
827 5475 876 5546 qai
926 5472 979 5527 sibi
997 5473 1112 5544 suisque
1121 5472 1262 5544 jumentis
1280 5471 1373 5526 faeere
1387 5469 1484 5537 ιιοιιιιι,
1500 5469 1547 5523 sed
1562 5475 1625 5540 post
1639 5471 1743 5540 iucoep·

52 5568 157 5625 timore
178 5566 411 5639 perpressam
435 5565 877 5638 cordesuopiepropesuitut
925 5572 985 5620 tani
1014 5565 1193 5621 cavationem
1220 5564 1250 5619 in
1276 5565 1446 5635 languorem
1476 5562 1591 5618 cecidit.
1616 5564 1656 5617 Eo
1683 5565 1743 5617 lan·
1834 5600 1840 5611 .

49 5679 157 5725 amnes
178 5662 209 5718 in
233 5659 338 5717 vicinio
359 5677 409 5716 sue
432 5660 573 5729 eeclesias,
598 5677 663 5732 quas
685 5663 824 5716 vetustate
848 5663 877 5715 et
927 5663 1043 5731 grente,
1066 5658 1234 5715 Gumioldas
1262 5657 1299 5714 de
1323 5654 1475 5721 inlebete,
1490 5655 1635 5728 pagensis
1658 5667 1765 5721 eques,
