3750 6046
484 192 656 253 aristeum
675 186 718 250 ΕΤ
736 188 939 252 animalcula.
960 224 996 236 -
1013 192 1069 253 ΑΝ.
1092 192 1170 252 trel.
1594 196 1662 255 totta

72 314 104 373 is.
119 314 215 372 Altare
228 316 337 373 &nete
351 316 443 374 Mariae
456 319 491 374 de
506 318 650 374 barnastal
664 323 693 374 et
706 324 796 374 totam
810 319 918 406 Asilae
935 336 942 375 ι
958 320 988 376 in
1001 323 1111 378 Sanctae
1128 319 1222 375 llariae
1242 320 1308 376 villa
1322 318 1459 394 hospites,
1473 323 1579 379 terram
1597 340 1661 377 ara-

72 426 127 466 tam
151 410 180 466 in
204 412 267 466 villa
292 412 463 481 monsteroli,
486 412 573 469 altare
596 412 624 468 S.
639 412 800 468 Winwaloei
849 413 939 471 bilem
954 417 983 471 et
995 415 1094 470 silvam
1107 432 1116 485 ;
1130 413 1159 469 in
1174 414 1238 470 ailla
1252 414 1340 470 liodie
1353 415 1482 472 modium
1500 416 1584 472 unius
1599 434 1661 473 mo·

72 502 126 560 nni
147 505 290 561 exactione
304 505 436 561 liberum.
453 506 484 561 ln
507 506 605 562 eadem
626 505 694 562 tilla
713 506 800 564 altare
850 507 969 579 landini,
996 514 1025 565 et
1050 511 1157 564 terram
1180 507 1329 578 arabilem,
1353 511 1461 565 terram
1483 526 1595 583 quoque
1624 511 1661 568 de

73 596 174 653 iPotri
188 614 253 654 cum
270 601 328 655 tota
347 600 468 667 decima,
484 600 573 654 altare
591 600 684 656 Sancti
701 599 799 655 Judoci
852 601 951 671 Frenc,
971 606 1000 658 et
1019 602 1207 669 comitatum
1230 602 1259 657 in
1283 602 1350 659 tilla
1364 604 1501 659 Cormunt
1521 604 1663 677 hospitem

72 707 120 746 arn
141 691 294 760 decimam,
308 692 396 749 altare
411 693 508 749 Sancti
521 692 649 764 vulflagii
666 699 695 748 ct
708 696 798 749 totam
852 712 961 766 unum;
978 696 1013 752 ad
1028 696 1110 752 botin
1127 696 1267 768 hospitem
1284 713 1394 766 unum,
1411 697 1445 754 ad
1459 698 1517 753 Wia
1536 698 1664 772 hospites

72 800 141 855 ram,
157 786 245 841 altare
259 785 289 842 S.
303 786 416 843 Martini
431 786 466 842 de
479 786 702 859 Escuiguccourt
713 792 742 842 et
753 790 798 843 to·
850 787 936 856 duos;
960 790 994 845 ad
1013 789 1121 861 Staplas
1143 789 1268 862 hospites
1286 796 1417 862 quatuor,
1431 790 1576 863 aquaticas
1594 797 1663 861 tres,

72 878 213 946 lecimam,
232 879 319 935 altaro
338 879 432 935 Sancti
452 880 525 934 Petri
545 879 580 934 de
596 879 695 952 Wally,
710 879 799 936 altare
849 883 1047 954 sagenasduas
1058 900 1066 951 3
1079 883 1114 939 ad
1129 882 1219 939 Boxiu
1229 884 1364 939 allodium
1379 884 1540 957 hamelini}
1555 884 1585 941 in
1597 886 1664 943 tilla

72 987 87 1026 e
107 971 201 1027 ldaria
223 971 351 1039 d'hiron,
368 973 503 1045 hospites,
517 972 614 1028 silvam
634 981 662 1028 et
679 975 798 1042 terram,
848 974 1000 1032 Londoniae
1015 976 1103 1032 altare
1116 978 1149 1032 B.
1164 977 1310 1033 Laurentii
1331 978 1400 1033 oum'
1411 978 1570 1051 hospitibus
1588 980 1663 1035 mul·

86 1064 180 1121 Sancti
195 1065 307 1121 vedasti
320 1066 354 1121 de
370 1067 468 1122 Escuir
488 1073 518 1122 et
537 1069 629 1122 totam
647 1066 798 1123 decimam.
849 1068 894 1138 lis,
910 1074 940 1125 et
958 1069 988 1124 in
1005 1070 1149 1127 territorio
1170 1070 1299 1142 ejusdem
1324 1070 1444 1128 civitatis
1463 1074 1602 1144 capellam
1625 1073 1661 1130 de

72 1158 132 1214 iem
145 1158 210 1213 villa
224 1159 353 1231 hospites
367 1165 397 1216 et
418 1163 524 1216 terram
544 1160 692 1228 arabilem,
708 1165 736 1215 et
750 1159 798 1216 sil·
849 1162 1018 1219 cochenech
1041 1181 1106 1220 cum
1129 1170 1206 1220 terra
1228 1164 1350 1220 duarum
1375 1181 1566 1236 carrucarum,
1582 1172 1612 1223 et
1633 1166 1662 1224 in

72 1267 112 1307 uae
126 1259 266 1309 vocantur
279 1253 403 1325 Sudoye,
418 1254 540 1321 Osanue,
559 1254 689 1326 caisnoy,
703 1252 797 1310 Velle·
848 1256 1025 1313 cochessella
1037 1262 1066 1314 et
1080 1258 1241 1329 stambriga
1255 1257 1395 1314 decimam
1410 1258 1446 1315 de
1464 1263 1541 1316 terra
1555 1260 1663 1317 Wiardi

72 1361 94 1400 tx
107 1346 181 1401 dono
197 1346 346 1402 llerlewini
359 1346 480 1415 comitis,
496 1347 584 1404 altare
598 1348 691 1405 Sancti
704 1347 800 1403 Albini
850 1349 976 1420 Pointe13
1000 1350 1030 1405 in
1055 1351 1190 1423 parochia
1215 1351 1322 1407 Norttie
1346 1356 1458 1424 partem
1482 1353 1603 1410 manerii
1627 1353 1663 1410 do

72 1438 217 1495 edictalem
238 1439 345 1508 allodii,
360 1441 432 1496 siout
454 1441 534 1497 robis
554 1442 642 1498 libera
663 1458 800 1498 concessa
849 1441 975 1499 Wirham
997 1460 1062 1499 cum
1083 1444 1213 1513 ecclesia,
1232 1448 1261 1500 et
1276 1449 1353 1500 terra
1371 1445 1481 1515 arabili,
1496 1450 1524 1503 et
1543 1463 1617 1516 saca,
1634 1451 1664 1504 et

72 1532 201 1589 allodium
216 1550 333 1606 quoque
349 1535 464 1590 Walteri
479 1536 603 1607 llurupel
623 1540 651 1591 et
665 1540 799 1608 quartam
848 1554 940 1605 socca,
955 1541 984 1594 et
996 1538 1107 1611 capella
1120 1539 1249 1609 ejusdem
1264 1538 1355 1607 rillae;
1371 1539 1399 1596 in
1414 1539 1482 1596 villa
1497 1540 1592 1597 Fillebi
1604 1544 1662 1597 ter·

72 1642 93 1680 n
108 1626 185 1683 silvae
203 1643 268 1700 quae
289 1632 405 1683 vocatur
424 1630 609 1686 Waltestreus
622 1647 631 1700 3
654 1630 796 1685 decimam
847 1648 910 1687 ram
927 1631 1096 1689 reddentem
1107 1630 1207 1703 viginti
1219 1631 1333 1703 solidos,
1346 1635 1452 1689 etdaas
1465 1637 1563 1707 partes
1575 1635 1662 1691 totius

71 1719 218 1788 ›boltmeih
235 1722 323 1777 altare
344 1722 372 1778 S.
396 1722 517 1795 crispini
539 1724 574 1779 de
591 1722 797 1796 campengnol,
807 1705 836 1779 B
848 1724 966 1782 decimoe
980 1726 1015 1783 do
1029 1742 1129 1783 manso
1141 1728 1392 1796 honestanestone,
1405 1730 1434 1782 et
1446 1727 1662 1784 inLincoluensi

72 1813 194 1870 Vilernel
203 1815 319 1871 tertiam
331 1815 450 1887 gerbam
461 1816 592 1872 dccimm.
605 1819 636 1873 Iu
648 1817 713 1873 villa
727 1832 799 1888 prae·
848 1818 984 1891 parocbia
997 1820 1149 1875 transitum
1165 1820 1202 1876 de
1214 1821 1327 1878 ceruit.
1348 1818 1486 1894 Regimen
1500 1821 1660 1878 scholarum

73 1908 235 1963 ldonsteroli
250 1908 366 1977 allodia,
382 1909 559 1978 molendina,
572 1916 600 1966 et
615 1910 717 1966 stallos
732 1918 796 1965 car·
847 1912 933 1968 totius
955 1913 1129 1979 blonsteroli,
1150 1916 1179 1969 et
1200 1913 1364 1970 unctionem
1385 1915 1564 1971 intirmorum
1586 1916 1661 1987 ejus-

75 2018 114 2070 m,
129 2009 158 2057 et
171 2002 298 2069 furnum,
310 2008 339 2058 et
349 2003 798 2072 Noraevilloetransitumetsexa·
849 2006 914 2062 dem
930 2006 1038 2079 oppidi.
1055 2009 1239 2064 Decernimus
1251 2025 1331 2081 ergo,
1345 2012 1400 2065 eto.

77 2095 184 2151 solidos
196 2096 232 2151 ad
246 2100 355 2167 portam
371 2096 461 2169 regis3
477 2096 625 2169 piscariam
640 2096 797 2170 quoquaab
884 2100 990 2156 ilatum
1003 2099 1135 2157 Laterani
1148 2118 1201 2173 per
1214 2117 1334 2158 manum
1349 2101 1478 2172 llolandi,
1492 2105 1595 2159 sanetae
1610 2104 1663 2161 llo-

71 2206 88 2245 o
116 2206 206 2261 usque
235 2189 272 2245 ad
299 2189 519 2257 Brimoniacum‚
545 2197 573 2248 et
601 2192 738 2248 rivarium
764 2192 798 2248 de
848 2210 942 2249 mana
967 2194 1097 2250 Ecclesia
1120 2194 1268 2251 cardinalis
1291 2201 1319 2252 et
1339 2196 1508 2263 cancellarii,
1530 2213 1579 2252 tur
1604 2198 1661 2253 lia·

72 2283 140 2350 iolo,
167 2289 196 2338 et
222 2290 338 2354 pratum
366 2284 502 2354 inferius,
529 2292 558 2341 et
580 2292 671 2341 totum
697 2286 799 2342 llarest
847 2287 947 2344 tendas
960 2288 1035 2357 ldaii,
1048 2288 1147 2344 indict.
1161 2304 1189 2356 u,
1203 2289 1571 2346 lucarnationisDominiote
1585 2307 1662 2348 atino

72 2376 185 2432 ¹lisenir
201 2394 207 2431 :
225 2378 315 2433 altare
328 2378 421 2434 Sancti
435 2379 596 2435 winwaloci
615 2380 651 2434 de
670 2380 798 2452 Belmery
849 2381 928 2451 llil,
950 2380 1131 2454 pontificatus
1152 2398 1220 2438 varo
1241 2382 1339 2438 domni
1359 2382 1499 2439 anastasii
1519 2384 1661 2456 peperit,

72 2487 116 2525 am
131 2471 240 2540 villam,
253 2474 281 2527 et
295 2473 503 2541 molendinum,
518 2479 546 2529 et
566 2474 703 2545 palustria
723 2475 796 2542 loca,
847 2490 923 2530 anno
938 2473 1041 2546 primo.

83 2580 195 2636 quoque
210 2565 300 2620 cultas
313 2571 342 2622 et
356 2566 489 2637 incultas,
505 2569 534 2623 et
543 2567 626 2622 silvas
642 2586 648 2622 :
663 2571 797 2640 quartam
1205 2568 1303 2625 txvtt.

72 2675 94 2715 n
107 2657 143 2713 dc
156 2659 251 2714 concil
264 2662 292 2714 et
306 2664 414 2716 sextam
429 2664 541 2732 partem
560 2661 692 2733 deArrp,
706 2663 735 2716 et
753 2666 797 2715 to·
847 2672 963 2728 pomum
997 2672 1158 2742 pospttatem
1188 2672 1221 2727 de
1256 2672 1442 2729 magnoprato
1473 2674 1663 2732 placentinam

74 2753 152 2808 illam
165 2768 229 2825 qua
245 2755 372 2825 Longum
387 2758 501 2826 pratum
518 2755 633 2823 dicitur,
648 2771 715 2811 cum
733 2756 799 2811 hos·
885 2752 1012 2808 tamdem
1027 2754 1140 2823 suscipit
1153 2752 1262 2823 ejttaqac
1276 2753 1345 2809 bono
1357 2769 1390 2809 oo
1400 2754 1547 2826 privilegio
1560 2770 1623 2811 cort·

75 2864 97 2917 a,
109 2849 138 2902 et
151 2845 237 2917 silvis,
250 2854 279 2902 el
292 2848 389 2919 pratis,
403 2850 525 2904 etterris
537 2848 621 2905 cultis
633 2851 662 2904 et
672 2849 797 2918 incultis,
1200 2836 1303 2902 firmal-

72 2940 156 2996 diam
181 2944 294 3013 partem
317 2941 480 3013 quindecim
503 2943 660 2999 salinarum
680 2943 709 2998 in
732 2943 799 2998 villa
1094 2925 1245 2996 (Ῑὸῑθΐθῃῑι
1259 2926 1346 2999 April·
1360 2926 1419 2997 24·)

72 3034 173 3090 dicitur
195 3035 265 3105 Rua,
287 3051 352 3090 cum
374 3039 452 3091 terra
474 3036 582 3105 arabili,
596 3042 625 3093 et
645 3037 675 3092 in
695 3038 797 3109 Nigro·
1022 3017 1124 3092 [ΕΜ
1140 3023 1211 3077 ⁸5⁸1·
1227 3021 1258 3077 ‘3¹'
1269 3022 1356 3085 Pitwe
1367 3036 1395 3088 n,
1409 3021 1484 3092 353.}

72 3133 150 3185 atres
164 3129 268 3185 salinas
278 3136 306 3185 et
321 3128 478 3185 dimidiam.
494 3132 523 3186 ln
533 3131 598 3186 villa
609 3132 693 3188 linire
703 3132 798 3204 hospi·
884 3133 1051 3188 balsemius
1073 3132 1232 3204 opiscopus,
1257 3149 1355 3188 servus
1374 3149 1520 3189 serronrm
1542 3133 1661 3203 beidi·
1750 3180 1754 3185 .

71 3239 164 3292 rnum,
181 3224 256 3296 apud
279 3224 404 3295 ldaregni
422 3228 532 3296 partem
551 3224 646 3281 allodii
667 3227 797 3281 llaldnini
847 3225 927 3281 lectis
940 3226 1008 3281 liliis
1020 3227 1123 3283 Orrom
1138 3227 1238 3282 rectori
1259 3227 1362 3283 domus
1374 3226 1523 3299 hospitalis
1534 3228 1569 3285 de
1582 3228 1664 3286 blisa-

72 3316 89 3386 i,
104 3318 179 3389 apud
195 3318 300 3373 Verton
324 3317 461 3389 hospites,
476 3323 506 3373 et
522 3319 636 3387 salinas,
652 3322 679 3374 et
691 3324 799 3375 terram
849 3318 982 3388 ricordia,
1007 3321 1126 3392 ejusque
1141 3321 1351 3377 successoribus
1369 3321 1541 3394 regulariter
1555 3322 1661 3379 substi-

72 3428 136 3478 em,
161 3415 191 3467 et
213 3411 388 3483 lignaturam
417 3428 450 3467 ex
478 3413 554 3468 dono
579 3418 655 3484 regis
683 3412 800 3469 lloberti
848 3411 974 3483 tuendis,
990 3413 1218 3485 inperpetuum.

73 3521 166 3573 orum,
196 3522 213 3560 a
241 3505 313 3561 fcsto
339 3506 366 3561 S.
390 3506 501 3562 Martini
526 3523 616 3579 usque
644 3504 673 3562 ln
702 3506 798 3563 medio
884 3507 953 3561 Cura
979 3522 1078 3561 omnes
1100 3506 1228 3562 Ecclesia.
1250 3506 1323 3561 tilios
1347 3523 1381 3562 ex
1403 3508 1565 3580 apostolicas
1589 3508 1663 3565 sedis

72 3615 90 3654 a
101 3599 175 3667 blaii,
190 3616 222 3654 ex
239 3600 371 3655 omnibus
386 3602 476 3657 carris
492 3605 521 3655 et
538 3600 698 3673 quadrigis,
712 3600 799 3656 asinis
848 3600 1088 3672 benignitatem
1107 3599 1307 3655 benevolentia
1327 3604 1478 3672 protegere
1497 3602 1661 3674 debeamus,

72 3693 162 3761 ribus,
183 3699 212 3750 et
231 3709 264 3749 ex
288 3694 424 3750 omuibus
448 3694 497 3766 qui
517 3694 648 3750 rendunt
671 3695 751 3767 ligna
769 3694 800 3750 iu
849 3694 1012 3763 eistamcu,
1028 3692 1121 3765 quiin
1141 3692 1276 3765 obsequio
1296 3709 1468 3765 pauperum,
1484 3699 1514 3751 et
1532 3696 1661 3768 peregri·

72 3789 198 3855 acastre,
213 3788 270 3843 sire
285 3788 432 3860 oppidani,
446 3788 503 3844 site
512 3789 652 3844 extranei:
668 3793 799 3861 quartam
848 3803 952 3843 norom
974 3787 1166 3859 omnipotenti
1186 3787 1306 3842 [lomino
1328 3786 1489 3858 humiliter,
1511 3792 1542 3845 et
1556 3790 1661 3846 devote

72 3897 99 3937 te
119 3885 231 3954 partem
252 3882 347 3937 allodii
366 3882 400 3937 de
421 3882 567 3938 Dourriars
582 3883 628 3954 (al.
646 3882 799 3954 Daminois)
849 3880 1012 3938 ministrare
1032 3884 1200 3949 noscuntur,
1214 3881 1350 3936 attentius
1367 3897 1421 3937 nos
1441 3883 1574 3939 convenit
1594 3899 1662 3956 pro·

73 3975 194 4031 Fraisnis
211 3976 400 4032 :comitatum
416 3975 446 4030 in
466 3980 528 4032 tota
543 3982 621 4031 terra
641 3982 734 4031 vestra
753 3976 798 4032 in·
848 3973 957 4044 ridere,
971 3978 1001 4030 et
1015 3990 1115 4030 eorum
1134 3975 1206 4044 loca,
1223 3991 1261 4030 ue
1275 3990 1427 4047 pratorum
1443 3976 1580 4032 molestiis
1595 3994 1662 4050 per·

74 4070 202 4125 nantiam
227 4074 255 4125 et
277 4071 410 4139 Alteiam,
425 4076 453 4125 et
475 4071 549 4125 ultra
571 4070 703 4139 atteiam,
726 4070 800 4125 sicut
849 4068 1011 4136 turbentur,
1031 4069 1208 4125 defensionis
1227 4072 1332 4126 nostrie
1353 4069 1452 4143 clypeo
1471 4070 1663 4142 communire,

87 4180 184 4220 comcs
209 4164 291 4220 Wido
317 4165 475 4232 concessit;
500 4171 608 4220 terram
630 4180 743 4236 quoque
764 4165 799 4222 de
851 4166 882 4217 ut
894 4163 1137 4234 quemadmodum
1151 4163 1281 4232 Domino,
1296 4162 1477 4235 disponente,
1497 4168 1592 4237 patres
1614 4182 1662 4221 to·

72 4300 78 4325 ,
102 4259 301 4314 molendinum
322 4264 352 4313 et
371 4275 481 4315 nemus.
497 4260 527 4313 ln
547 4259 682 4332 parochia
698 4260 799 4314 Terva-
849 4271 950 4311 camur
964 4256 992 4311 in
1013 4256 1139 4321 nomine,
1158 4257 1199 4313 ita
1219 4258 1307 4313 etiam
1326 4257 1512 4313 nibilominus
1531 4274 1662 4331 compro·

82 4351 171 4407 altare
194 4353 292 4409 Sancti
312 4353 420 4408 llartini
444 4353 480 4408 de
504 4355 639 4421 caveron,
661 4360 688 4408 et
708 4356 799 4409 totam
849 4349 993 4405 bemurin
1010 4366 1109 4424 opere.
1126 4350 1275 4421 Quocirca,
1291 4351 1393 4407 dilecte
1416 4351 1447 4406 in
1469 4352 1592 4409 [lomina
1609 4352 1662 4425 illi,

72 4461 137 4514 tam,
157 4448 246 4503 altaro
268 4448 361 4502 Sancti
381 4446 553 4516 winwaloci,
569 4450 701 4503 ettotam
722 4444 905 4523 deci-Dinis
934 4443 1019 4515 justis
1049 4444 1288 4516 postulationibus
1316 4446 1473 4501 clementer
1498 4447 1662 4517 annuimus,

88 4540 177 4596 altare
193 4540 288 4596 Sancti
306 4540 431 4612 Dionysii
447 4540 482 4595 de
496 4540 696 4611 walbertcort,
711 4545 740 4597 et
756 4542 796 4596 al·
848 4542 877 4594 et
898 4538 1049 4610 praefatum
1070 4539 1220 4610 hospitale,
1236 4538 1292 4607 cni,
1314 4539 1371 4594 ileo
1393 4541 1517 4609 auctore,
1540 4555 1663 4612 proecsse

72 4634 153 4688 ,ancti
169 4634 509 4703 vedasti3tolamvillam
525 4651 638 4706 quoque
660 4636 797 4703 caveron,
849 4632 1044 4706 dignosceris,
1078 4630 1115 4686 ad
1147 4631 1296 4704 exemplar
1327 4632 1543 4703 predecessoris
1574 4632 1665 4689 nostri

72 4726 177 4783 luobus
190 4727 373 4793 molendinis,
388 4732 416 4784 et
434 4728 517 4783 terris
537 4728 618 4784 cultis
639 4733 669 4783 et
687 4728 799 4783 incultis
848 4731 955 4782 sancte
967 4725 1115 4781 memoria
1129 4741 1213 4798 papae
1228 4725 1360 4797 Eugenii,
1376 4725 1428 4781 sub
1443 4725 1520 4783 beati
1535 4725 1620 4797 Petri,
1634 4729 1666 4783 ot

83 4827 112 4877 et
124 4821 211 4890 silvis,
225 4825 254 4876 et
275 4823 464 4891 comitatnm5
485 4827 618 4894 quartam
638 4822 799 4893 partemin
849 4826 945 4876 nostra
961 4819 1139 4894 protectione
1160 4819 1340 4893 suscipimus,
1355 4824 1382 4876 et
1399 4820 1549 4892 praesentis
1566 4820 1665 4892 scripti

72 4932 123 4988 [uas
137 4916 240 4971 dieitur
254 4916 343 4984 Glrisi,
358 4932 424 4971 curn
442 4916 518 4971 silvis
533 4920 561 4970 el
574 4915 674 4987 pratis,
689 4922 798 4972 sextam
848 4913 999 4987 privilegio
1013 4914 1243 4970 communimus:
1255 4916 1422 4983 statuentes,
1434 4920 1466 4970 ut
1477 4929 1664 4986 quascunque

72 5026 98 5064 re
111 5013 223 5082 partem
237 5010 273 5064 de
287 5009 392 5066 coritis.
409 5011 438 5065 ln
452 5009 563 5064 Galami
576 5026 674 5065 manso
687 5010 799 5065 tertiam
850 5008 1050 5080 possessiones,
1073 5012 1101 5063 et
1126 5022 1302 5079 quaecuuque
1324 5006 1401 5062 bona
1421 5006 1501 5062 idem
1523 5005 1664 5080 hospitale

72 5109 163 5159 utam
186 5103 222 5158 de
242 5103 309 5158 villa
327 5120 414 5176 quam
432 5103 467 5158 de
488 5103 666 5171 molendino,
682 5103 753 5159 silva
771 5108 800 5159 et
849 5102 1098 5173 inpresentiarum
1110 5101 1198 5173 juste,
1214 5106 1243 5156 et
1256 5100 1395 5156 canoniea
1418 5100 1552 5173 possidet,
1565 5103 1615 5157 aut
1632 5100 1664 5158 in

72 5199 81 5253 i
94 5201 190 5267 tarra;
208 5198 243 5254 ad
257 5198 412 5269 lionteguy
426 5202 484 5253 tros
500 5214 632 5266 mansos;
649 5196 686 5252 ad
708 5198 800 5270 Tigny
850 5196 978 5251 futurum
989 5195 1169 5251 concessione
1178 5194 1359 5266 pontillcnm,
1368 5192 1538 5251 liberalitate
1550 5210 1664 5268 regum,

71 5293 184 5350 Colinas
197 5292 314 5348 tertiam
327 5298 440 5365 partem
452 5293 575 5348 duorum
586 5292 733 5365 hospitum
745 5309 752 5359 ;
764 5292 799 5346 ad
849 5290 891 5346 rel
915 5286 1088 5362 principum,
1110 5287 1254 5343 oblatione
1276 5286 1417 5355 tidelium,
1433 5304 1483 5343 seu
1501 5287 1565 5345 aliis
1579 5288 1666 5361 J'nstis

72 5386 185 5442 ovillam
209 5389 316 5442 terram
342 5386 470 5441 dimidiae
491 5402 614 5442 carruca
642 5391 671 5441 et
695 5391 798 5457 prata:
850 5383 954 5451 modis,
978 5384 1036 5439 beo
1061 5382 1199 5454 propitio,
1224 5382 1329 5454 poterit
1353 5380 1482 5455 adipisci,
1506 5381 1591 5439 lirina
1615 5382 1667 5441 tibi

72 5480 283 5547 iSilviniacum,
300 5485 328 5536 et
340 5481 370 5535 in
387 5481 452 5536 villa
465 5481 555 5536 Judaei
569 5480 660 5535 mansi
671 5495 798 5535 mansum
849 5478 965 5550 tuisque
989 5474 1210 5543 suecessoribus,
1232 5478 1260 5531 ct
1284 5475 1391 5532 illibata
1411 5481 1610 5547 permaneant.
1636 5480 1667 5535 ln

74 5618 81 5644 ,
95 5580 124 5629 et
137 5574 286 5630 ecclesiam
301 5591 387 5630 unam
401 5573 430 5628 in
444 5574 510 5630 villa
529 5590 593 5646 quae
610 5572 715 5630 dicitur
730 5573 798 5629 Far·
850 5570 953 5645 quibus
965 5570 1027 5627 hec
1040 5570 1163 5643 propriis
1176 5570 1308 5625 duximus
1318 5569 1505 5642 exprimenda
1513 5571 1666 5628 vocabulis.

72 5688 85 5737 i,
100 5684 165 5723 eum
180 5668 270 5724 tribus
291 5668 489 5724 mansionariis
514 5668 614 5723 accolis
635 5682 701 5723 cum
724 5671 799 5724 terra
884 5666 992 5722 Locum
1011 5662 1044 5720 in
1065 5680 1124 5739 quo
1143 5664 1244 5738 ipsum
1258 5662 1413 5735 hospitas
1427 5664 1530 5716 staura
1543 5666 1607 5722 aaa,
1620 5672 1697 5708 ensa

71 5763 99 5835 i;
115 5761 267 5835 quamdam
284 5766 399 5833 partem
422 5762 493 5819 aillae
515 5762 552 5820 de
572 5762 711 5821 Toteudal
733 5780 802 5823 eum
853 5762 994 5823 omuibus
1012 5758 1209 5840 pertinentiis
1229 5746 1728 5830 suts,ruotandmam,ettsmx
