3750 6046
75 226 147 283 laet
541 226 713 285 rrlslota
733 228 775 283 ΕΤ
792 224 993 283 rllll‘ttaaln.
1007 249 1041 265 -·
1059 221 1113 279 lu.
1136 220 1294 276 trel-llas.
1692 221 1758 277 last

72 370 102 410 se
117 370 133 408 a
146 352 260 409 servitio
275 369 333 409 uon
349 354 502 410 retrahunt
515 354 683 423 conditoris,
699 360 778 411 tanto
796 356 888 427 magis
901 363 928 437 Α
939 347 1065 421 episcopi
1086 349 1171 403 vestri
1192 363 1347 415 consensu,
1368 348 1543 403 construere.
1563 345 1636 401 Nulli
1658 350 1758 418 prete-

72 463 120 504 eos
134 448 245 502 sincera
265 447 403 503 charitate
424 447 580 520 diligimus,
595 455 624 504 et
642 450 688 503 his
709 450 745 504 de
766 465 890 520 quorum
941 460 1001 510 rca,
1029 442 1150 496 fratrum
1177 445 1337 496 vestrorum
1362 447 1424 513 post
1452 442 1556 496 lectam
1583 440 1613 494 in
1640 439 1758 495 ecclesia

72 540 224 595 devotione
248 541 427 612 corrfidimus]
451 542 527 613 ipsos
545 541 694 598 efficaciter
706 542 890 597 commenda·
943 540 1035 591 vestra
1059 536 1279 607 professionem,
1311 536 1418 607 absque
1448 535 1558 590 abbatis
1582 538 1610 588 ei
1634 533 1757 588 fratrum

71 651 147 689 mus.
165 634 232 688 lude
248 640 291 690 cst
312 635 387 705 quod
409 635 579 690 charitatem
605 641 684 690 tuam
711 652 761 706 pro
784 635 890 690 eisdem

70 728 208 783 fratribus
230 743 281 798 per
305 728 503 782 auctoritatem
530 729 789 800 sedisapostolicae
812 745 891 800 roga·

71 838 137 876 nius
147 821 292 890 attentius,
310 838 461 876 monemus
475 827 504 877 ct
517 823 701 877 exhortamur
714 822 745 876 in
760 823 890 890 Domino,

72 918 215 981 quatenus
247 913 303 965 tam
348 912 425 982 ipsos
463 927 550 982 quam
585 913 889 967 riamcnstrucnscm

71 1004 238 1072 Ecclesiam,
255 1004 283 1058 iu
297 1020 354 1075 qna
368 1004 463 1060 divino
479 1010 546 1059 sunt
567 1006 702 1076 obsequio
725 1006 889 1076 mancipati,

72 1114 126 1168 pro
149 1097 307 1152 reverentia
325 1100 354 1154 Β.
378 1097 452 1152 Petri
474 1100 502 1152 et
524 1105 632 1165 nostra,
655 1099 779 1153 fraterna
799 1098 889 1154 chari-

72 1195 130 1245 tate
145 1190 256 1262 diligas,
281 1194 469 1246 manuteneas
484 1208 516 1246 ac
531 1191 677 1259 defendas,
695 1195 780 1263 atque
800 1193 889 1263 ipsam

72 1284 223 1340 Ecclesiam
244 1301 309 1339 curn
330 1285 463 1340 omnibus
490 1285 527 1338 ad
548 1302 610 1340 eam
631 1285 842 1357 pertinentibus
860 1285 889 1340 in

70 1395 141 1450 pace
168 1395 201 1433 ac
228 1378 322 1448 quiete
348 1378 485 1447 dimittas,
515 1382 544 1433 et
570 1395 634 1433 eam
662 1395 719 1434 non
743 1379 891 1450 permittas

71 1472 107 1526 ab
138 1470 234 1543 allituo
267 1472 507 1542 parochianorum
529 1475 654 1542 ‚tuorum
682 1473 823 1527 ullatenus
844 1472 889 1527 in·

68 1565 180 1632 testari,
196 1565 252 1620 illis
267 1581 333 1620 raro
345 1565 393 1636 qui
416 1564 547 1620 eamdem
570 1565 720 1620 Ecclesiam
738 1566 890 1621 molestare

68 1657 99 1713 iu
117 1659 214 1731 aliquo
235 1661 285 1713 aut
299 1659 467 1730 perturbare
487 1660 729 1730 presumpserint,
752 1664 887 1730 tanquam

71 1752 138 1823 pius
151 1751 344 1823 sollicitusque
358 1752 491 1808 defensor
513 1752 623 1807 obicem
644 1755 673 1807 te
695 1768 830 1825 apponas,
859 1728 927 1809 etB

69 1862 119 1900 eos
147 1845 288 1917 spirituali
314 1845 410 1917 gladio
442 1862 499 1901 non
525 1846 639 1902 dillcras
664 1864 681 1900 a
705 1863 753 1901 sna
778 1846 887 1902 malitia

69 1955 213 1995 coercere.

433 2034 520 2091 CCIV.

66 2137 192 2193 Ecclesia
204 2139 232 2194 S.
246 2139 361 2192 torrueris
379 2139 409 2191 iu
425 2139 517 2195 Vtucr's
532 2138 602 2192 bona
618 2143 643 2192 et
655 2139 804 2208 privilegiu
825 2155 887 2193 con·

419 2220 521 2287 ficeret.

139 2319 250 2389 (tortas,
274 2322 333 2375 llist
364 2321 397 2375 dc
421 2321 502 2375 l'cltc.
523 2321 555 2376 de
577 2321 738 2376 Suiut-Jcnn
763 2323 813 2377 des

356 2402 457 2468 uiprrcs,
474 2416 503 2470 p.
518 2402 593 2470 292.)

101 2520 243 2575 Annianus
258 2516 418 2587 episcopus,
434 2533 532 2572 servus
558 2533 704 2572 serrorum
721 2517 780 2586 liei,
797 2517 884 2573 dilec-

63 2611 101 2664 tis
115 2610 145 2663 in
158 2610 270 2665 Christo
284 2610 348 2665 tiliis
370 2612 487 2666 Grrnour
509 2611 613 2678 abbati,
632 2610 768 2666 canonico
789 2612 885 2667 Sancti

61 2705 192 2773 ioannis,
205 2705 253 2774 qui
269 2705 488 2775 cognominatur
501 2705 536 2759 de
546 2705 639 2760 Vincis
654 2705 736 2776 juxta
758 2705 883 2760 Suessio-

63 2815 145 2867 nem,
183 2798 302 2869 ejusque
333 2798 468 2853 iratribus
500 2797 607 2853 ibidem
635 2799 686 2853 sub
714 2799 824 2871 llegula
853 2801 883 2854 lt.

62 2891 222 2963 Augustini
248 2893 407 2947 constitutis
432 2899 459 2949 et
487 2892 701 2960 constituendis,
729 2893 758 2948 in
781 2909 882 2965 perpe·

61 2989 158 3042 tuum.

940 630 1084 684 licentiae
1105 630 1226 683 claustro
1247 631 1340 683 vestro
1365 629 1519 698 discedere,
1556 627 1757 682 discedentem

941 739 1006 777 vero
1038 723 1099 777 sine
1128 722 1287 777 litterarum
1318 722 1514 777 communium
1539 721 1670 776 cautione
1696 720 1758 775 nul-

941 816 985 871 lus
1020 816 1124 872 audeat
1162 816 1297 871 retinere.
1329 816 1356 871 si
1390 819 1485 869 autem
1523 814 1690 881 discesserit,
1729 817 1758 868 et

941 910 1065 965 secundo
1084 909 1201 964 tertiove
1220 909 1409 964 commonitus
1427 908 1520 962 redire
1542 906 1757 978 contempserit,

941 1004 1036 1059 abbati
1051 1003 1191 1070 videlicet,
1206 1003 1254 1074 qui
1274 1019 1325 1073 pro
1340 1005 1467 1072 tempore
1485 1002 1571 1056 fuerit
1592 1017 1756 1056 excommu-

941 1097 1052 1152 nicandi
1072 1113 1139 1151 eum
1159 1100 1330 1167 potestatem
1352 1095 1462 1150 habent.
1484 1095 1611 1150 Obeunte
1631 1111 1695 1149 vero
1716 1099 1757 1163 te,

940 1191 980 1245 tili
993 1190 1094 1246 dilecte
1108 1190 1210 1256 Gnido,
1226 1205 1303 1244 nnnc
1317 1189 1402 1259 huJ'us
1424 1188 1475 1242 loci
1500 1187 1613 1255 abbate,
1630 1189 1673 1243 vel
1689 1204 1758 1259 qno-

941 1284 1010 1339 libet
1040 1287 1154 1337 tuornrn
1188 1297 1380 1337 successorum
1422 1281 1517 1335 nullus
1553 1281 1592 1336 ibi
1630 1281 1757 1353 qualibet

940 1375 1130 1447 subreptionis
1144 1376 1245 1430 astutia
1268 1391 1317 1429 seu
1338 1374 1471 1429 violentia
1489 1380 1679 1445 praeponatur,
1700 1374 1756 1429 nisi

940 1485 1025 1542 quem
1042 1469 1144 1524 iratres
1162 1469 1309 1523 communi
1322 1484 1474 1534 consensu,
1497 1469 1539 1522 vel
1551 1467 1671 1523 fratrum
1689 1484 1755 1538 pars

940 1562 1050 1617 consilii
1065 1561 1194 1628 sanioris,
1209 1560 1366 1616 secundum
1386 1563 1473 1616 berun
1497 1566 1526 1615 et
1549 1562 1577 1615 Β.
1600 1560 1754 1632 Augrvstini

941 1656 1080 1728 Regulam
1096 1655 1131 1710 de
1148 1654 1250 1709 eodem
1264 1654 1363 1708 ordine
1381 1654 1556 1725 providerint
1577 1654 1752 1725 eligendum.

1312 1770 1385 1826 CCV.

936 1867 981 1922 rid
995 1866 1135 1921 monarchos
1156 1864 1301 1919 Poutt'dcn.
1325 1894 1358 1902 -
1381 1866 1412 1919 Ut
1436 1865 1543 1919 soleant
1563 1863 1680 1918 decimus
1702 1864 1755 1920 loci

1266 1943 1418 2013 cujusdam.

1157 2038 1263 2108 (nissi,
1281 2038 1392 2099 Cuncti„
1407 2036 1470 2103 llll,
1483 2037 1557 2106 8³0.)

970 2153 1112 2207 Annianus
1129 2149 1287 2222 episcopus,
1303 2165 1399 2203 servus
1413 2164 1560 2203 servorum
1581 2147 1641 2215 liei,
1665 2147 1753 2203 dilec-

937 2244 971 2299 tis
990 2247 1021 2300 Α.
1037 2244 1126 2315 priori
1148 2248 1176 2297 et
1198 2241 1334 2298 universis
1363 2241 1509 2296 monachis
1533 2242 1568 2296 de
1587 2240 1782 2310 Pontiden.,ae

937 2338 1058 2391 salutem
1075 2341 1102 2391 et
1115 2336 1298 2407 apostolicam
1315 2334 1553 2390 benedictionem.

971 2429 1056 2484 Nobis
1068 2429 1098 2484 in
1123 2429 1261 2484 eminenti
1280 2429 1406 2499 specula,
1429 2426 1599 2498 disponente
1621 2427 1750 2497 Domino,

936 2523 1106 2592 constitutis,
1120 2523 1144 2577 si
1163 2527 1329 2577 cunctarum
1347 2522 1414 2592 J'ura
1437 2521 1619 2576 ecclesiarum
1639 2521 1754 2593 integra

936 2633 994 2672 non
1021 2615 1126 2671 debent
1148 2619 1176 2671 et
1199 2615 1308 2671 illibata
1327 2614 1440 2681 servari,
1465 2614 1557 2669 locum
1581 2614 1656 2670 beati
1677 2616 1753 2671 Petri

935 2710 1127 2782 apostolorum
1148 2709 1284 2781 principis
1302 2709 1443 2763 inutiliter
1460 2698 1600 2774 obtinere,
1621 2714 1649 2763 et
1669 2709 1753 2779 juxta

935 2805 1095 2859 commisse
1112 2804 1191 2858 nobis
1209 2802 1424 2874 dispensationis
1436 2801 1559 2856 officium
1572 2802 1753 2875 negligenter

934 2914 1022 2970 agere
1049 2899 1222 2953 videremur.
1254 2897 1296 2952 Sic
1328 2897 1405 2951 enim
1436 2896 1559 2953 Ecclesia
1584 2896 1645 2965 Dei,
1670 2896 1752 2951 nobis

936 3008 1001 3047 eam
1017 2991 1110 3047 divina
1124 2990 1292 3063 providente
1313 2989 1405 3061 gratia
1417 2988 1651 3061 gubernantibus,
1673 2991 1751 3044 recte

101 3081 185 3135 iustis
199 3080 269 3135 votis
283 3096 430 3136 assensum
448 3080 584 3152 praebere,
601 3081 744 3153 justisque
765 3081 881 3153 petilio·
893 3095 920 3171 C
932 3102 984 3140 suo
1007 3102 1090 3140 cursu
1106 3084 1253 3156 dirigitur,
1265 3083 1333 3137 dum
1354 3098 1405 3137 nos
1426 3088 1518 3138 errata
1533 3097 1654 3154 quaeque
1671 3082 1749 3154 vigili

60 3174 150 3229 uibus
173 3190 255 3229 aures
275 3174 489 3230 accommodare
507 3191 559 3229 nos
576 3175 719 3242 convenit,
739 3175 799 3246 qui,
818 3175 882 3231 licet

59 3267 178 3338 indigni
195 3268 314 3339 justitias
339 3283 487 3339 precones
514 3271 599 3338 atque
623 3268 756 3322 custodes
777 3269 807 3323 in
832 3285 879 3323 ex·

59 3362 138 3418 celsa
151 3363 344 3432 apostolorum
366 3360 440 3417 Petri
462 3363 491 3415 et
516 3361 592 3416 Pauli
617 3361 741 3431 specula,
765 3362 878 3433 dispen-

58 3455 173 3511 satione
190 3472 288 3510 snmus
308 3455 403 3512 divina
429 3454 585 3511 constituti.
610 3455 682 3519 Quia
708 3454 806 3525 igitur,
833 3456 879 3509 in·

58 3548 191 3620 spirante
217 3549 349 3615 Domino,
381 3550 487 3604 dictam
518 3549 684 3603 eanonicam
722 3548 880 3604 secundum

57 3642 138 3700 beati
153 3643 285 3714 augustii
306 3644 445 3713 llegulam
461 3642 617 3713 delegistis,
635 3641 710 3695 bono
732 3657 765 3697 ac
783 3641 880 3697 lauda·

57 3735 114 3792 bili
127 3742 191 3791 voto
201 3737 350 3792 devotione
366 3736 461 3791 debita
480 3736 701 3806 congaudemus,
721 3739 750 3791 et
767 3738 798 3790 ut
815 3736 877 3790 lau-

58 3829 160 3887 babile
179 3831 355 3902 propositum
375 3829 562 3885 laudabiliora
580 3829 769 3900 subsequatur
784 3829 877 3885 incre·

933 3178 1091 3249 provisione
1116 3177 1257 3249 corrigere
1291 3180 1319 3231 et
1344 3175 1497 3247 unicuique
1526 3176 1672 3231 studemus
1701 3177 1749 3248 jus

932 3272 1081 3343 proprium
1101 3286 1280 3325 conservare.
1305 3270 1427 3324 Dilectus
1449 3271 1545 3329 autam
1563 3268 1637 3323 tilius
1651 3274 1749 3325 noster

930 3364 1144 3421 l'ontanolensis
1182 3362 1311 3419 Ecclesia
1343 3362 1494 3417 canonicus
1528 3362 1661 3417 adversus
1695 3377 1749 3417 nos

931 3474 997 3513 cum
1020 3458 1175 3529 quaestione
1201 3455 1262 3529 [leg.
1288 3472 1335 3510 vos
1359 3454 1594 3526 conquestiones]
1612 3453 1748 3525 deposita,

930 3551 1076 3607 enarrabis
1096 3551 1235 3607 relatione
1256 3549 1426 3605 nronstravit
1444 3564 1492 3603 vos
1512 3547 1649 3619 quasdam
1671 3547 1747 3604 dcci-

928 3646 1071 3701 mationes
1089 3645 1124 3700 ad
1138 3644 1264 3716 ipsorum
1276 3642 1324 3713 jus
1343 3641 1519 3712 pertinentes
1541 3639 1582 3695 eis
1606 3641 1748 3697 violenter

929 3739 1050 3795 aufferre
1065 3741 1095 3793 et
1109 3738 1185 3810 ipsos
1197 3751 1282 3807 super
1293 3734 1400 3791 eisdem
1421 3733 1660 3790 decimationibus
1677 3752 1749 3791 ausu

929 3832 1082 3888 temerario
1089 3830 1220 3886 infestare
1230 3846 1237 3897 ;
1249 3829 1299 3900 qui
1310 3845 1338 3883 se
1347 3827 1424 3883 beati
1439 3828 1582 3884 Benedicti
1596 3829 1746 3900 Regulam,

59 3929 170 3993 menta,
183 3929 301 3996 paterna
315 3941 364 3979 vos
378 3922 539 3991 allectione,
556 3928 586 3978 nt
605 3922 678 3978 filios
697 3923 878 3980 charissimos
925 3928 1006 3998 juxta
1021 3942 1107 3997 quam
1122 3924 1225 3991 dicitis,
1249 3927 1278 3977 ct
1292 3923 1484 3978 monasticum
1506 3921 1636 3977 habitum
1658 3938 1745 3995 quem

57 4034 128 4073 cnm
143 4019 276 4073 omnibns
291 4017 468 4090 appendiciis
491 4018 600 4085 vestris,
623 4016 674 4071 sub
697 4018 877 4089 protectione
929 4019 1057 4091 gestatis,
1073 4021 1180 4074 attenta
1199 4017 1386 4073 sollicitudine
1407 4017 1574 4090 pensaretis,
1593 4016 1629 4071 ad
1648 4016 1744 4087 proxi·

57 4111 139 4167 sedis
154 4112 313 4182 apostolica.
339 4111 516 4183 suscipimus,
541 4115 570 4165 ct
589 4110 686 4183 scripti
709 4111 797 4165 nostri
823 4111 878 4182 pri·
929 4130 1044 4169 morum
1062 4114 1136 4168 bona
1153 4111 1312 4182 diripienda
1335 4126 1392 4165 uon
1415 4110 1625 4182 praesumeretis
1640 4124 1742 4165 manus

58 4204 164 4276 vilegio
181 4206 406 4272 communimus,
420 4208 578 4259 statuentes
595 4205 626 4259 in
651 4204 751 4275 primis
766 4210 795 4260 ut
807 4205 877 4260 ordo
929 4208 1082 4263 extendere
1096 4206 1140 4260 vel
1154 4221 1217 4277 que
1231 4204 1347 4260 alterius
1357 4204 1429 4274 juris
1451 4207 1518 4259 sunt
1533 4203 1609 4259 vobis
1623 4204 1662 4259 ita
1686 4203 1744 4258 illi·

57 4299 211 4353 cauonicns
242 4299 400 4354 secundnm
437 4300 525 4354 lleum
569 4302 598 4354 et
623 4298 699 4353 beati
725 4298 877 4371 Augustini
928 4302 982 4356 cite
998 4316 1142 4372 usurpare.
1160 4301 1199 4355 Ne
1215 4299 1304 4371 igitur
1318 4315 1366 4354 vos
1380 4299 1542 4365 decorem,
1558 4303 1607 4351 aut
1620 4296 1744 4352 avariliae

58 4392 211 4462 Regulam,
223 4410 287 4463 quae
298 4393 328 4448 in
343 4393 443 4447 codem
454 4393 515 4447 loco
528 4392 653 4447 noscitur
666 4392 877 4459 institutus,ibi·
930 4397 1037 4451 rutulum
1059 4398 1110 4449 aut
1126 4394 1237 4463 vitium,
1262 4392 1339 4464 quod
1356 4391 1446 4447 absitt
1481 4390 1640 4462 rapacitatis
1665 4406 1746 4446 accu-

57 4486 127 4541 dem
153 4485 330 4556 temporibus
355 4486 499 4557 perpetuis
527 4485 726 4541 inviolabiliter
751 4463 981 4552 observo-Dect,
998 4487 1337 4560 pe1·apostolicascripta
1358 4484 1436 4540 vobis
1457 4483 1648 4556 praecipiendo
1668 4500 1746 4537 man·

56 4585 118 4635 tur.
143 4580 279 4633 Praeterea
304 4596 487 4651 quascunque
514 4580 722 4651 possessiones,
747 4595 880 4652 quaecun—
930 4579 1456 4654 damusquatenusnullamantiquam
1471 4592 1572 4632 eorunn
1588 4576 1742 4648 possessio-

56 4688 116 4745 que
130 4671 203 4726 bona
216 4672 316 4727 endem
335 4673 451 4728 ecclesia
466 4673 497 4727 in
520 4674 735 4744 praesentiarum
758 4674 835 4745 juste
851 4676 879 4729 et
929 4693 1006 4745 nem,
1026 4676 1070 4731 vel
1084 4675 1317 4742 decimationem,
1334 4675 1438 4727 cteam
1452 4672 1611 4743 praesertim
1626 4686 1691 4743 qum
1713 4671 1743 4725 in

56 4765 196 4822 canonice
228 4766 363 4837 possidet,
395 4766 498 4821 autin
531 4766 661 4821 tatinum
699 4767 878 4823 concessione
929 4788 962 4825 co
978 4770 1039 4826 loco
1059 4770 1109 4841 qui
1123 4767 1228 4824 arden.
1248 4772 1433 4838 nuncupatur
1447 4764 1549 4834 existit,
1569 4764 1682 4819 artferrc
1693 4780 1743 4819 seu

56 4859 241 4933 pontificum,
258 4860 409 4931 largitione
428 4875 530 4930 regum
552 4860 596 4914 vel
613 4860 785 4933 principum,
797 4860 876 4915 obla·
928 4864 1095 4936 perturbare
1108 4861 1227 4917 ulterius
1240 4860 1432 4932 presumatis,
1447 4863 1476 4913 et
1493 4857 1596 4929 siquid
1615 4857 1656 4912 eis
1673 4874 1743 4930 prte-

56 4954 138 5011 tione
154 4952 294 5021 fidelium,
320 4970 369 5008 seu
391 4952 453 5007 aliis
470 4952 556 5024 justis
580 4953 681 5021 modis,
704 4956 760 5010 Deo
781 4953 877 5025 propi·
926 4956 1097 5013 tersolitum
1119 4957 1172 5011 hoc
1192 4971 1269 5010 anno
1290 4955 1324 5009 de
1348 4953 1416 5025 ipsis
1438 4951 1553 5007 decimis
1577 4951 1740 5023 negavistis,

55 5049 148 5105 tiante
168 5047 274 5119 poterit
292 5046 421 5118 adipisci,
436 5046 519 5101 firma
541 5046 618 5102 vobis
631 5048 787 5119 vestrisque
813 5065 874 5104 suc·
926 5066 1113 5123 quascunque
1127 5048 1214 5104 etiam
1228 5048 1355 5120 ipsorum
1368 5045 1559 5120 possessiones
1572 5044 1740 5116 perviolen-

11 5174 14 5179 ,
55 5140 256 5198 cessoribnset
276 5140 383 5195 illibata
407 5144 607 5212 permaneant.
631 5140 806 5212 tldjieieutes
830 5141 874 5196 in·
925 5145 997 5201 tiam
1014 5143 1157 5211 detinetis,
1173 5142 1331 5198 seeundum
1349 5140 1424 5213 quod
1447 5138 1604 5211 antiquitus
1621 5138 1742 5210 prelata

10 5234 16 5275 :-
54 5251 153 5306 snper,
174 5234 370 5289 interdicimus
391 5250 426 5288 ns
448 5235 559 5306 aliquas
582 5234 706 5291 decimas
728 5234 873 5307 parochia·
926 5237 1047 5294 Ecclesia
1069 5237 1196 5294 noscitur
1217 5236 1387 5309 possedisse,
1412 5234 1519 5290 eisdem
1546 5232 1691 5288 canonicis
1709 5232 1740 5288 in

10 5304 18 5351 ⁵
53 5344 121 5385 rum
134 5327 168 5383 de
183 5327 253 5382 laica
269 5344 367 5394 rnanu,
391 5326 451 5383 sine
472 5343 612 5383 consensu
636 5334 728 5384 vestro
753 5331 782 5384 et
799 5328 872 5401 epis·
924 5327 1069 5399 integrum
1084 5326 1232 5382 restituere
1247 5326 1325 5381 omni
1341 5325 1486 5380 occasione
1507 5328 1632 5379 cessante
1652 5325 1741 5380 nulla·

10 5384 24 5487 i·
53 5423 120 5493 copi
142 5420 236 5489 vestri,
255 5420 410 5491 recipiatis,
426 5438 476 5476 vos
489 5425 584 5477 autem
597 5422 785 5494 recuperandi
807 5439 873 5479 cum
924 5427 1007 5477 tenus
1027 5420 1175 5476 differatis.
1196 5421 1252 5476 Nos
1272 5420 1413 5492 siquidem
1431 5417 1578 5491 religionis
1595 5417 1662 5473 viris
1681 5434 1740 5474 non

923 5568 1058 5618 honorem
1074 5567 1118 5618 sul
1137 5568 1268 5626 nominis,
1283 5570 1312 5618 et
1326 5578 1374 5631 per
1390 5578 1440 5617 vos
1452 5564 1586 5617 Ecclesiae
1601 5578 1660 5617 suaa
1675 5565 1740 5615 reli-

922 5638 1034 5701 gionem
1058 5643 1087 5688 et
1110 5639 1286 5689 sanctitatem
1310 5635 1508 5690 corroboret.»
1533 5638 1587 5703 (Ex
1604 5634 1738 5690 Biblioth.

10 5524 22 5629 i
50 5571 142 5622 tentat
158 5567 232 5633 quod
250 5568 319 5618 torte
339 5567 363 5618 al
384 5581 546 5632 promovere
561 5582 618 5619 non
638 5570 742 5621 liceat?
756 5569 785 5622 st
799 5571 873 5623 lilios

10 5658 24 5701 s
51 5642 108 5696 Dei
132 5640 307 5704 congregavi,
324 5641 346 5690 sl
370 5641 483 5705 suscepi
496 5641 603 5705 justum
624 5641 652 5690 tn
670 5641 782 5692 nomlns
794 5644 872 5705 justi,

10 5732 15 5761 ,-
52 5726 140 5766 nemo
154 5712 223 5762 milri
242 5717 425 5766 succensent
440 5711 535 5762 videat
552 5711 632 5773 dius,
646 5723 683 5762 ne
706 5718 873 5778 congregata
923 5711 1135 5775 Premonstrat,
1151 5726 1178 5777 p.
1192 5712 1259 5777 tac.)

52 5785 196 5851 dispergat
220 5799 225 5835 :
250 5785 402 5836 conservet
427 5797 476 5835 vos
503 5783 686 5849 Omnipotens
709 5784 811 5852 pariter
837 5784 871 5837 ad
