3750 6046
52 190 101 246 521
468 192 624 250 HISTORIA
645 193 912 253 aeceasvasvlea.
926 221 962 236 -
976 194 1064 252 PARS
1083 194 1127 250 lll.
1144 220 1178 236 —
1192 194 1257 252 ΠΒ.
1273 195 1329 252 vu.
1688 202 1738 256 522

54 317 191 373 mentum
210 315 324 390 utrique
343 319 426 390 parti,
443 336 517 375 saevo
536 323 622 378 ltarte
641 322 765 391 terente,
785 323 871 379 colla·
882 336 987 409 Anco,
1001 322 1089 377 barba
1107 338 1171 378 mea
1190 339 1247 377 non
1265 322 1393 394 radetur,
1411 338 1504 395 neque
1518 325 1648 381 cesaries
1665 326 1735 381 mihi

55 413 120 465 tum
137 416 190 467 est.
204 410 332 483 Denique
347 412 460 469 lidclem
474 417 645 487 paucitatem
663 421 691 472 et
707 417 872 473 instantiam
923 417 1125 471 tonsurabitur.
1142 436 1155 469 v

56 504 277 561 occidentalium
296 507 514 579 peregrinorum
531 510 670 567 Dominus
687 511 722 566 de
742 511 810 566 ccelo
825 528 871 565 re·
958 513 1022 566 Post
1036 511 1096 565 boec
1111 510 1196 565 verba
1210 510 1360 566 bellicosus
1378 511 1459 565 miles
1470 527 1534 566 cum
1549 512 1646 584 paucis
1658 530 1736 569 com·

56 599 161 669 spexit,
175 600 275 672 eisque
287 601 434 657 victoriam
448 605 596 674 concessit,
610 604 764 678 copiasque
778 605 874 661 Orien·
924 604 1096 659 militonibus
1119 620 1198 659 mare
1221 621 1286 660 mox
1311 604 1455 675 ingressus
1476 610 1529 672 cst,
1551 607 1664 678 Deoque
1688 608 1738 663 dtr·

55 691 139 759 tales,
163 709 228 765 quas
252 695 282 749 in
305 695 407 751 virtute
431 714 483 753 sua
507 698 693 766 considebant,
717 698 821 754 terruit
845 705 873 753 et
924 705 1015 766 cente,
1031 698 1060 752 in
1075 698 1205 768 Apuliam
1224 697 1365 770 protectus
1384 702 1435 767 est,
1451 703 1480 753 et
1498 698 1565 754 inde
1584 702 1737 774 assumptis

56 801 124 842 cum
146 785 285 844 dedecore
304 788 423 860 fugavit.
440 791 545 847 Deinde
567 792 706 848 liebertus
727 793 795 860 dux,
814 797 874 847 tam
923 795 1100 847 armatorum
1120 791 1239 846 cratibus
1260 793 1380 847 Damam
1402 809 1553 864 aggressus
1575 799 1625 849 est.
1648 797 1736 851 Porro

55 880 147 936 nobili
181 880 328 954 triumpho
359 883 539 954 exhilaratus,
568 886 717 957 [tyrasium
747 886 873 957 reliquit,
924 884 1060 940 Henricus
1086 885 1256 956 imperator,
1282 891 1314 940 ut
1341 887 1434 941 veraci
1460 903 1575 941 rumore
1599 889 1738 961 comperit

57 974 232 1046 longiusque
246 992 311 1030 cum
326 977 452 1032 exercitu
465 995 518 1034 suo
532 995 709 1051 progressus,
726 979 755 1034 iu
771 979 874 1050 Bulga·
925 977 1001 1048 quod
1016 977 1601 1064 RadbertusduxConstanlinopolitanum
1618 980 1738 1053 impera·
1842 1004 1847 1013 ¹

56 1067 259 1124 riahiemavit.
274 1070 432 1143 [legionem
447 1072 525 1129 enim
540 1073 614 1128 circe
629 1073 781 1145 Dyracium
796 1073 872 1128 obsi·
925 1074 1016 1125 torem
1037 1072 1190 1141 superavit,
1210 1087 1241 1126 ac
1261 1071 1298 1125 ad
1317 1072 1532 1128 subventionem
1554 1090 1633 1144 papae
1655 1076 1737 1145 quasi

57 1161 244 1218 dionetrium
254 1163 395 1220 mensium
407 1164 610 1234 devastaverat,
622 1172 650 1222 et
665 1167 737 1222 nihil
752 1167 789 1222 ibi
801 1166 876 1221 unde
925 1164 1023 1234 fulgur
1042 1180 1107 1218 cum
1126 1163 1215 1218 nimio
1233 1164 1343 1235 impetu
1357 1181 1389 1220 ex
1410 1165 1562 1236 improviso
1579 1167 1736 1236 advenerit,

56 1254 195 1311 homines
206 1258 250 1313 vel
264 1258 332 1329 equi
346 1259 498 1315 subsistere
512 1267 628 1332 possent
642 1260 797 1316 dimiserat.
924 1256 1008 1310 variis
1021 1257 1166 1312 eventibus
1184 1257 1303 1312 solerter
1320 1258 1518 1326 consideratis,
1532 1259 1615 1314 valde
1630 1260 1735 1329 timuit,

56 1400 88 1455 v·
116 1402 249 1458 Romus
274 1405 431 1461 wiscardus
457 1406 495 1460 ad
517 1406 725 1462 succurrendum
750 1407 875 1476 Gregorio
921 1351 1040 1423 jamque
1058 1351 1131 1405 lacta
1150 1367 1216 1406 cum
1235 1350 1405 1422 quibusdam
1423 1353 1620 1408 Romanorum
1636 1370 1735 1425 proce-

925 1444 1004 1499 ribus
1023 1460 1103 1516 pace,
1127 1447 1237 1514 partem
1259 1444 1335 1499 urbis
1359 1445 1475 1516 recepit,
1498 1462 1531 1500 ae
1553 1448 1737 1518 postmodum

89 1496 175 1552 popa
201 1490 297 1538 contro
323 1487 467 1540 ilenricum
492 1488 679 1556 imperatorem
706 1489 737 1540 tn
767 1488 876 1541 ltaliam

91 1565 179 1617 vener,
205 1565 316 1620 pomam
339 1571 486 1635 ,manag
512 1568 637 1637 &pm
661 1569 789 1629 imme,
815 1567 877 1620 mg,
926 1538 1055 1593 occiduas
1077 1538 1158 1609 regni
1180 1537 1224 1591 sui
1249 1543 1344 1608 partes
1367 1538 1490 1609 repetiit.
1514 1540 1608 1595 ltaluit
1631 1542 1737 1614 quippe

88 1644 198 1712 percit.
926 1647 1011 1687 sanus
1033 1636 1061 1686 et
1082 1631 1155 1685 liber
1175 1631 1296 1686 honeste
1320 1631 1475 1700 discedere,
1499 1648 1586 1702 quam
1606 1633 1736 1690 furibun-

279 1784 285 1795 .
886 1729 913 1801 Β
926 1724 994 1779 dum
1006 1725 1211 1796 agonothetam
1224 1729 1397 1794 exspectare,
1412 1730 1441 1779 et
1453 1725 1595 1796 repentini
1609 1728 1738 1782 certami-

91 1784 173 1840 Tunc
199 1784 287 1855 legati
313 1787 507 1841 Romanorum
532 1785 568 1841 ad
591 1786 748 1842 liebertum
773 1787 876 1840 ducem
925 1817 969 1873 nis
984 1817 1086 1872 involvi
1101 1817 1225 1872 ,uthina

57 1893 126 1932 carm
142 1878 247 1934 litteris
262 1879 422 1949 apostolicis
435 1885 586 1947 venerunt,
602 1896 726 1951 cumque
741 1878 873 1952 supplici·
962 1911 1033 1965 Dum
1051 1915 1108 1965 ,am
1126 1926 1227 1981 graves
1245 1911 1383 1966 tumultus
1400 1915 1428 1965 e,
1442 1915 1485 1966 go,
1501 1911 1644 1968 bellorum
1663 1916 1738 1970 pem·

57 1974 102 2025 ω’
117 1969 287 2038 ”lumm’
304 1971 461 2027 diffluum
547 2077 552 2088 ,
925 2007 1049 2074 pestates
1067 2004 1097 2058 in
1116 2004 1222 2059 mundo
1243 2004 1385 2074 sevirent,
1401 2008 1429 2058 ct
1448 2020 1534 2076 regna
1554 2010 1694 2063 terrarum
1710 2011 1741 2063 ut

94 2099 109 2127 ‘¹
125 2078 287 2134 Gssssfflllfflss
304 2093 389 2149 P⁸P⁸2
409 2093 425 2132 ⁰
445 2078 640 2133 ³lr0¹¹¹¹¹⁸⁵l¹¹¹0
660 2078 726 2146 (¹⁰¹2
747 2081 780 2132 ”l
798 2082 878 2149 Pater
926 2112 1052 2168 puppem
1072 2098 1149 2152 inter
1168 2097 1264 2169 pelagi
1282 2096 1385 2152 fluctus
1403 2098 1555 2168 agitarent,
1571 2101 1741 2156 venerabilis

57 2172 164 2239 tilium,
174 2176 204 2226 te
215 2170 366 2225 humiliter
378 2176 406 2226 et
417 2170 521 2226 obnixe
533 2171 662 2226 obsecrat
672 2176 705 2226 ut
717 2171 877 2242 apostolicae
927 2190 1096 2257 gwibertus,
1114 2190 1202 2244 agg„
1216 2191 1326 2246 33⁰0,oe
1346 2191 1522 2261 gwhemiae,
1536 2198 1688 2264 postquam
1706 2193 1741 2250 de

58 2264 120 2320 sedi
139 2265 311 2321 festinanter
328 2263 495 2319 invincibilis
512 2268 562 2320 tua
579 2265 704 2336 probitas
719 2263 875 2331 subveniat,
926 2283 1002 2338 hep„
1027 2285 1173 2355 pyramo
1200 2283 1229 2338 in
1252 2282 1411 2341 Calabriam
1436 2283 1534 2353 rediit,
1559 2301 1684 2353 veneno,
1710 2289 1742 2341 ug

59 2375 114 2415 nec
132 2359 220 2414 ullam
235 2359 301 2414 huic
316 2358 494 2414 subventioni
513 2375 564 2431 pro
580 2375 676 2414 amore
695 2358 745 2413 Dei
759 2373 876 2412 excusa·
926 2375 1026 2444 segur,
1041 2377 1070 2431 in
1084 2393 1146 2432 esca
1159 2382 1281 2449 summo,
1293 2394 1312 2432 Π
1325 2377 1465 2432 Kalendas
1479 2378 1641 2433 Decembris
1653 2395 1743 2451 ΨΟ,

58 2451 173 2508 fi⁰¹¹⁰¹¹¹
197 2457 355 2524 PsaePfflffll·
381 2453 517 2508 flesssiffls
541 2452 628 2519 enim,
653 2452 877 2506 Alemannfflum
928 2472 989 2525 lare
1011 2469 1103 2541 coepit.
1128 2470 1200 2524 Nam
1223 2470 1348 2542 quidam,
1371 2486 1473 2540 genere
1496 2473 1660 2541 saracenus,
1682 2478 1743 2528 arte

59 2562 123 2613 ¹⁰¹2
149 2546 273 2601 Romam
300 2545 420 2614 ⁰b³ideb
449 2551 476 2601 01
502 2561 608 2618 papam
632 2562 697 2600 ΜΠ]
724 2544 797 2599 ⁰¹0¹”0
824 2544 879 2599 Sibi
928 2562 1043 2634 pistoria
1066 2562 1189 2617 Brixensi
1216 2562 1345 2618 coenobio
1367 2563 1516 2619 serviebat.
1541 2564 1589 2619 llic
1614 2581 1743 2621 sororem

59 2639 228 2694 adhaerente
244 2639 273 2693 iu
291 2655 356 2693 arce
372 2639 528 2694 Crescentis
543 2639 683 2693 inclusum
698 2642 818 2693 coercet.
838 2637 879 2691 lbi
928 2655 1066 2712 Wfflepmi
1087 2655 1264 2727 p,10„,‚fipp
1282 2655 1427 2728 pngranng
1445 2656 1474 2712 in
1489 2657 1671 2713 matrimonio
1690 2659 1742 2714 h„

60 2731 204 2787 Pimifflm
222 2747 295 2803 papa
315 2732 518 2803 circumimus
535 2747 599 2786 ΜΠ]
615 2735 712 2786 [ulma
725 2730 816 2786 fidelss
830 2747 880 2802 1³⁰·
928 2748 1024 2818 behet,
1039 2754 1067 2803 ct
1079 2765 1130 2820 pro
1147 2749 1274 2820 quadam
1286 2748 1385 2804 latenti
1400 2765 1493 2819 causa,
1507 2750 1630 2822 satisque
1645 2767 1743 2823 parva,

58 2826 134 2898 Plffi»
150 2824 239 2880 fimet
261 2823 418 2880 defeclifflle
440 2825 593 2893 Quiritum,
614 2825 663 2896 qui
682 2824 769 2879 ¹¹5⁰]ss
786 2823 880 2895 cuPidi
930 2842 1072 2898 oecultum
1099 2845 1197 2897 contra
1223 2841 1358 2897 abbatem
1381 2842 1479 2897 odium
1505 2843 1639 2914 gestabat.
1662 2842 1744 2899 Unde

60 2923 129 2974 ’ΠΝ
148 2922 179 2973 02
193 2916 364 2989 VffiiPssllflsss
379 2917 485 2985 deludi,
505 2921 534 2972 θῑ
551 2918 681 2973 fflifflbffi
696 2917 880 2972 inimifflfflm
930 2935 1064 2991 instinctu
1091 2935 1195 2991 diaboli
1220 2935 1360 2990 lercvvlum
1388 2935 1449 3006 ejus
1473 2951 1584 2992 veneno
1608 2936 1744 3009 corrupit,
1830 2950 1833 2955 ·

61 3012 138 3067 tradi
151 3012 353 3067 irreverenter.
368 3012 409 3066 ld
423 3017 449 3066 te
464 3011 554 3083 igitur
566 3012 601 3065 ab
620 3012 668 3065 illo
683 3011 760 3066 missi
773 3028 879 3082 suanus,
931 3029 1058 3084 ,mimus
1080 3028 1228 3084 psmaelem
1252 3032 1363 3099 patrem
1386 3044 1481 3098 suum,
1502 3029 1552 3100 qui
1573 3029 1653 3085 ferali
1678 3029 1745 3086 pugo

60 3105 345 3177 celerem(1¹¹00Ptffl
359 3109 437 3160 tuam
452 3104 489 3159 ad
504 3110 611 3160 liniam
627 3105 824 3160 fleoessstitssm
834 3121 879 3159 Γθ·
891 3088 919 3163 C
932 3122 1088 3195 simplicem
1111 3122 1189 3176 lsaac
1210 3137 1328 3192 gravare
1350 3120 1469 3177 studuit.
1493 3121 1601 3177 Deinde
1622 3122 1665 3177 vir
1685 3122 1745 3192 Dei,

61 3199 219 3272 quirimus.
234 3197 382 3254 Fortitudo
396 3203 443 3252 tua
455 3214 542 3270 super
555 3214 654 3253 omnes
672 3198 803 3253 inimicos
819 3201 882 3254 tuos
931 3215 1077 3270 monachi,
1093 3213 1268 3286 lugentibus,
1283 3231 1332 3270 xm
1344 3214 1444 3270 diebus
1461 3231 1538 3286 ψῃ
1550 3215 1651 3286 jacuit,
1666 3215 1744 3272 dm.

62 3290 203 3347 divinitus
230 3291 384 3346 sublimata
409 3297 466 3359 est,
491 3308 544 3346 nee
571 3291 596 3345 ei
621 3292 751 3346 mortalis
780 3306 882 3346 manus
931 3325 987 3381 que
1014 3309 1203 3375 confessione,
1230 3311 1384 3379 saumque
1409 3311 1522 3379 sumpt,
1546 3309 1747 3366 commuuione

61 3385 197 3442 Μῑὸῑθΐθ
213 3388 317 3457 Ρθῑθὸῑ,
334 3384 461 3457 lllflssdiu
476 3386 532 3440 ⁰2⁰
548 3384 723 3453 militatem,
737 3384 881 3440 θῑνῑθὸΐῖθ
930 3419 950 3458 11
975 3403 1038 3458 ldus
1067 3401 1229 3458 Decembris
1256 3400 1336 3457 obiit.
1360 3403 1392 3457 ln
1417 3401 1533 3456 ecclesia
1560 3403 1669 3457 Sancite
1697 3403 1746 3458 Dei

62 3477 819 3551 ”⁰015PistrisPrisseiPi³³P⁰³w¹⁰ft¹ms⁰b0diflttt·t
932 3494 1078 3567 genitricis
1102 3494 1206 3564 llariae,
1229 3509 1316 3566 quam
1338 3492 1399 3565 ipse
1424 3511 1441 3547 a
1461 3493 1649 3549 fundamento
1676 3510 1744 3550 con·

96 3585 146 3640 Dis
171 3582 288 3651 auditis,
313 3581 515 3654 magnanimus
539 3582 725 3639 heresvelde
751 3582 882 3638 anxiatus
932 3588 1042 3655 struxit,
1062 3587 1188 3658 sepultus
1207 3591 1259 3654 est,
1282 3589 1312 3641 et
1334 3585 1531 3657 persingulas
1552 3587 1744 3642 annosauni-

62 3682 115 3734 est.
128 3678 204 3733 Nam
217 3676 381 3733 venerando
396 3692 477 3748 papae
491 3693 508 3730 a
521 3676 658 3747 protervis
672 3676 801 3732 leonibus
815 3693 880 3749 pro·
931 3680 1070 3737 versarius
1090 3680 1150 3735 dies
1171 3681 1336 3735 reverenter
1357 3678 1494 3734 celebrari
1519 3678 1555 3733 ob
1575 3679 1745 3735 memoriam

61 3771 174 3844 Digato,
193 3770 268 3826 siout
288 3771 372 3826 Petro
392 3770 422 3825 in
442 3787 554 3825 carcere
576 3770 705 3839 Herodis,
719 3787 882 3827 succurrere
932 3775 992 3846 ejus
1012 3773 1182 3829 constitutus
1201 3776 1251 3827 est.
1272 3774 1328 3828 Hoc
1347 3770 1472 3826 libenter
1491 3771 1587 3842 agitur
1607 3789 1623 3826 a
1644 3788 1743 3828 mona·

61 3864 220 3932 desiderat,
234 3868 263 3920 et
280 3863 434 3919 exereitum
452 3880 547 3933 suum,
564 3880 649 3935 quern
669 3880 789 3919 numero
809 3880 880 3936 pau·
932 3867 1001 3937 chis,
1014 3883 1086 3940 quos
1099 3866 1160 3937 ipse
1173 3866 1203 3921 in
1221 3865 1306 3920 domo
1322 3865 1371 3919 Dei
1391 3868 1421 3919 ut
1440 3867 1520 3935 pater
1536 3863 1610 3920 filios
1623 3864 1745 3921 educare

62 3958 214 4014 cissimum
239 3958 316 4014 inter
341 3958 445 4012 multos
475 3957 569 4012 hostes
596 3960 625 4012 et
655 3956 770 4013 callidos
796 3961 881 4030 atque
932 3960 1048 4016 molitus
1065 3962 1118 4015 est.
1133 3958 1306 4029 Pauperibus
1324 3973 1437 4030 quoque
1454 3957 1571 4012 uberem
1587 3958 1744 4030 eleemosy-

62 4058 176 4108 atrooes
199 4055 356 4123 computat,
377 4050 405 4105 iu
425 4055 502 4105 terra
520 4050 613 4105 aliena
633 4050 694 4105 siue
715 4051 787 4106 duce
806 4051 883 4106 velut
932 4071 998 4110 nam
1014 4053 1075 4126 ipso
1094 4053 1140 4109 die
1158 4068 1209 4125 pro
1227 4052 1359 4107 defuncto
1374 4053 1485 4123 pastore
1500 4050 1599 4123 largiri
1615 4067 1678 4107 mos
1690 4057 1743 4109 est.

62 4162 155 4219 agnos
173 4145 253 4200 inter
272 4145 355 4216 lupos
376 4144 538 4215 relinquere
557 4144 741 4199 vehementer
760 4143 880 4199 haesitat.
967 4146 1219 4219 Appropinquante
1252 4143 1415 4211 wiscardo,
1446 4146 1594 4215 turgentes
1624 4145 1744 4201 Domani

60 4239 190 4295 'landem
211 4237 314 4293 erectis
333 4237 489 4293 luminibus
509 4238 612 4294 mentis
630 4239 666 4293 ad
684 4236 883 4304 Dominum,a
932 4241 1136 4306 convenerunt,
1162 4243 1190 4292 et
1214 4236 1291 4308 quod
1315 4237 1350 4292 ab
1376 4236 1492 4292 advenis
1519 4237 1745 4308 persecutoribus

62 4349 121 4404 quo
140 4347 230 4387 omae
251 4331 359 4387 bonum
381 4331 517 4402 procedit,
539 4333 697 4387 convocatis
718 4330 882 4403 agminibus
932 4336 1017 4404 eaput
1029 4331 1104 4386 orbis
1117 4330 1338 4402 impugnaretur
1348 4330 1500 4401 indignum
1515 4330 1667 4386 duxerunt.
1677 4330 1744 4386 ltal-

61 4426 120 4481 suis
140 4440 206 4481 cum
224 4422 392 4480 Duamundo
406 4424 464 4479 silio
479 4441 541 4493 suo,
557 4426 616 4479 ait:
634 4445 647 4473 a
663 4425 782 4496 Semper
797 4424 880 4479 obse·
891 4451 921 4525 D
932 4427 966 4481 tis
988 4425 1075 4496 igitur
1101 4422 1260 4479 hortatibus
1281 4424 1409 4492 animati,
1431 4440 1497 4478 cum
1518 4423 1605 4477 armis
1630 4423 1742 4479 obviam

62 4516 192 4575 cundare
207 4518 274 4586 Deo,
290 4517 339 4591 qui
355 4534 406 4589 per
424 4534 610 4574 communem
626 4518 758 4573 Ecclesia
775 4518 881 4573 Catho·
932 4519 1138 4593 processerunt.
1158 4516 1212 4572 Sed
1232 4516 1326 4571 statim
1346 4515 1547 4571 aNormaunis
1567 4515 1596 4569 in
1615 4532 1645 4570 re
1667 4515 1743 4571 mili·

62 4613 125 4668 lieae
147 4614 295 4684 pastorem
317 4611 472 4683 alloquitur
492 4627 554 4678 nos,
577 4615 698 4683 oportet.
721 4612 881 4667 Auxiliante
931 4613 984 4669 tari
1011 4610 1095 4667 nimis
1120 4609 1265 4665 obduratis
1292 4609 1363 4664 facto
1389 4609 1508 4680 impetu,
1534 4608 1640 4679 repulsi
1667 4613 1743 4666 sunt.

63 4704 266 4777 Deo,jussioni
278 4721 363 4778 papae
376 4705 517 4774 obediam,
532 4711 560 4760 et
574 4705 756 4777 quamcitius
768 4711 880 4775 potero,
933 4705 1038 4761 Deinde
1060 4704 1192 4772 victores,
1213 4700 1319 4756 civibus
1339 4701 1414 4755 misti
1437 4701 1621 4772 fugientibus,
1644 4701 1745 4758 urbem

63 4799 100 4855 ad
122 4814 173 4854 vos
194 4796 289 4854 redire
311 4804 450 4870 satagam.
471 4801 581 4855 lutarea
603 4816 650 4854 vos
674 4799 834 4871 prudenter
853 4798 882 4852 in
934 4798 1120 4867 intraverunt,
1142 4797 1281 4868 jussuque
1313 4793 1412 4850 fervidi
1439 4793 1517 4849 ducis
1542 4794 1639 4865 ignem
1667 4794 1747 4850 tectis

64 4893 117 4949 hac
138 4891 285 4964 provincia
304 4892 484 4963 requiescite,
502 4896 530 4948 et
543 4893 619 4947 inter
637 4893 736 4947 hostes
757 4891 883 4962 undique
933 4891 1099 4961 injecerunt.
1129 4890 1172 4946 Sic
1196 4887 1355 4943 Wiscardus
1381 4888 1456 4942 terro
1489 4889 1518 4941 et
1548 4887 1665 4942 llamma
1694 4888 1747 4944 sibi

65 4984 266 5057 circumspecti
280 4989 378 5042 estote.
393 4985 421 5041 Si
436 4986 499 5057 quis
514 4985 731 5056 presumpserit
746 4984 821 5040 bello
834 5000 884 5039 vos
934 4984 1042 5038 aditum
1062 4985 1160 5038 Rorvvae
1184 4981 1327 5054 patefecit,
1350 4998 1401 5037 nec
1424 4981 1499 5036 ullus
1520 4980 1624 5036 civium
1646 4987 1748 5054 postea

65 5080 223 5153 impetere,
250 5079 281 5133 in
313 5078 416 5134 virtute
448 5079 495 5134 Dei
526 5079 642 5134 viriliter
668 5078 801 5133 resistite.
829 5078 885 5133 Vos
935 5080 1113 5132 contracum
1131 5075 1235 5128 mutire
1254 5092 1339 5131 ausus
1360 5075 1423 5129 fuit.
1444 5074 1550 5130 Deinde
1571 5073 1748 5146 pervenienti

67 5176 164 5229 umen
185 5176 335 5229 cavelone
351 5171 688 5243 bellareinoipiatis,nec
707 5172 884 5226 occasionem
934 5171 967 5225 ad
986 5168 1085 5223 turrim
1102 5167 1259 5224 Crescentis
1273 5184 1348 5238 papa
1365 5183 1430 5221 cum
1449 5166 1524 5222 clero
1539 5167 1651 5222 obviam
1669 5167 1746 5236 exiit,

67 5266 217 5339 preliandi
229 5267 356 5323 hostibus
367 5265 450 5336 detis,
462 5282 554 5338 neque
566 5266 726 5336 indigenas,
738 5281 885 5337 meusque
935 5279 986 5334 pro
999 5260 1096 5316 laboro
1109 5266 1137 5316 et
1151 5259 1292 5314 subventu
1309 5259 1416 5329 gratias
1431 5260 1499 5331 egit,
1518 5277 1570 5332 pro
1585 5260 1750 5316 obedientia

66 5375 216 5433 regressus
235 5359 328 5426 fuero,
348 5360 501 5415 lacessatis.
524 5359 683 5430 lnjunctam
704 5358 776 5413 mini
795 5375 811 5412 a
832 5360 884 5413 Do·
936 5355 1093 5412 arcatibus
1113 5351 1240 5419 absolvit,
1261 5357 1290 5408 et
1304 5355 1441 5408 aeternam
1460 5353 1486 5409 ei
1505 5370 1521 5408 a
1539 5357 1595 5410 Deo
1614 5354 1749 5409 benedic-

67 5454 147 5510 mino
174 5453 344 5510 servitutem
370 5453 461 5522 inibo,
486 5456 516 5508 et
542 5452 564 5507 si
591 5454 648 5508 vita
671 5469 765 5508 comes
788 5451 884 5520 luerit,
936 5451 1043 5506 tionem
1058 5445 1226 5519 peroptavit.

68 5547 201 5604 celeriter
218 5546 327 5604 redibo.
343 5548 397 5602 Per
417 5545 545 5603 animem
563 5546 701 5601 tancredi
720 5544 809 5617 patris
829 5543 887 5600 mei
972 5546 1035 5598 Post
1058 5542 1196 5597 alternam
1218 5541 1337 5596 heroum
1359 5540 1586 5609 collocutionem,
1611 5547 1674 5613 post
1699 5542 1750 5597 de·

65 5640 147 5713 jetro,
172 5645 204 5697 et
230 5640 284 5696 hoc
307 5639 499 5714 jurejurando
527 5639 604 5696 vobis
631 5639 750 5695 firmiter
774 5655 885 5708 assero,
935 5641 1097 5711 promptam
1120 5651 1137 5690 a
1158 5650 1234 5706 papa
1257 5634 1438 5705 querelarum
1463 5634 1639 5703 relationem,
1662 5634 1752 5691 iratus

69 5732 158 5809 wod,
175 5734 270 5793 donec
285 5750 415 5792 reversus
434 5734 471 5791 ad
488 5751 537 5791 voe
554 5733 647 5804 luero,
661 5749 719 5791 non
742 5737 807 5790 utar
824 5730 886 5787 hal·
937 5730 996 5787 dux
1008 5727 1160 5786 subintulit
1172 5727 1372 5802 hujuscemodi
1383 5727 1650 5784 comminationem
1659 5743 1673 5780 ·,
1685 5727 1771 5780 aba·

208 5831 373 5903 'Parnon
395 5832 604 5901 ttxxxvtll.
1584 5829 1623 5887 lt
