3750 6046
95 169 147 229 lid
782 185 943 243 (inueniet
964 189 1093 244 tilitas
1723 185 1776 240 lli

94 303 120 352 et
143 313 190 365 eqo
208 296 329 353 dedimus
348 301 385 355 cis
399 317 450 371 pro
471 309 562 358 raostra
581 305 678 367 salide,
703 314 732 363 ut
753 309 782 363 in
799 325 867 378 pare
885 314 912 365 et
922 316 1084 395 Amortem
1111 311 1248 379 sentiens,
1275 314 1377 366 tratres
1403 309 1488 365 acciri
1514 309 1590 378 tecit,
1614 326 1647 364 ac
1670 312 1703 364 nt
1722 308 1777 364 sibi

94 391 328 460 quictehaheant,
346 395 460 451 libenter
479 399 598 453 concede.
614 401 652 455 De
670 400 749 456 rebus
772 407 797 457 et
815 403 909 458 reddi·
961 406 1150 461 morientium
1182 405 1459 461 commendationem
1491 403 1627 471 tacerent,
1654 402 1776 474 rogarit.

95 484 166 539 tibus
178 488 234 539 suis
246 502 389 556 nunquam
405 491 470 545 celis
488 507 530 547 eos
549 492 708 557 diminuere,
725 511 772 550 nee
787 497 910 567 aliquam
960 500 1019 563 Qua
1040 504 1165 572 peracta,
1191 516 1296 571 aquam
1321 496 1501 554 benedictam
1528 501 1556 551 et
1580 512 1696 551 crucem
1723 495 1776 550 sihi

93 579 131 632 eis
156 579 312 635 uiolentiam
339 597 390 652 per
416 585 536 640 subditos
562 591 621 641 tuos
646 590 766 657 patioris
791 592 908 655 inferre.
960 592 1053 647 ellarii
1068 593 1159 664 petiit.
1175 592 1283 658 Quibus
1297 592 1397 660 allatis,
1410 607 1487 662 aqua
1508 607 1539 645 se
1560 589 1691 662 aspersit,
1710 605 1776 644 cru·

72 672 154 740 ‘Ipsi
173 675 314 738 nimirum,
336 677 360 729 si
374 677 445 745 fidus
465 680 561 745 suntor
579 695 670 735 eoram
688 682 824 738 studueris
844 699 908 745 esse,
960 702 1022 740 cem
1045 686 1184 754 adoravit,
1204 685 1383 758 Christoque,
1405 685 1455 757 qui
1474 684 1503 739 in
1521 699 1603 741 cruce
1624 682 1775 754 pependit,

94 765 278 822 indesinenter
310 771 393 824 murra
424 773 576 826 exorabant
603 790 654 844 pro
688 780 729 830 le.
763 780 911 847 Nunquam
961 780 999 835 sic
1009 796 1049 848 so,
1060 780 1184 852 quodam
1195 780 1319 852 sophista
1332 778 1535 851 praeloquente,
1547 775 1774 831 commendavit:

95 859 182 927 iqitar
205 865 499 922 consecraneorum
522 866 582 920 odio
606 869 715 935 trabeas,
739 871 787 923 sed
808 886 911 941 semper
960 877 993 929 ln
1015 890 1113 929 munus
1141 881 1213 936 tuas,
1227 876 1337 929 Domine
1361 876 1440 938 Deus,
1465 873 1527 926 licet
1550 871 1616 925 olim
1640 876 1774 940 peccator,

94 950 214 1020 diliqas;
241 960 265 1008 et
288 957 312 1009 si
331 958 459 1011 Dominus
479 960 627 1014 libiadem
649 976 680 1016 ue
699 966 911 1034 prosperitatem
961 985 1034 1023 reunc
1064 984 1125 1023 cero
1152 971 1294 1039 penitens,
1326 966 1495 1027 commendo,
1525 967 1593 1020 sicut
1624 978 1719 1018 seruus
1749 978 1776 1018 se

94 1045 207 1109 dederit,
232 1064 380 1104 accrescere
402 1053 500 1116 siccitas.
517 1056 578 1109 llaec
598 1057 691 1125 itaque
709 1059 734 1111 si
753 1059 911 1115 custodieris
961 1063 1038 1117 debet
1056 1064 1217 1118 committere
1236 1061 1345 1116 domino
1365 1075 1423 1121 suo,
1446 1060 1574 1129 spiritum
1595 1072 1693 1112 meum.
1715 1056 1775 1120 Quo

93 1145 118 1192 el
145 1140 250 1203 seceris,
279 1142 485 1200 benedictionem
510 1149 568 1214 Dei,
592 1165 675 1218 quam
700 1154 788 1206 sancti
816 1154 911 1208 Patres
962 1155 1046 1222 dicto,
1062 1160 1094 1210 ut
1110 1155 1263 1222 credimus,
1281 1153 1402 1209 feliciter
1423 1151 1556 1223 exspirat.
1579 1149 1648 1205 lude
1669 1149 1774 1221 uigiliae

94 1234 181 1285 nostri
198 1234 347 1291 imredibus
366 1241 422 1292 suis
441 1239 619 1309 reliquerunt,
640 1259 674 1297 ec
695 1251 775 1314 parte
788 1248 838 1299 Dei
862 1248 912 1301 libi
960 1253 1120 1315 estimetur,
1141 1249 1240 1319 psalmi
1261 1250 1290 1303 et
1313 1246 1457 1302 orationes
1475 1245 1505 1300 in
1526 1245 1587 1317 ejus
1610 1243 1689 1298 exitu
1708 1259 1773 1311 cum

92 1325 215 1389 concedo,
242 1335 268 1382 el
294 1335 324 1384 ut
351 1346 433 1400 super
465 1340 489 1387 tc
516 1337 608 1390 veatae
630 1343 654 1391 et
681 1344 799 1400 neaneat,
826 1342 910 1394 Deum
960 1343 1057 1398 multis
1073 1341 1351 1415 suspiriisdicuntur,
1367 1335 1774 1395 etmisseederotecelehran-

92 1433 181 1473 auaro.
196 1420 228 1476 Si
244 1437 305 1476 uero
322 1439 407 1484 scores,
430 1428 503 1495 quod
523 1428 713 1497 (chettaeum,
735 1432 907 1488 maledictio·
960 1440 1016 1491 tur.
1034 1435 1140 1501 Quibus
1159 1435 1211 1490 rite
1229 1433 1356 1506 patmtis,
1373 1439 1456 1488 terrae
1477 1431 1561 1487 matri
1581 1429 1724 1495 omnium,
1739 1429 1772 1484 ud

91 1528 149 1567 nem
170 1530 203 1569 ec
231 1519 397 1571 auctoritate
421 1522 471 1574 Dei
489 1527 514 1575 et
539 1521 699 1578 Sanctorum
721 1527 835 1580 Petrum
860 1527 912 1581 tihi
960 1528 1174 1585 custodiendum
1200 1533 1228 1584 et
1253 1527 1451 1590 reddendum,
1478 1523 1677 1591 committitur,
1704 1521 1773 1577 dnm

94 1606 227 1676 relinquo.
961 1622 990 1678 S.
1012 1622 1126 1677 loannis
1151 1622 1270 1693 apostoli
1296 1623 1325 1676 et
1348 1619 1529 1690 evarigelistae
1553 1615 1712 1690 assumptio
1738 1615 1771 1669 ab

131 1699 221 1756 Finita
235 1719 300 1757 voro
315 1704 350 1759 ud
370 1705 468 1760 Filium
488 1707 540 1762 hac
559 1710 699 1778 oratioue,
714 1686 946 1768 memorabilisB
959 1715 1081 1771 Ecclesia
1105 1715 1154 1770 nei
1179 1715 1348 1770 celebratur.
1370 1713 1417 1767 llis
1438 1712 1535 1784 ntique
1553 1709 1696 1782 exsequiis
1714 1708 1772 1763 Odo

94 1792 177 1848 heros
190 1794 339 1852 Odelinam
360 1815 477 1854 uxorem
491 1817 572 1856 snam
592 1803 641 1858 tali
656 1806 824 1876 aggreditur
838 1808 907 1863 allo·
957 1809 1207 1864 monasterolensis
1228 1807 1373 1875 interluit,
1394 1805 1490 1879 ibique
1511 1803 1686 1861 sacerdotale
1710 1802 1771 1857 utli-

92 1887 226 1942 cutionc:
252 1891 338 1947 eram
361 1908 436 1948 soror
458 1900 483 1949 ct
506 1897 632 1952 amabilis
655 1900 755 1968 conjunc
779 1901 905 1965 Odelina,
958 1897 1772 1975 ciumperegit,breviqueloconomeuctothcium,diem·

92 1996 189 2049 queso,
205 1998 264 2037 mea
277 1985 427 2053 beraipniter
439 2004 510 2043 nunc
530 1992 634 2046 ouandi
651 1996 818 2062 precamina.
834 1998 905 2051 llae-
957 2015 1013 2070 que
1027 1997 1120 2052 obitus
1132 1996 1204 2068 ejus,
1221 2000 1248 2051 et
1262 2010 1397 2067 magnam
1412 2010 1464 2066 pro
1474 2009 1508 2048 eo
1523 2007 1636 2066 precem
1648 1991 1688 2046 sic
1698 2006 1772 2046 com·

93 2077 170 2128 teneus
188 2077 309 2145 conjupii
329 2080 409 2148 tidem
433 2088 526 2137 mutuo
549 2086 624 2138 nohis
649 2086 766 2155 lepitime
787 2090 905 2143 custodi·
956 2089 1130 2164 prehendit:

93 2168 192 2229 nimus,
213 2176 238 2224 cl
259 2172 316 2226 sine
337 2172 425 2242 litiqio
447 2178 574 2246 turpique
593 2179 714 2247 quercla,
737 2181 799 2250 ptus
823 2198 906 2253 qaam
957 2231 986 2282 S..
1000 2230 1124 2296 quium
1138 2230 1185 2294 qm.
1200 2228 1350 2288 mmm„
1364 2227 1427 2279 dum
1438 2227 1514 2277 vim
1525 2226 1637 2280 admo,

94 2261 293 2329 uiqintiannis
312 2267 462 2334 opitulante
476 2271 538 2332 Deo,
559 2273 642 2361 simul
661 2275 790 2329 uicimus.
806 2277 906 2331 Honos·
957 2302 1019 2364 Qui,
1030 2302 1121 2364 sume,
1138 2314 1216 2365 qm,
1226 2299 1316 2350 remea
1330 2300 1399 2362 agee,
1414 2298 1485 2363 qaod
1498 2310 1592 2348 nomm
1604 2295 1733 2359 haberem

95 2358 150 2407 tum
165 2355 278 2410 sohohm
297 2374 349 2428 per
363 2360 508 2426 lepitimam
518 2365 808 2435 copulampenrcimus3
823 2386 906 2439 quam
955 2373 1064 2424 turoldi
1080 2384 1174 2422 nomon
1186 2369 1236 2434 [uit
1251 2369 1324 2429 huic,
1335 2376 1357 2419 el
1370 2369 1462 2419 oeildis
1475 2381 1559 2418 omen·

91 2451 121 2501 ut
141 2447 290 2503 salutetur
309 2466 356 2506 suo
375 2452 499 2509 Crerrtori
521 2457 667 2522 subdatur,
687 2461 788 2515 sedulis
810 2465 904 2519 incites
956 2444 1053 2506 ⁰¹¹¹³¹¹⁰
1064 2443 1120 2525 4³⁶?
1131 2441 1158 2504 Μ
1172 2443 1196 2491 '⁵
1209 2441 1321 2524 '‘9¹‘'st
1334 2439 1363 2488 'l'
1376 2439 1427 2504 lm
1438 2439 1598 2522 ‚mmm

91 2539 252 2595 hortatibus·
268 2545 332 2598 ΕΜ
352 2545 435 2601 ducor
456 2549 493 2602 “d
510 2555 639 2613 extremm
659 2558 684 2607 e,
701 2554 790 2615 vem
811 2557 903 2620 nolim,
956 2518 1038 2566 Detur
1052 2520 1180 2578 erpaetate
1195 2515 1240 2563 Du
1253 2526 1350 2563 merces
1366 2511 1487 2577 requiei!
1500 2512 1592 2561 Amen.

91 2636 184 2688 mortis
200 2639 387 2708 appropinquo
401 2643 525 2710 confinia.
540 2645 606 2698 Ecce
619 2645 707 2713 jactu
724 2663 823 2702 morem
840 2652 903 2703 uni·
988 2645 1083 2701 hlilitia
1096 2646 1187 2700 clarus
1200 2649 1228 2699 et
1246 2643 1375 2710 audacia,
1392 2644 1501 2710 Petrus,
1517 2640 1616 2696 vicinis
1633 2646 1768 2695 metuen-

89 2732 274 2785 uerseecarnis
288 2731 404 2795 dilabor,
419 2740 443 2788 et
464 2751 599 2793 commune
613 2739 734 2794 debitum
754 2743 904 2811 persoluere
955 2739 1017 2806 dns,
1043 2739 1150 2793 hlairliae
1176 2736 1299 2810 praefuit,
1325 2737 1375 2792 sed
1397 2754 1414 2791 a
1438 2735 1565 2806 paternis
1590 2733 1719 2805 vestigiis
1741 2734 1768 2787 in

90 2824 241 2893 compellor.
261 2826 329 2884 Nolo
351 2831 376 2882 te
397 2845 447 2898 per
470 2832 557 2885 multa
580 2834 736 2902 pertrahere
758 2836 902 2906 colloquia.
955 2833 1126 2906 quibusdam
1142 2832 1345 2903 oporibussuis
1360 2829 1535 2885 exorbitarit.
1552 2829 1624 2883 Nam
1653 2827 1769 2897 iuvenili

91 2916 158 2972 Cum
179 2922 235 2975 rita
258 2928 306 2976 trra
321 2925 413 2979 multis
431 2925 554 2980 doctrina
570 2929 654 2996 possit
679 2943 741 2990 esse,
758 2930 805 2983 troo
818 2931 903 2984 solum
954 2928 1066 2983 levitate
1079 2943 1155 2994 usus,
1167 2926 1269 2980 mimos
1282 2931 1310 2980 et
1322 2925 1462 2979 aleatores
1476 2923 1593 2989 dilexit;
1609 2921 1770 2977 adolescen-

91 3016 222 3070 consuelis
241 3014 315 3071 honis
336 3020 390 3073 luis
410 3019 495 3081 ridde,
515 3026 545 3074 nt
566 3021 662 3075 oniodo
680 3028 755 3076 erista
776 3026 851 3078 cieras
874 3026 902 3077 ia
913 3050 940 3124 C
954 3026 1013 3076 tum
1034 3019 1266 3092 persuasionibus
1279 3019 1386 3087 lavans,
1403 3017 1548 3090 rapacitati
1563 3016 1682 3082 studuit,
1697 3031 1768 3086 pau-

90 3112 184 3161 scancia
198 3109 342 3165 uiduitate.
357 3112 425 3166 Mihi
437 3128 499 3167 uero
513 3113 621 3168 licentia
640 3115 721 3171 delur
735 3132 753 3170 u
769 3122 794 3170 te
807 3123 836 3170 ut
850 3133 903 3172 mo·
953 3131 1092 3186 paresque
1109 3114 1234 3182 colonos,
1248 3116 1303 3167 tam
1319 3128 1385 3167 suos
1402 3127 1490 3183 quam
1509 3110 1625 3177 alienos,
1641 3109 1767 3180 plerum·

90 3200 192 3255 machus
212 3203 286 3269 hum,
303 3209 328 3258 ct
349 3205 508 3260 indumenta
531 3209 622 3261 sancti
643 3209 735 3263 Patris
756 3211 901 3272 Benedicti,
953 3224 1009 3279 que
1030 3206 1177 3279 oppressit.
1192 3206 1288 3261 Aliena
1309 3211 1414 3260 temere
1434 3203 1540 3275 diripit,
1558 3207 1656 3258 elsua
1678 3202 1768 3257 intru-

89 3296 211 3362 quarnuis
225 3298 280 3350 sini
295 3299 387 3366 nipra,
405 3300 508 3353 relictis
520 3302 613 3355 socordi
625 3305 761 3372 pomposis
773 3304 901 3366 uestibus,
952 3302 1011 3357 nito
1033 3301 1171 3356 distrahit.
1193 3299 1282 3366 Unde,
1305 3298 1377 3353 sicut
1395 3298 1454 3370 ipse
1472 3297 1529 3352 suis
1550 3296 1708 3352 damnosus
1728 3302 1771 3351 cst

90 3389 234 3456 cuempiam.
261 3389 346 3460 Cupio
368 3407 460 3447 eorum
486 3393 603 3464 adipisci
623 3398 760 3451 consortio
783 3400 832 3467 qui
850 3414 902 3467 pro
953 3394 1176 3457 curatrihnlihns,
1206 3394 1245 3448 sic
1271 3392 1384 3447 finitimi
1412 3390 1562 3463 qiraedones
1589 3407 1646 3447 non
1674 3391 1770 3445 urinas

91 3478 196 3535 Christo
215 3483 375 3554 relinquunt
392 3487 489 3541 mundi
507 3487 703 3544 blandimenta.
723 3491 748 3546 Α
768 3490 904 3560 corpuqali
951 3488 1097 3544 inhianter
1110 3487 1279 3542 insidiantur
1292 3490 1321 3542 et
1333 3491 1437 3542 nocent
1451 3484 1505 3556 ipsi
1518 3484 1632 3557 suisque
1645 3484 1769 3541 homini·

89 3587 150 3642 erqo
166 3589 238 3629 rreum
253 3592 303 3639 me,
322 3594 420 3648 queso.
437 3580 552 3642 ‹chsolou
572 3581 693 3643 domina,
709 3598 802 3652 meque
818 3584 903 3652 paleti-
952 3581 1014 3638 bus.
1036 3584 1127 3637 leatus
1146 3580 1298 3637 durissima
1315 3580 1395 3635 facile
1411 3578 1546 3647 nituntur,
1561 3579 1643 3633 laetus
1659 3578 1766 3650 impro-

90 3671 129 3721 ler
143 3669 195 3723 Deo
215 3672 380 3735 commendo,
397 3679 426 3727 ut
449 3675 483 3728 uh
507 3676 581 3728 omni
602 3675 742 3745 expeditus
766 3677 904 3731 mundiali
952 3675 1016 3730 vide
1039 3675 1164 3730 diflicilia
1185 3675 1353 3746 pollicetur3
1375 3673 1545 3743 inutraque
1566 3671 1766 3728 mendaxlre·

86 3762 205 3824 sarcina,
229 3765 375 3820 monachili
397 3782 500 3822 merear
522 3768 662 3837 desiqnari
683 3769 823 3825 habitunt
846 3776 903 3825 ton·
952 3774 1072 3841 quanter
1092 3768 1302 3840 comprobatur.
1323 3767 1444 3822 Uxorem
1468 3768 1531 3838 post
1547 3765 1658 3820 obitum
1679 3766 1768 3838 patris

87 3872 161 3910 sura.
176 3861 229 3913 lloc
244 3874 277 3913 ec
290 3861 384 3914 intimo
398 3861 477 3915 corde
490 3861 611 3931 deposco,
626 3863 673 3916 hoc
688 3865 757 3917 cotis
779 3865 902 3919 omnihus
952 3863 995 3917 sui
1015 3862 1097 3917 duxit
1116 3861 1333 3929 nobilissimam,
1356 3860 1473 3915 numine
1488 3859 1591 3930 edam,
1609 3859 1768 3917 Dnrchardi

88 3952 254 4020 concupisco,
275 3958 307 4007 ut
323 3955 418 4009 anima
434 3969 492 4007 mea
510 3956 539 4007 in
554 3955 702 4009 monachili
720 3959 806 4026 possit
829 3972 900 4012 com·
952 3956 987 4012 de
1011 3953 1239 4012 lloutemorentii
1265 3960 1392 4026 neptem,
1415 3957 1445 4008 et
1467 3953 1579 4009 comitis
1603 3952 1767 4010 Gisinarnm

85 4045 181 4111 putori
197 4044 317 4113 colleqio,
332 4049 490 4117 sumptoque
510 4048 650 4116 reliqionis
668 4050 808 4113 schcmate,
824 4066 899 4105 reno·
951 4049 1050 4105 liliam.
1065 4049 1216 4105 blonaehos
1230 4052 1259 4103 et
1272 4047 1387 4103 clericos
1406 4046 1497 4102 verbis
1511 4046 1643 4115 honorat,
1658 4054 1688 4104 et
1702 4065 1765 4104 cor-

87 4141 163 4198 vata,
178 4138 207 4190 in
221 4141 348 4206 praesenti
355 4140 418 4207 jam
438 4146 549 4194 caruere
563 4142 678 4195 saeculo:
695 4162 708 4189 a
723 4143 811 4212 Niqra
830 4159 900 4206 sum,
951 4143 1098 4215 captiones
1118 4158 1217 4198 eorum
1236 4141 1346 4214 placide
1370 4141 1489 4210 tolerat;
1510 4141 1561 4196 sed
1582 4141 1767 4198 excusatione

87 4229 135 4284 ild
148 4232 269 4295 l⁰rm⁰su
285 4231 385 4299 (Currit,
405 4236 429 4296 l,
448 4233 485 4301 5).
504 4252 516 4283 r
535 4237 623 4300 Niqra
643 4250 702 4289 sum
719 4252 771 4305 per
788 4237 903 4308 hispide
947 4234 1487 4308 juvenilisutatisimpudentiamsuam
1495 4234 1624 4303 obnubit,
1634 4237 1663 4290 et
1672 4251 1768 4290 emen-

87 4325 167 4378 uestis
190 4325 358 4393 niqredinem
375 4332 401 4380 et
420 4328 632 4394 deformitatem,
646 4330 694 4384 sed
714 4331 835 4397 formosa
853 4348 902 4402 per
952 4329 1097 4386 dationem
1111 4329 1176 4384 rita
1191 4329 1221 4384 in
1236 4329 1384 4384 maturiori
1397 4344 1468 4396 avo,
1486 4327 1563 4400 quod
1580 4327 1690 4384 utinam
1703 4329 1765 4384 liat!

86 4420 174 4472 sancti
192 4421 326 4490 propositi
347 4421 536 4484 humilitatem,
565 4425 669 4494 Deoque
686 4424 839 4493 placentem
858 4415 939 4487 deD
951 4424 1100 4495 promittit.
1116 4423 1194 4479 Neine
1209 4439 1244 4478 ea
1258 4439 1322 4494 qum
1337 4421 1371 4477 ab
1384 4422 1446 4494 ipso
1463 4422 1506 4477 rel
1522 4420 1575 4476 sub
1590 4421 1653 4493 ipso
1671 4438 1766 4478 mona-

87 4513 230 4567 votionem.
950 4517 1010 4573 chis
1023 4518 1087 4572 data
1099 4522 1175 4586 sunt,
1190 4516 1314 4571 breviter
1327 4515 1480 4571 annotabo.

122 4606 187 4661 llaec
200 4607 323 4663 hnsoldo
337 4607 448 4664 dicente
463 4615 492 4663 et
512 4609 556 4663 his
573 4608 686 4678 similia,
703 4610 778 4665 hona
798 4611 902 4666 mulier
987 4610 1127 4666 ansoldus
1137 4610 1259 4666 moriens
1274 4610 1418 4682 optimum
1429 4608 1603 4681 palefridum
1618 4611 1767 4666 monachis

88 4701 150 4772 ejas
174 4702 311 4757 rolunhati
336 4719 483 4775 nunquam
505 4704 635 4759 resistere
656 4711 779 4769 assueta,
803 4703 901 4759 multis
951 4705 1066 4772 dimisit,
1083 4719 1135 4775 pro
1153 4719 1209 4776 quo
1226 4705 1337 4770 Petrus,
1352 4709 1431 4775 patre
1451 4707 1582 4775 rogante,
1602 4707 1711 4760 terram
1731 4706 1765 4760 de

86 4795 201 4851 fletibus
215 4796 338 4867 pertusa,
353 4797 404 4852 sed
422 4798 485 4852 sine
504 4797 687 4867 elamoribus,
705 4799 845 4852 reverenti
858 4797 899 4853 vi·
950 4797 1191 4855 Monte-Marceuii
1214 4797 1360 4853 monachis
1383 4797 1471 4865 dedit,
1494 4797 1593 4869 eisque
1613 4803 1683 4853 tunc
1703 4815 1764 4854 om-

85 4904 156 4960 gens
179 4889 329 4959 modestia,
355 4891 494 4963 solitoque
523 4907 601 4947 more
624 4891 759 4947 obediens
782 4892 898 4962 marito,
950 4893 1009 4960 nia,
1033 4909 1097 4965 quae
1118 4890 1340 4963 predecessores
1361 4890 1423 4962 ejus
1445 4889 1592 4958 dederant,
1614 4892 1763 4949 concessit.

86 4983 223 5038 concessit
238 4984 336 5054 petita.
352 4985 428 5040 Tunc
446 4990 544 5040 sancta
563 4985 687 5040 Ecclesia
704 4985 831 5058 vigiliam
843 4986 897 5041 Na·
950 4986 1066 5042 Vineam
1089 5002 1205 5059 quoque
1227 4986 1261 5040 de
1285 4984 1459 5052 clarofonte,
1473 5001 1561 5057 quam
1580 4986 1706 5043 loannes
1730 4987 1766 5042 de

85 5075 147 5131 talis
158 5076 383 5133 Dominilestire
397 5079 574 5147 celebrabat;
588 5085 616 5135 et
629 5079 782 5134 vehemens
799 5085 900 5135 ventus
950 5082 979 5137 S.
995 5080 1139 5152 Dionysio,
1154 5083 1182 5134 et
1199 5079 1284 5135 bieria
1301 5096 1369 5135 uxor
1383 5079 1455 5150 ejus,
1472 5085 1500 5134 et
1515 5079 1649 5135 Ernnlfus
1664 5097 1765 5136 eorum

84 5168 302 5224 intolerabiliter
321 5171 420 5226 orbem
441 5173 629 5242 concutiebat,
645 5173 729 5229 silvas
748 5180 776 5230 et
798 5173 899 5229 domos
949 5174 1024 5230 tilius
1044 5174 1073 5230 S.
1097 5173 1189 5229 uaria
1211 5173 1291 5245 prius
1309 5177 1410 5245 sponte
1434 5172 1594 5241 dederant;
1617 5175 1667 5231 sed
1687 5181 1764 5247 post·

84 5262 195 5333 aliaque
215 5262 333 5318 aedilicia
360 5265 518 5336 dejiciebat,
542 5266 697 5339 multisque
729 5266 843 5323 damnis
868 5266 898 5322 in
949 5266 1078 5337 modum,
1098 5267 1251 5323 ierusalem
1272 5266 1349 5322 adire
1371 5266 1504 5337 volentes,
1519 5267 1633 5323 cuidam
1656 5268 1765 5325 Britoni

84 5355 157 5410 mari
176 5360 205 5412 et
225 5355 253 5411 iu
272 5362 348 5412 terra
365 5357 455 5427 luctis,
474 5360 600 5415 hermano
622 5359 790 5416 mirabiliter
812 5360 899 5417 corda
949 5362 984 5418 de
1001 5360 1196 5428 nonu-Foru,
1209 5359 1326 5415 nomine
1346 5359 1473 5432 Falconi,
1491 5360 1640 5417 monachis
1656 5362 1766 5419 culum·

87 5449 221 5507 terrebat.
237 5451 429 5509 concessione
441 5451 537 5525 itaque
548 5454 633 5526 tacta,
647 5454 703 5510 tiro
715 5453 818 5513 Christi
831 5472 898 5511 mox
950 5454 1101 5522 utentibus,
1125 5452 1336 5522 vendiderunt,
1360 5454 1459 5510 Petrus
1483 5453 1639 5527 episcopali
1656 5455 1768 5528 iustitia

84 5546 260 5614 tonsuratur,
294 5546 455 5618 neophytus
486 5547 571 5602 sacris
602 5548 728 5605 restibus
757 5548 897 5619 induitur,
949 5548 1055 5604 Britoni
1073 5547 1239 5604 ablatamiu
1253 5564 1404 5604 salamana
1419 5547 1546 5622 accepit;
1560 5547 1613 5604 sed
1628 5547 1767 5607 eamdem

86 5635 189 5709 quibus
210 5653 263 5709 per
285 5638 412 5695 triduum
433 5639 559 5711 indutus,
577 5641 699 5711 Christo,
724 5647 757 5699 ut
775 5658 843 5698 cnm
864 5659 899 5699 eo
948 5643 1123 5716 paulopost,
1139 5641 1276 5699 diuinitus
1298 5640 1466 5698 infirmitate
1489 5645 1589 5713 matun,
1604 5642 1636 5701 ia
1650 5643 1766 5701 contes-

82 5746 234 5806 resurgere
257 5733 355 5807 possit,
375 5735 577 5812 consepelitur.
597 5736 692 5799 Tertia
709 5736 831 5817 denique
851 5736 899 5800 dio
952 5735 1032 5799 sione
1050 5753 1101 5795 sua
1118 5735 1238 5799 umam
1257 5736 1294 5799 ab
1314 5736 1393 5835 omni
1412 5753 1502 5821 censu
1518 5738 1547 5797 S.
1558 5736 1655 5801 flurin
1668 5738 1769 5840 reddi:
