3750 6046
131 215 179 269 ml
686 208 690 217 “
815 190 975 251 oausalcl
997 188 1128 248 ulmus
1755 186 1799 245 ou

90 300 98 313 ,
131 334 297 409 plectentes,
318 327 486 384 famulatum
509 337 592 379 sctum
610 320 636 376 ei
651 318 793 385 exhibent,
811 317 941 371 navium-
954 313 1167 413 Anesiduisquc
1179 311 1255 367 curis
1269 313 1298 367 et
1317 311 1463 367 laboribus
1473 309 1535 381 jam
1548 308 1617 365 lessi
1640 308 1733 375 erant,
1751 308 1800 364 dis·

132 425 381 503 qnemultitudine
396 411 944 492 operiuntilludlrctumquodsuictnm
995 411 1154 474 currerunt,
1179 406 1311 477 ipsosque
1330 404 1366 459 ad
1392 403 1575 460 concordiam
1593 410 1800 458 revocaverant.

16 590 19 595 Ι
130 527 183 591 est,
212 538 248 577 ne
281 523 437 574 castrenses
462 513 514 568 sibi
545 510 722 582 aliquatenus
747 510 943 577 procurarent.
995 499 1247 570 llenricnsilaque,
1264 498 1430 555 filiusllavid
1450 494 1803 569 regisSootice‚amicitiam

130 619 238 673 Interea
270 612 431 669 llodbertus
453 608 488 662 de
515 604 659 672 Ferrariis,
686 618 772 674 quem
798 616 857 668 rex,
874 597 947 652 sicut
995 592 1210 674 hujuscemodi¹
1227 592 1410 664 approbavit,
1436 608 1469 646 ac
1490 590 1643 647 adelinam
1672 588 1804 645 Guillelmi

131 711 240 767 dictum
264 710 316 773 est,
345 702 481 759 Decbician
504 698 649 754 consulem
676 694 833 760 ordinavit,
859 690 944 747 Gual-
995 686 1156 758 Suthregisc
1169 686 1278 742 comitis
1293 685 1538 741 filiamadamavit
1557 691 1587 740 et
1600 684 1630 740 in
1647 682 1804 755 eonjugium

131 804 277 860 chelmum
292 811 433 871 generum
448 809 530 848 suum
544 791 681 846 allocutus
695 788 756 860 regi
777 785 945 860 pacificavit,
996 780 1151 854 requisivit.
1172 779 1383 836 Necessitudine
1404 779 1454 835 tali
1469 778 1651 845 constrictus,
1679 776 1805 833 amicitie

133 896 321 971 etpccelatam
336 890 521 946 munitionem
537 885 562 940 oi
583 882 755 955 subjugavit.
771 880 947 936 Gissebertus
996 875 1227 930 Normannorum
1255 878 1282 929 et
1300 873 1458 945 anglorum
1483 872 1650 928 medullitus
1676 869 1804 940 adhesit;

132 1008 199 1047 vcro
214 988 341 1045 doClara
355 982 475 1039 Esccdas
496 978 644 1035 castellum
670 973 791 1042 obsedit,
816 980 844 1029 et
865 973 945 1044 oppi·
997 968 1066 1039 quia
1090 967 1201 1023 salubre
1224 971 1253 1022 el
1275 966 1430 1022 utillimum
1455 965 1510 1022 hoo
1529 966 1592 1021 lore
1618 964 1676 1021 sibi
1698 963 1805 1037 suisque

133 1086 222 1141 danos
238 1096 325 1153 usque
340 1078 376 1134 ad
389 1075 565 1132 deditionem
577 1069 738 1126 coarctavit.
997 1062 1128 1116 consultu
1141 1060 1301 1133 sapientum
1317 1059 1474 1132 Ρΐθὸβθῐὶῑ·

168 1176 334 1234 Gnillelmas
358 1169 437 1226 Alani
462 1168 545 1236 lilius,
571 1164 719 1235 municeps
744 1163 773 1217 et
793 1161 949 1216 vicecomes
1034 1155 1145 1210 lateres
1167 1153 1322 1209 Normanni
1342 1152 1372 1207 in
1392 1153 1491 1207 matris
1508 1167 1568 1207 suae
1585 1151 1702 1223 gremio
1713 1149 1804 1207 debac-

132 1266 352 1335 serohesburiae,
377 1263 425 1336 qui
452 1261 578 1316 habebat
603 1259 632 1314 in
661 1255 794 1327 conjugio
821 1260 948 1324 neptem,
999 1247 1157 1303 chabantur
1171 1249 1200 1302 et
1214 1247 1311 1317 plnres
1325 1246 1460 1325 nequitias
1470 1245 1578 1316 passim
1592 1244 1805 1318 peragebantur.

132 1364 270 1428 Radberti
285 1359 396 1417 comitis
408 1354 599 1421 Gloucestrive,
621 1352 715 1406 lavere
736 1350 776 1404 illi
798 1348 896 1403 volens
920 1346 949 1400 in
999 1340 1125 1412 Septimo
1139 1340 1183 1395 die
1197 1339 1370 1411 Septembris
1392 1339 1529 1412 Rogemus
1545 1339 1683 1395 Toeaites
1694 1339 1809 1395 militum

133 1475 234 1532 regem
248 1452 404 1519 rebellavit,
421 1446 624 1520 etpracdictam
639 1443 738 1499 urbem
753 1447 851 1497 contra
870 1440 950 1496 illum
999 1434 1141 1506 insignem
1155 1450 1272 1489 manum
1284 1433 1462 1505 aggregavit,
1479 1433 1611 1505 etplures
1627 1432 1752 1506 injurias
1763 1433 1811 1489 sibi

132 1555 193 1612 feru
219 1567 278 1607 urio
306 1562 402 1602 mense
430 1542 533 1599 teutrit.
554 1539 679 1594 'landem
705 1552 803 1592 meuse
825 1539 950 1607 Augusto
1001 1528 1067 1583 olim
1084 1527 1169 1583 lactas
1186 1527 1327 1582 vindicare
1341 1531 1485 1598 satagens,
1501 1526 1651 1583 Britolium
1668 1542 1811 1599 expugna·

134 1648 212 1720 regia
225 1645 328 1700 virtute
342 1641 429 1694 victus
439 1635 560 1707 aufugit,
578 1639 606 1689 et
620 1649 670 1687 rex
684 1631 750 1686 lorti
769 1629 875 1684 assultu
891 1643 952 1681 mu·
1000 1627 1050 1681 vit.
1066 1626 1204 1682 Comitem
1219 1625 1324 1697 quippe
1344 1625 1557 1681 llanaueensem
1570 1624 1760 1698 (balduinum
1773 1627 1813 1693 ll)

134 1742 274 1799 ultionem
299 1734 420 1805 subegit.
446 1729 581 1785 arnallus
603 1728 638 1782 de
670 1724 812 1792 llesdingo
839 1720 949 1793 praelati
961 1724 987 1795 Β
999 1736 1063 1776 cum
1076 1736 1157 1786 cxxx,
1173 1723 1202 1774 et
1215 1720 1328 1774 Petrum
1344 1718 1379 1773 de
1392 1718 1492 1774 Manlia
1506 1734 1573 1774 cum
1602 1735 1640 1788 11,
1667 1718 1815 1775 Simonem

132 1834 246 1908 Juvenis
267 1829 431 1896 avunculus,
447 1824 593 1881 bellicosus
615 1820 697 1876 miles
719 1834 751 1873 ac
771 1814 948 1882 temerarius,
1000 1829 1114 1886 qnoque
1137 1812 1243 1868 llrrlum
1261 1828 1326 1867 cum
1346 1828 1381 1869 xx
1400 1812 1539 1867 militibus
1559 1828 1659 1868 secum
1686 1812 1815 1881 babebat,

136 1927 279 1985 multoties
292 1941 309 1979 a
325 1938 395 1994 rege
426 1920 550 1976 oblatam
572 1931 670 1988 pacem
693 1911 816 1985 superbe
831 1908 949 1981 respuit,
999 1907 1179 1978 validamque
1192 1911 1317 1961 turmam
1326 1922 1415 1978 quam
1429 1907 1491 1978 lpse
1501 1905 1537 1962 de
1551 1906 1630 1962 omni
1641 1905 1756 1963 ditione
1769 1923 1817 1962 sua

135 2012 513 2093 insuperetinjuriosaregi
531 2002 949 2079 verbajacularipracsumpsit,
1001 2006 1190 2056 contraxerat.
1224 2000 1349 2071 Denique
1379 1999 1504 2055 fervidus
1539 1999 1682 2071 Rogerius
1714 2000 1818 2073 insigni

136 2113 246 2172 etalios
259 2111 308 2183 qni
330 2124 388 2164 sese
402 2107 504 2162 dedere
518 2103 651 2158 volebant
670 2101 699 2154 in
715 2097 871 2153 rebellione
887 2110 949 2166 per·
1001 2098 1097 2150 torma
1111 2094 1238 2165 stipatus,
1254 2094 1393 2166 oppidum
1414 2110 1448 2149 ex
1471 2093 1626 2166 improviso
1643 2094 1775 2166 expetiit,
1792 2100 1820 2150 et

135 2209 268 2265 tinaciter
280 2200 515 2276 perstarecoegit.
527 2196 665 2268 lienique,
676 2196 760 2263 capta
780 2189 950 2255 munitione,
1002 2187 1107 2259 injecto
1124 2189 1201 2259 igne,
1216 2188 1318 2258 ingens
1338 2188 1475 2243 damnum
1497 2188 1650 2260 imparatis
1668 2188 1820 2261 oppidanis

137 2318 202 2358 cum
214 2298 308 2355 multis
327 2296 389 2351 aliis
404 2295 463 2366 ipse
477 2290 701 2362 comprehensus
715 2292 766 2353 est,
782 2292 810 2340 et
830 2282 950 2356 principi
1002 2282 1130 2353 ingessit.
1149 2281 1340 2337 'frituratores
1355 2281 1434 2336 enim
1447 2298 1500 2354 per
1513 2282 1621 2353 plateas
1639 2298 1751 2338 messes
1773 2300 1822 2338 cve-

138 2412 224 2469 quem
243 2393 451 2462 contempserat
475 2386 584 2441 oblatus
597 2388 647 2438 est.
668 2383 725 2437 Rex
746 2382 854 2447 antem,
887 2376 952 2448 quia
1002 2374 1117 2443 debant,
1141 2380 1170 2430 et
1194 2375 1324 2446 ingentes
1343 2374 1434 2431 acervi
1460 2374 1605 2430 straminis
1625 2378 1656 2431 et
1676 2376 1778 2448 palem
1792 2379 1822 2432 ut

136 2506 188 2562 pro
201 2483 418 2543 mansuetudine
432 2497 483 2535 sua
498 2475 719 2548 contemptibilis
734 2470 953 2529 contumacibus
1002 2472 1163 2524 dictamnus
1181 2468 1278 2540 erigit,
1308 2469 1428 2540 sparsim
1454 2472 1520 2524 ante
1547 2471 1652 2525 domos
1674 2469 1821 2541 jacebant,

141 2582 304 2648 videbatur,
321 2578 446 2647 ideoque
461 2573 544 2628 multi
556 2570 695 2626 nobilium
716 2569 751 2624 ud
770 2566 879 2623 curiam
892 2564 954 2634 ejus
1002 2562 1079 2618 undo
1099 2567 1212 2633 gratum
1233 2563 1421 2618 sibillamme
1437 2563 1600 2618 lornantam
1624 2563 1711 2619 facile
1733 2564 1824 2636 rapie-

139 2675 218 2731 asciti
233 2672 331 2728 venire
350 2668 590 2740 dedignabantur,
603 2663 694 2719 iratus
704 2661 854 2719 Aracillum
869 2658 952 2713 alios·
1003 2655 1082 2711 bant.
1097 2656 1144 2711 Sic
1160 2656 1298 2711 ninurum
1310 2657 1446 2727 opulenta
1460 2656 1526 2711 villa
1538 2656 1568 2711 in
1581 2662 1691 2729 puncto
1703 2672 1821 2713 concre-

139 2769 345 2851 quefereprcur
366 2764 402 2818 de
422 2761 526 2833 hisqui
543 2755 808 2827 obstiterant,jussit
826 2752 954 2825 patibulo
1005 2753 1082 2805 mata
1108 2755 1159 2805 est.
1188 2751 1310 2806 Ecclesia
1334 2750 1419 2805 etiam
1447 2751 1477 2806 B.
1505 2749 1617 2822 Sulpitii
1643 2751 1773 2823 episcopi
1797 2755 1825 2806 et

140 2859 285 2934 stupendi,
319 2858 436 2928 aliisque
468 2853 622 2926 generibus
650 2849 750 2906 mortis
788 2847 956 2903 festinanter
1005 2844 1183 2914 confessoris,
1199 2861 1265 2899 cum
1283 2844 1380 2900 moltis
1394 2843 1497 2916 opibus
1512 2844 1704 2916 burgensium
1729 2848 1761 2901 et
1779 2845 1826 2901 ho

139 2955 247 3029 puniri.
257 2951 391 3008 arnulfus
401 2949 505 3021 quippe
517 2963 578 3002 sero
586 2946 736 3017 poeuitens,
746 2942 851 3012 aliique
861 2941 955 3013 plnres
1005 2938 1130 2993 minibus
1141 2939 1188 3010 qui
1204 2939 1281 2992 intus
1294 2943 1386 3009 eraut,
1402 2938 1475 3010 proh
1488 2938 1568 2993 dolor
1580 2937 1587 2991 l
1604 2939 1757 2995 combusta
1770 2945 1820 2995 est.

140 3049 201 3120 regi
218 3063 269 3119 pro
290 3062 320 3101 se
342 3043 584 3115 supplicaverunt,
610 3038 785 3107 multamque
805 3034 956 3107 pecuniam
1005 3031 1155 3086 Castellani
1177 3038 1275 3086 autem
1301 3032 1403 3086 milites
1419 3037 1451 3087 ut
1471 3047 1500 3086 se
1519 3036 1683 3103 preventus
1701 3032 1739 3088 ab
1760 3032 1825 3089 hos·

141 3159 194 3215 pro
209 3139 403 3210 redemptione
417 3136 460 3190 sui
480 3133 683 3205 promiserunt
705 3130 759 3185 Sed
778 3145 846 3201 rege
870 3099 1083 3182 ultio-Cusus
1118 3125 1260 3192 viderunt,
1294 3126 1336 3180 ad
1369 3124 1560 3181 munitionem
1594 3142 1661 3182 cnm
1692 3126 1827 3199 plurimis

141 3252 210 3292 nem
227 3233 322 3289 multis
335 3231 397 3286 auri
421 3226 592 3302 ponderibus
614 3228 804 3297 proponente,
829 3221 958 3294 protinus
1008 3218 1149 3290 fagientes
1162 3218 1343 3274 inimicorum
1364 3218 1458 3291 gladio
1471 3219 1602 3292 subrepti
1616 3225 1694 3277 sunt.
1718 3220 1828 3277 Eodem

140 3327 276 3386 trucidati
307 3330 382 3380 sunt.
405 3322 520 3393 turgidi
547 3323 645 3375 antem
668 3317 822 3389 complices
847 3331 957 3382 coriam,
1009 3328 1087 3368 anno
1103 3313 1254 3368 concordio
1270 3314 1829 3388 interltogcrtumetcomites(82lfratrss

141 3425 222 3480 tanta
243 3418 389 3475 severitate
412 3417 490 3488 regis
518 3414 633 3480 audita,
665 3411 749 3466 nimis
773 3410 862 3465 territi
883 3413 958 3479 sunt,
1009 3408 1083 3462 facta
1106 3411 1166 3477 est;
1186 3423 1203 3462 a
1226 3408 1327 3480 quibus
1355 3407 1442 3464 etiam
1466 3408 1502 3463 ad
1525 3408 1708 3481 Stephanum
1732 3426 1830 3484 regem

142 3514 317 3585 tremulique
344 3511 373 3566 in
399 3510 495 3567 triduo
516 3509 551 3564 ad
579 3523 677 3578 regem
703 3508 898 3572 accurrerunt,
932 3507 962 3559 et
1011 3501 1040 3557 in
1052 3501 1185 3573 angliam
1201 3502 1348 3572 adductus,
1363 3504 1446 3575 eique
1460 3502 1617 3559 honorilice
1629 3486 1831 3563 reconciliatus

142 3611 236 3666 varias
252 3606 449 3664 excusationes
464 3603 538 3676 quod
564 3601 663 3658 tandiu
688 3598 862 3655 tardaverint
882 3614 960 3653 com-
1012 3598 1065 3651 est.

147 3702 267 3759 meolati
287 3699 500 3771 sunt3quidam
523 3696 609 3752 etiam
632 3693 824 3750 munitionum
846 3708 961 3747 suarum
1048 3688 1187 3744 Kalendas
1199 3688 1337 3759 Octobris,
1359 3690 1500 3747 toffredus
1520 3690 1831 3764 andegavensisl'ale·

145 3797 237 3853 claves
249 3794 424 3860 detulerunt,
435 3789 638 3860 servitiumque
649 3803 732 3842 soum
744 3786 805 3859 regi
821 3786 963 3857 supplices
1012 3782 1083 3838 siant
1105 3783 1226 3852 obsedit,
1249 3784 1349 3856 ibique
1364 3801 1429 3840 xvrn
1453 3784 1554 3841 diebus
1581 3785 1688 3842 frustm
1709 3787 1833 3845 multum

149 3892 323 3956 obtulerunt,
349 3893 376 3942 et
397 3882 569 3956 compressis
594 3881 803 3954 aliquantulum
824 3878 964 3935 seditiosis
1013 3877 1148 3934 laboravit
1165 3881 1194 3933 ct
1221 3878 1414 3935 nonodecimo
1437 3879 1485 3935 die
1516 3878 1588 3935 nihil
1615 3879 1744 3936 lucratus
1769 3882 1833 3939 inde

148 3983 347 4049 desertoribus,
361 3983 503 4035 amatores
514 3975 590 4048 pacis
600 3975 688 4030 laetati
701 3979 776 4030 sunt.
1015 3971 1139 4027 recessit.
1156 3971 1311 4027 lticlcardns
1325 3973 1360 4028 de
1375 3973 1479 4029 Luccio
1499 3973 1631 4046 princeps
1655 3974 1785 4031 militum
1805 3977 1834 4031 in

149 4089 194 4144 lx.
208 4089 269 4142 Puc
282 4083 509 4152 interstetisset
534 4079 630 4139 Scotia
650 4094 733 4145 repes.
757 4078 832 4132 delle
848 4079 878 4131 iu
895 4078 964 4134 Nov-
1016 4066 1119 4137 ⁰l³llido
1142 4065 1206 4134 sust,
1221 4069 1250 4120 θῑ
1262 4083 1327 4122 0¹¹¹ss
1343 4067 1492 4140 ΟΡΡῙάἔῑῦἰ8
1505 4067 1701 4125 fflflflfflfflfflffl
1715 4070 1835 4126 Visffifflf

206 4240 213 4253 ι
245 4167 368 4220 omnnio.
387 4162 607 4232 Depraedetionss
618 4159 862 4227 Avtdcqaucustum.
1017 4160 1172 4215 defensavit
1182 4177 1190 4229 ;
1211 4161 1375 4232 apertisque
1392 4162 1500 4232 januis,
1518 4161 1637 4218 audacia
1654 4163 1835 4220 obsessorum

188 4262 293 4318 Eadem
307 4261 477 4333 septimana,
496 4258 640 4330 Stephano
657 4257 717 4327 regi
739 4256 839 4311 similis
854 4255 968 4309 lectuna
1017 4254 1179 4309 obsidentes
1196 4254 1325 4325 quotidie
1353 4255 1569 4311 subsannabat:
1593 4260 1622 4312 et
1643 4257 1713 4331 quia
1738 4258 1836 4314 inclusi

151 4356 181 4412 in
196 4357 249 4411 alia
264 4357 343 4428 regni
360 4359 440 4426 parte
456 4352 583 4408 blandita
605 4356 658 4407 est.
678 4351 748 4405 Nam
769 4366 866 4404 comes
882 4348 966 4403 athe·
1018 4348 1146 4403 ciborum
1159 4352 1187 4403 et
1200 4364 1348 4404 armornm
1365 4349 1540 4405 abundantia
1552 4351 1715 4423 tumebant,
1738 4354 1775 4409 ad
1792 4369 1836 4409 as·

152 4451 252 4507 marlae
266 4446 631 4521 etllogcriusdeblolbraio
644 4450 744 4501 contra
758 4460 856 4516 regem
869 4442 1008 4541 ScotiteD
1019 4442 1125 4497 sultam
1146 4459 1212 4497 cum
1240 4442 1364 4498 ludibrio
1388 4445 1592 4515 provocabant.
1617 4446 1718 4502 llostes
1738 4453 1836 4503 antem

152 4547 362 4618 pugnaverunt,
379 4545 409 4597 et
434 4541 583 4596 interfecta
608 4538 791 4594 multitudine
805 4538 968 4604 Scotorum,
1021 4536 1049 4591 in
1075 4537 1224 4593 circumita
1250 4538 1427 4610 provinciam
1450 4538 1685 4610 devastaverunt,
1707 4542 1839 4598 ecclesias

154 4653 251 4710 regem
276 4638 446 4709 fugaverunt
469 4635 524 4707 (81)
553 4651 559 4688 :
582 4633 747 4704 caedemque
768 4632 969 4698 truculentam,
1021 4630 1209 4687 irreverenter
1228 4631 1404 4704 irruperunt,
1418 4636 1446 4687 et
1468 4632 1585 4689 sacratis
1603 4632 1732 4691 vestibus
1755 4643 1840 4709 atque

153 4748 237 4805 quarn
265 4732 307 4786 illi
330 4747 415 4803 super
441 4729 548 4800 duglas
573 4728 681 4799 absque
705 4726 785 4781 omni
812 4726 972 4781 reverentia
1021 4725 1093 4779 vasis
1106 4724 1212 4797 absque
1226 4726 1329 4781 timore
1352 4727 1401 4781 Dei
1426 4727 1538 4795 ablatis,
1560 4744 1636 4783 sacra
1658 4729 1726 4785 loca
1745 4736 1839 4786 coam·

58 4879 61 4884 .
153 4825 322 4884 Christianae
336 4822 482 4894 religionis
502 4820 680 4892 jampridem
699 4824 896 4887 exercuerant,
919 4818 974 4874 ulti
1023 4818 1213 4887 minaverunt,
1243 4821 1370 4893 nullique
1398 4827 1563 4893 parcentes,
1594 4822 1673 4895 vulgi
1698 4825 1792 4895 spolia
1814 4829 1842 4879 et

155 4926 230 4975 sunt.
244 4919 318 4975 Scoli
333 4933 438 4988 nempe
455 4916 597 4971 minacem
612 4915 740 4986 gladium
758 4919 923 4969 metuentes
936 4912 972 4967 ad
1024 4929 1147 4985 quaeque
1175 4917 1308 4985 poterant
1332 4915 1523 4987 diripuerunt.
1548 4915 1692 4987 Tandem,
1716 4921 1841 4975 terrente

155 5013 417 5085 aquarnlugerunl,
432 5013 460 5066 et
482 5010 583 5081 ingens
597 5008 707 5064 llumen
733 5010 850 5064 nomine
870 5007 973 5062 Zadam
1024 5009 1092 5078 Deo,
1110 5015 1193 5063 noctu
1220 5009 1366 5080 fugerunt,
1383 5014 1412 5064 et
1432 5010 1555 5066 tentoria
1576 5027 1643 5066 cam
1668 5014 1795 5069 vestibus
1815 5018 1842 5069 et

155 5107 217 5162 sine
232 5107 303 5161 vado
324 5107 479 5173 irruerunt,
494 5110 672 5175 mortemque
682 5103 827 5174 fugientes
847 5120 864 5157 a
881 5106 973 5158 morte
1025 5103 1123 5170 armis,
1145 5109 1230 5175 atque
1250 5103 1353 5159 rhedas
1370 5121 1444 5175 pane
1462 5112 1490 5160 et
1513 5104 1579 5160 vino
1598 5105 1723 5179 aliisque
1745 5124 1840 5163 neces·

156 5200 503 5271 protinusabsorptisunt.
516 5197 860 5253 l‘ostdiutinamduorum
872 5212 975 5267 regum
1025 5196 1106 5252 sariis
1127 5198 1213 5252 rebus
1234 5204 1347 5253 antistas
1367 5199 1510 5271 fugientes
1528 5199 1721 5271 reliquerunt,
1742 5202 1842 5275 quibus

158 5309 304 5364 guerram,
316 5296 345 5347 et
358 5292 493 5346 atrociter
506 5291 541 5346 ab
554 5292 682 5364 utrisque
698 5291 733 5347 ad
755 5292 910 5347 maltorum
925 5291 973 5345 de·
1027 5291 1188 5364 gaudentes
1206 5292 1341 5363 oppidani
1355 5291 1513 5349 admodum
1534 5292 1616 5349 ditati
1636 5302 1718 5353 suat.
1739 5296 1843 5353 Verum

158 5387 328 5442 trimcutum
342 5385 536 5453 exercitatam,
548 5386 635 5457 legati
654 5386 730 5459 pacis
744 5385 877 5441 divinitus
891 5383 977 5441 exciti
1025 5392 1089 5457 post
1114 5385 1214 5442 decem
1240 5386 1302 5442 dies
1324 5386 1428 5443 iterum
1450 5388 1673 5460 andegavorum
1694 5404 1793 5447 comes
1809 5404 1844 5445 cx

158 5484 236 5550 sunt,
250 5483 280 5535 et
293 5480 367 5537 inter
380 5479 479 5535 ambos
493 5495 586 5551 reges,
611 5479 660 5551 qui
680 5480 793 5536 damnis
806 5485 833 5536 et
852 5479 977 5535 cedibus
1026 5480 1173 5554 insperato
1193 5482 1341 5553 remeavit,
1358 5485 1386 5539 et
1406 5483 1482 5539 circa
1503 5481 1643 5540 Falesiam
1661 5500 1730 5541 oum
1749 5482 1844 5543 mullis

178 5618 233 5680 (sl)
251 5616 318 5671 Hoc
336 5622 380 5671 est
399 5616 531 5684 praelium
557 5617 706 5673 Standardl
732 5618 807 5686 apud
829 5621 979 5687 scriptores
1057 5622 1108 5686 (θ’.)
1119 5620 1272 5685 Gemellos,
1283 5622 1494 5676 Gnalerannnm
1507 5624 1616 5677 scillcet
1628 5624 1763 5679 comtum
1778 5622 1845 5679 asel·

131 5686 247 5753 anglos
259 5689 535 5745 nominatissimam.
1032 5693 1197 5748 teatensem
1205 5699 1235 5747 et
1242 5694 1402 5747 Rabertnm
1409 5696 1738 5761 comitantiam
1750 5702 1781 5753 st
1788 5696 1846 5753 Bri·

654 5768 742 5836 (Dan
759 5769 927 5837 nouom.)
1042 5767 1117 5821 toul.
1547 5762 1806 5851 mensumn
1841 5756 1845 5764 '
