3750 6046
138 218 190 283 875

139 349 238 405 baldus
252 364 348 405 coines
361 348 541 405 homoinem
559 353 620 418 est;
641 350 689 405 sed
709 349 845 405 instinctu
860 366 949 405 avan·

140 444 253 499 culisui
269 447 426 499 contremo
448 446 578 516 rrerpriter
598 450 708 499 erectus
726 450 778 499 est.
795 445 862 514 Ejus
877 444 953 499 enim

141 538 246 592 divitiis
258 544 286 593 rt
301 540 428 609 potentia
453 539 579 605 intlatos,
593 539 622 593 in
636 555 681 593 me
700 538 857 605 rebellavit,
871 544 900 593 et
912 538 953 593 in-

139 632 213 685 lidus
223 632 292 687 nvilvi
302 638 426 687 atrocem
437 648 570 703 guerram
581 632 658 701 lecit,
666 648 846 705 regnumque
857 648 954 686 meum

141 726 178 780 ad
198 726 371 781 detrimenta
392 726 549 781 audtorum
572 725 760 781 conturbavit.
785 725 953 795 Legitimum

140 819 309 891 bonumque
324 820 424 887 virum,
441 817 623 875 Guillelmum
646 820 780 874 corrritem
801 819 953 873 Niverueu·

143 930 211 978 sem,
235 930 321 984 quem
344 912 416 968 bene
437 914 534 980 nostis,
554 915 731 968 remeantem
751 912 786 966 de
806 912 954 966 obsidione

144 1007 249 1062 castelli
273 1006 419 1077 cujusdam
447 1006 685 1061 excommunicati
711 1006 791 1071 luris,
814 1006 862 1061 irbi
888 1022 955 1060 vere

142 1100 276 1171 spelunea
291 1100 433 1153 latronum
444 1104 472 1154 et
485 1099 558 1154 iussa
569 1098 673 1154 diaboli
684 1104 755 1165 erat,
766 1099 956 1169 comprehen-

144 1192 197 1258 dit,
212 1196 241 1247 et
255 1192 386 1264 usquein
409 1192 577 1247 laodiernum
592 1193 668 1246 diem
686 1192 791 1247 carceri
813 1192 955 1263 ariaricipa·

143 1286 194 1340 vit.
209 1285 342 1355 ltcligiosi
357 1286 636 1356 prresrrtesTbornam
649 1285 685 1339 de
694 1286 776 1340 llarbr
789 1284 953 1339 seditiosum

145 1379 310 1449 predonem
326 1378 410 1433 totius
429 1378 582 1449 provincie
598 1378 699 1433 merito
719 1377 858 1432 adversati
877 1382 953 1443 suut,

142 1472 262 1543 ideoque
276 1472 345 1527 mihi
361 1472 525 1542 generalem
538 1471 683 1526 inimicum
700 1472 915 1542 peregrinarum
927 1478 956 1525 ut

144 1566 273 1620 onnrium
290 1565 461 1636 sixuplicium
485 1565 613 1619 rlesiderc
637 1568 844 1636 praeceperunt,
859 1570 887 1618 et
902 1563 955 1634 ipsi

147 1675 271 1725 varocum,
283 1658 465 1729 legitimique
477 1659 598 1713 barones
609 1658 704 1712 tiallire
716 1658 752 1712 ad
765 1658 956 1729 comprimen-

831 217 991 287 ohttaruct
1012 228 1141 284 l’l'thlS

1771 224 1817 287 did

1003 349 1223 417 exhereditavit,
1233 352 1264 405 ut
1277 348 1491 405 strenuissimus
1500 348 1597 419 miles,
1608 350 1704 405 armis
1715 350 1817 423 pollens

1005 448 1033 497 et
1044 444 1151 509 arxxicis,
1166 444 1293 498 debitum
1305 444 1446 499 honorem
1460 444 1654 517 recuperavit.
1670 446 1730 499 llcx
1741 444 1819 517 siqui-

1005 537 1068 591 dem
1083 554 1146 592 curu
1164 538 1291 608 pluribus
1309 537 1427 593 catervis
1438 554 1556 593 ariorum
1579 538 1689 593 urbam
1708 538 1817 607 obsedit,

1006 630 1184 701 imperioque
1207 636 1256 685 tuo
1278 629 1374 701 ignem
1397 629 1504 701 injecit,
1523 633 1554 685 et
1572 629 1711 685 basilicas
1730 647 1819 687 omum

1005 740 1070 777 cum
1100 723 1210 777 restibus
1234 724 1433 778 concremavit.
1460 724 1520 779 Tuli
1546 727 1693 795 tantoque
1723 724 1819 780 damno

1005 822 1119 887 peracto
1143 816 1268 883 recessit,
1293 833 1346 872 nec
1367 816 1460 871 adhuc
1484 832 1580 873 errem
1605 832 1659 871 seu
1687 818 1819 875 civitatem

1006 910 1141 965 obtinuit.
1153 910 1250 965 Videat
1262 917 1290 965 et
1300 910 1407 981 judicet
1421 910 1480 965 lirae
1495 909 1753 981 sanctasynodus:
1765 912 1820 983 quis

1006 1004 1099 1074 magis
1115 1020 1166 1074 pro
1188 1004 1341 1057 combustis
1363 1003 1485 1059 ecclesiis
1503 1004 1752 1059 condemnandus
1772 1008 1819 1075 cst,

1004 1096 1132 1151 dudirms
1147 1114 1183 1151 arr
1197 1097 1372 1153 rtrrrulricus‘t
1389 1118 1403 1147 x

1040 1190 1154 1244 luanus
1173 1190 1269 1261 itaque
1288 1196 1385 1245 contra
1407 1192 1587 1246 Norrnauuos
1610 1190 1820 1247 adminiculae·

1005 1284 1080 1337 tibus
1108 1283 1262 1350 Arnalrieu,
1290 1284 1407 1353 grandis
1432 1284 1471 1339 ibi
1498 1284 1575 1339 lacta
1599 1288 1647 1339 est
1674 1284 1820 1342 verberum

1004 1376 1160 1431 altercatio.
1181 1376 1307 1431 Tandem
1322 1377 1395 1431 lacto
1408 1376 1532 1443 silentio,
1548 1394 1626 1449 papa
1640 1378 1754 1433 locutus
1765 1383 1819 1435 cst:

1006 1490 1020 1521 n
1040 1471 1141 1535 Nolite,
1157 1486 1265 1540 clauso,
1281 1470 1438 1524 charissimi
1453 1470 1520 1538 mci,
1534 1470 1754 1543 multiplicitate
1768 1488 1821 1527 rer·

1003 1562 1105 1617 borum
1133 1564 1269 1617 inutiliter
1294 1564 1476 1631 contendere,
1501 1563 1550 1619 sed
1578 1580 1697 1635 pacem,
1722 1567 1754 1619 ut
1774 1564 1821 1621 tilii

1006 1660 1066 1725 oei,
1091 1660 1156 1714 totis
1180 1660 1288 1715 nisibus
1312 1660 1458 1733 inquirite.
1483 1661 1570 1716 lilios
1596 1660 1681 1717 enim
1704 1662 1754 1717 oei
1776 1678 1821 1733 pro

145 1752 196 1807 dos
215 1752 329 1822 exleges
353 1756 556 1818 conmanunt,
570 1756 598 1805 ct
613 1767 677 1805 curn
699 1752 843 1805 communi
857 1751 1072 1831 colice-Bpace
1095 1754 1129 1807 de
1154 1754 1222 1808 culo
1245 1753 1402 1819 deseendit,
1420 1758 1449 1809 et
1470 1754 1633 1809 humanum
1660 1770 1768 1827 corpus
1789 1772 1820 1811 ex

144 1844 220 1899 tione
243 1844 394 1899 tlln·istiaai
411 1846 551 1899 exercitus
569 1860 619 1916 pro
632 1845 692 1900 zelo
704 1845 751 1899 [lei
765 1848 953 1899 certaverunt.

145 1938 214 1993 lude
229 1938 361 2009 prelatus
374 1938 533 1993 lveroscurn
559 1954 621 1992 nrea
642 1938 754 1993 licentia
774 1938 887 2009 paciticu
911 1954 954 1991 re-

146 2032 281 2101 grediens
304 2034 404 2102 captus
426 2038 479 2098 est,
493 2035 521 2085 et
543 2048 559 2085 a
581 2031 724 2086 'tedbaldo
744 2033 846 2087 consite.
867 2048 955 2102 usque

146 2125 232 2180 bodie
254 2130 381 2180 retentus
399 2132 449 2192 est,
467 2125 532 2179 liret
550 2142 615 2179 earn
636 2125 787 2179 rnnltitudn
806 2141 955 2196 pracerum

144 2236 177 2275 ex
193 2226 270 2291 parte
284 2236 347 2272 nivea
367 2236 441 2289 supe
463 2236 514 2289 pro
535 2220 702 2273 liberatione
717 2218 830 2273 cernitis
849 2220 954 2289 suppti-

144 2314 213 2367 citer
239 2312 410 2384 requisierit,
435 2315 464 2367 ct
490 2317 547 2367 tota
576 2316 654 2367 terra
678 2314 738 2385 ejus
761 2314 796 2368 ab
818 2311 957 2384 episcopis

145 2406 386 2461 anathematizata
399 2406 444 2460 sit.
461 2428 475 2455 a

180 2504 307 2572 (luraque
323 2517 369 2555 rex
390 2500 450 2555 baec
464 2506 493 2555 et
507 2500 550 2554 bis
565 2500 670 2555 similia
684 2500 808 2569 dixisset,
824 2506 853 2556 et
871 2501 956 2556 Galli·

144 2610 215 2648 eana
242 2594 341 2649 concio
371 2610 496 2648 veracem
527 2593 588 2663 ejus
614 2593 771 2648 rvr-vrtionem
796 2594 955 2665 allegasset,

145 2687 328 2755 Goisircdus,
354 2688 594 2758 Rotbomagensis
618 2686 864 2759 archiepiscopus,
892 2705 956 2742 cum

146 2781 333 2851 sutl'raganeis
347 2781 484 2852 episcopis
498 2785 525 2834 et
542 2780 702 2843 abbatibus,
717 2781 847 2848 surrexit,
862 2786 890 2835 et
905 2797 956 2852 pro

146 2891 215 2939 rege
243 2874 399 2944 auglorum
432 2873 638 2927 rationabiliter·
665 2873 837 2944 respondere
862 2874 955 2946 empsit.

147 2970 273 3030 Verum,
301 2972 362 3021 orto
389 2968 512 3020 tumultu
540 2966 735 3022 dissidentium
761 2968 955 3039 interceptus,

146 3061 294 3125 conticuit,
311 3062 379 3131 quia
394 3060 449 3115 illic
465 3061 545 3114 rurxlti
561 3060 680 3115 aderunt
692 3061 883 3130 inimicorum,
897 3063 957 3133 qni·

146 3154 199 3209 trus
213 3155 353 3208 exornatio
367 3171 417 3224 pro
433 3153 582 3208 victorioso
595 3154 721 3225 principe
733 3154 884 3225 displicuit.
968 3124 1104 3207 Crixoxar
1119 3170 1152 3207 ac
1174 3153 1310 3219 dissolvit,
1327 3161 1356 3207 ct
1372 3169 1426 3225 per
1443 3154 1563 3225 abrupta
1578 3152 1718 3211 vitiorum
1739 3156 1827 3212 letha·

183 3250 293 3303 lnterea
314 3247 501 3317 llitdegardis,
525 3248 661 3301 comitissa
686 3248 872 3314 l’ietavorurn,
892 3264 957 3304 cum

145 3342 203 3395 stris
229 3341 390 3412 pedisequis
418 3342 562 3412 processit,
590 3348 617 3394 et
644 3342 702 3395 atta
729 3342 863 3413 claraque
891 3359 958 3397 voce

145 3435 958 3508 qrrcrirnoniarnsuaruolorprcnterenodavit,qrvnruoruue

144 3530 294 3585 correiliruu
313 3529 465 3599 diligenter
480 3530 663 3584 auscultavit.
680 3532 714 3584 Se
729 3530 871 3600 siquidem
887 3529 960 3584 dixit

145 3624 273 3678 nrrxruito
283 3638 401 3677 srrrvessc
414 3623 592 3691 derelictam,
605 3623 717 3695 sibique
728 3623 958 3695 ltalbergiuncrn,

145 3718 320 3773 vicecomitis
340 3717 375 3773 de
392 3718 512 3772 Castalio
531 3718 641 3771 airaldi
665 3717 829 3788 ervrxjugem,
847 3718 875 3772 iu
897 3722 959 3774 toxo

1006 1848 1110 1901 intacta
1130 1847 1243 1917 Virgine
1265 1847 1350 1901 llrrria
1370 1846 1528 1902 elementer
1544 1848 1715 1919 assumpsit,
1732 1856 1766 1905 ut
1780 1849 1820 1904 le·

1005 1942 1111 1995 tlnxlem
1134 1956 1277 2011 guerram,
1293 1957 1345 2011 per
1366 1941 1530 2012 protoplasti
1552 1944 1671 1996 reatum
1693 1958 1821 2013 progres-

1006 2051 1079 2098 sam,
1091 2034 1138 2105 pie
1153 2034 1280 2099 sedaret;
1296 2034 1513 2105 utpaceminter
1523 2034 1613 2089 ileum
1623 2038 1652 2089 et
1667 2035 1822 2103 hominem,

1005 2127 1065 2197 ipse
1090 2131 1235 2197 sequit-ter
1257 2128 1345 2181 taetris
1369 2127 1518 2193 rnitterct;
1549 2132 1582 2181 ut
1607 2128 1773 2201 angelicam
1798 2134 1825 2183 et

1006 2220 1164 2273 lnuuauam
1179 2227 1308 2274 rnxturara
1324 2220 1528 2275 reconciliaret.
1542 2222 1640 2291 lpsum
1653 2222 1684 2276 in
1694 2220 1825 2277 omnibus

1006 2313 1085 2384 sequi
1100 2312 1244 2381 debrians,
1258 2313 1306 2384 qai
1329 2313 1389 2383 ojus
1405 2314 1432 2367 in
1452 2314 1557 2383 populo
1571 2330 1622 2369 suo
1639 2314 1743 2369 vicarii
1759 2330 1824 2387 qua·

1005 2406 1161 2478 lescnrnpre
1177 2424 1283 2462 suaxus.
1300 2408 1397 2462 t‘accm
1413 2414 1442 2461 et
1461 2407 1579 2462 salutem
1603 2408 1747 2464 membris
1767 2408 1827 2480 ejus

1007 2500 1178 2554 onxrrimorlis
1199 2516 1349 2570 procurare
1370 2506 1543 2571 satagamus,
1558 2499 1630 2571 quia
1650 2501 1779 2556 iniuistri
1800 2505 1827 2557 et

1007 2592 1214 2663 dispensatores
1238 2593 1460 2648 ministeriorum
1486 2592 1534 2647 bei
1559 2610 1674 2649 sunms.
1699 2594 1824 2649 ldembra

1007 2686 1112 2757 quippe
1123 2686 1223 2741 vitra-iso
1238 2688 1373 2757 poputum
1389 2685 1724 2760 Clrristiaaumoppallo,
1739 2704 1825 2759 quem

1006 2780 1064 2850 ipse
1094 2780 1240 2851 sauguinis
1266 2780 1307 2833 sui
1333 2780 1454 2835 ruderuit
1478 2780 1580 2849 pretio.
1605 2782 1687 2835 luter
1711 2782 1827 2837 bellicos

1006 2874 1144 2926 tumultus
1167 2874 1194 2927 irx
1220 2873 1431 2943 perturbatione
1456 2872 1565 2943 positus
1590 2874 1741 2937 saeculari,
1766 2876 1828 2947 quis

1007 2966 1093 3035 digne
1106 2970 1198 3038 potest
1210 2966 1369 3037 spiritualia
1383 2965 1580 3037 contemplari,
1596 2968 1641 3021 vel
1659 2968 1689 3021 ia
1702 2969 1769 3039 lege
1783 2966 1828 3023 vni

1008 3066 1200 3130 corripetenter
1214 3060 1367 3114 meditavit
1384 3059 1485 3114 heilica
1503 3060 1605 3115 seditio
1624 3060 1728 3132 plebes
1748 3078 1825 3117 com·

1008 3247 1072 3302 liter
1085 3247 1199 3317 evagari
1218 3249 1304 3317 cogit.
1329 3246 1464 3301 Ecclesiae
1485 3246 1579 3315 violat,
1596 3253 1711 3305 sacrata
1730 3254 1827 3305 conn-

1010 3342 1108 3407 vuiuat,
1139 3347 1167 3394 et
1195 3340 1276 3411 plura
1301 3341 1411 3395 violaria
1437 3342 1628 3395 irreverenter
1657 3348 1822 3415 exaggerat.

1008 3436 1120 3489 tilerrnn
1136 3434 1324 3489 vehementur
1334 3434 1482 3506 inquietat,
1496 3437 1525 3489 et
1538 3451 1555 3489 a
1567 3436 1665 3489 studio
1678 3438 1825 3508 religionis

1010 3530 1138 3601 pluribus
1161 3529 1251 3583 rrvodis
1275 3532 1381 3583 evocat.
1407 3530 1438 3583 lu
1461 3529 1538 3583 cultu
1563 3528 1611 3583 uei
1636 3530 1828 3586 consistentes

1009 3623 1130 3689 territat,
1150 3622 1286 3677 molestiis
1305 3622 1436 3693 nequiter
1456 3622 1625 3689 infestabat
1646 3625 1718 3697 quid
1741 3632 1830 3695 agarvt

1011 3734 1069 3788 praa
1086 3717 1186 3770 timore
1202 3716 1359 3771 nescientes
1375 3720 1503 3772 enervat.
1518 3716 1692 3788 llegutarem
1704 3718 1827 3791 discipli-

146 3812 337 3882 suluogatam.
353 3810 485 3881 Cumrpre
500 3827 574 3881 pam
588 3811 778 3879 interrogaret
792 3814 961 3866 utrunxeun-
1012 3827 1075 3864 arun
1101 3810 1247 3864 cxvrrt'uudit
1270 3826 1301 3864 ac
1326 3810 1457 3881 dissipat,
1485 3817 1514 3863 at
1540 3809 1772 3882 indisciplinatos
1797 3814 1827 3868 ia

147 3906 189 3961 sul
212 3904 380 3960 l’ictavensis
400 3905 562 3958 secvrndum
581 3920 663 3958 surrm
683 3904 806 3959 edictum
826 3905 860 3959 ad
876 3922 960 3976 syno-
1012 3920 1097 3958 omue
1118 3906 1198 3958 violas
1218 3903 1387 3975 precipitat.
1408 3904 1614 3958 Ecclesiasticus
1631 3905 1731 3977 itaque
1752 3907 1829 3977 rigor

146 4002 215 4055 drvm
228 3996 362 4063 venisset,
378 3997 556 4063 Guillelmns,
572 3997 823 4067 eluqurmtissiunrs
837 3998 961 4087 jureais¹
1012 3998 1181 4063 dissolvitur,
1205 3998 1334 4052 lrtlrilera
1350 3998 1497 4052 dissolutio
1521 3998 1624 4069 passim
1646 3999 1827 4073 dillanditur,

145 4092 295 4163 episcopus
308 4090 515 4157 Saneronexxsis,
528 4096 556 4144 et
573 4092 673 4161 ptruvs
696 4090 819 4161 episcopi
835 4100 861 4145 et
874 4092 961 4145 abba·
1012 4098 1039 4146 ct
1060 4092 1193 4145 rastitatis
1210 4092 1299 4161 rrrxrlor
1318 4091 1450 4146 tlebititex
1473 4092 1635 4162 exponitur.
1659 4094 1744 4149 Furia
1762 4110 1828 4149 vcro

146 4185 240 4241 lesda
262 4183 411 4253 rtqrritauia
434 4188 631 4249 sxrrvcxervmt,
647 4187 675 4237 vt
698 4184 832 4239 eumdem
847 4186 961 4256 rtrprita·
1013 4187 1152 4239 vivariorum
1178 4184 1406 4239 alioruinubiliter
1425 4188 1579 4255 grassatur,
1602 4191 1631 4240 ct
1657 4184 1827 4258 iniquorum

144 4294 248 4334 norum
264 4277 365 4332 ducem
378 4280 593 4345 cacrrsarcrunt,
607 4284 807 4333 asseverantes
823 4280 897 4350 quod
911 4280 963 4334 iter
1012 4279 1134 4351 phalanx
1149 4280 1184 4332 ad
1199 4278 1306 4333 interos
1325 4278 1523 4333 miserabiliter
1536 4278 1665 4349 quotidie
1687 4284 1826 4352 raptatur.

143 4373 179 4428 ud
189 4372 338 4428 concilium
354 4371 457 4437 iniexit,
472 4372 521 4425 sed
537 4370 710 4443 egritudine
724 4372 856 4427 detentus
870 4372 963 4428 obiter
1013 4376 1112 4427 Pacem
1127 4372 1223 4443 igitur,
1237 4387 1324 4443 quam
1340 4371 1478 4424 tainorum
1505 4371 1645 4426 rurtriceur
1670 4373 1765 4429 lucide
1787 4375 1828 4430 vi·

143 4466 322 4522 remanserit.
342 4464 469 4536 llerxiqae
492 4482 565 4536 papa
587 4465 760 4520 intirmitatis
776 4482 860 4520 causa
875 4484 959 4521 exeri·
970 4494 1000 4567 D
1013 4467 1122 4532 demus,
1137 4466 1165 4519 iu
1179 4465 1310 4519 omnihus
1325 4465 1430 4536 abique
1443 4465 1586 4519 ferventer
1598 4466 1735 4537 amplecti
1746 4467 1829 4525 debe·

143 4560 283 4616 sationem
303 4560 437 4630 suscepit,
456 4558 585 4613 inducias
609 4559 698 4626 dedit,
712 4567 883 4632 certamque
904 4565 958 4615 ter·
1012 4578 1084 4628 mus,
1100 4560 1294 4616 indesinenter
1308 4575 1429 4621 servare,
1446 4558 1582 4614 omuibus
1597 4560 1756 4631 imperare,
1772 4579 1829 4617 rer·

144 4654 255 4710 minum
269 4654 427 4719 coristituit,
439 4669 497 4725 qrru
510 4654 606 4707 consul
617 4654 650 4707 ad
664 4653 801 4724 placitum
813 4654 840 4709 ia
852 4655 958 4710 curiam

143 4764 224 4821 papae
237 4748 356 4817 veniret,
370 4764 402 4801 nc
421 4752 470 4803 aut
491 4746 648 4817 legitimam
667 4764 789 4802 uxorem
809 4749 959 4820 reciperet,

143 4846 193 4897 aut
215 4860 268 4916 pro
294 4841 389 4896 illicito
416 4841 535 4913 repudio
562 4840 734 4895 senteutiam
762 4842 956 4898 arvathematis

150 4935 268 4993 subiret.

177 5029 285 5085 beirrde
300 5030 437 5085 barlratus
448 5028 586 5095 dadinus,
601 5026 781 5085 Ebroicensis
798 5030 959 5101 episcopus,

143 5124 297 5179 clamorem
320 5124 355 5178 dc
375 5123 516 5181 hvrvalrico
536 5124 642 5190 lecit,a
657 5142 714 5197 rpxo
735 5127 763 5178 et
784 5142 814 5179 se
835 5125 960 5196 turpiter

141 5218 300 5287 expulsum,
314 5221 343 5273 et
359 5218 533 5288 episcopium
557 5218 791 5273 abominabiliter
811 5219 958 5274 incensum

142 5308 329 5366 denuntiarit.
355 5310 487 5366 Protinus
507 5316 620 5366 econtra
644 5312 807 5383 capellanus
827 5312 959 5369 amalrici

139 5403 236 5475 palam
250 5404 450 5477 respondendo
462 5403 601 5459 audacter
610 5405 742 5473 occrrrxit,
754 5410 784 5460 et
794 5406 959 5461 mendacem

1011 4655 1093 4709 biset
1115 4654 1250 4724 exerrxplis
1272 4653 1434 4723 praehens..
1461 4653 1536 4707 llanc
1556 4652 1616 4724 ipse
1635 4654 1777 4724 (iliristus,
1793 4656 1828 4711 ad

1011 4749 1170 4819 pressionem
1191 4764 1352 4817 prunnrans,
1366 4748 1422 4799 suis
1444 4746 1572 4817 reliquit,
1588 4746 1709 4804 dicens:
1731 4752 1828 4806 Pacem

1010 4844 1132 4912 relhrquo
1147 4842 1229 4903 rotas
1242 4858 1334 4911 pacem
1346 4856 1434 4895 ericum
1446 4840 1481 4894 do
1495 4841 1569 4895 uobis
1583 4842 1689 4910 (doura,
1701 4860 1759 4909 xvv,
1771 4848 1825 4913 27).

1011 4937 1088 4990 ltauc
1100 4934 1230 4989 eurardum
1244 4936 1303 5005 ipse
1319 4950 1469 5003 resurgens
1485 4950 1517 4987 ox
1532 4934 1652 4990 martvris
1664 4952 1826 5009 represen-

1010 5030 1089 5097 tavit,
1113 5029 1232 5081 diceus:
1257 5031 1317 5083 Pae
1337 5028 1413 5083 cobis
1433 5028 1523 5093 (bric,
1544 5042 1618 5096 xxxv,
1641 5030 1698 5095 36).
1727 5032 1828 5101 llagaa

1009 5124 1090 5195 qrries
1103 5127 1132 5177 et
1143 5122 1277 5177 securitas
1294 5126 1337 5175 est
1351 5120 1400 5174 ubi
1420 5137 1471 5192 par
1489 5125 1613 5191 reguat;
1634 5122 1717 5177 dolor
1734 5127 1763 5177 et
1776 5124 1826 5179 tri·

1009 5216 1116 5272 bulatie
1139 5220 1204 5271 terit
1227 5232 1326 5269 earnes
1347 5222 1377 5269 et
1400 5214 1508 5269 cruciat
1533 5230 1604 5285 quos
1629 5216 1673 5269 ira
1698 5218 1775 5271 rodit
1794 5233 1828 5273 ac

1011 5309 1152 5366 discordia
1170 5309 1307 5364 stimulat.
1323 5310 1378 5364 eas
1391 5313 1434 5364 ost
1452 5308 1556 5363 blanda
1575 5312 1605 5363 et
1622 5308 1746 5365 salubris
1759 5326 1827 5365 coa-

1010 5404 1150 5459 eateuatio
1170 5402 1406 5467 cohabitantium,
1420 5401 1559 5472 omnique
1579 5404 1720 5457 creaturas
1739 5404 1827 5460 ratio·

135 5494 303 5569 episcopum
329 5497 438 5569 liquide
467 5512 563 5552 coram
589 5498 668 5553 omui
698 5502 773 5555 erato
800 5500 957 5556 vocitavit:
1011 5499 1068 5553 nali
1084 5498 1217 5569 generale
1231 5496 1351 5564 bonum,
1365 5511 1423 5567 qao
1442 5494 1679 5551 indissolubiliter
1693 5496 1761 5553 nexi
1772 5512 1827 5553 cre·

137 5610 152 5641 n
173 5591 234 5646 Noa
250 5590 419 5659 arualricus,
433 5590 536 5661 inquit,
551 5592 601 5646 aad
626 5592 757 5671 nequitia
777 5598 828 5649 tua
847 5596 876 5649 te
897 5608 958 5649 me·
1009 5592 1094 5647 testes
1117 5590 1256 5662 gavrdaut,
1270 5589 1481 5661 terrigenagas
1499 5587 1588 5646 simili
1605 5604 1682 5645 nexu
1701 5590 1828 5663 colligavi

116 5682 310 5757 rilosrpalr't,
323 5690 354 5743 et
363 5684 544 5759 episcopium
558 5686 732 5745 combussit.
747 5690 808 5763 lpse
818 5688 963 5763 prolecto,
1011 5684 1120 5761 iugiter
1143 5683 1300 5755 indigetata
1319 5682 1383 5737 sius
1392 5698 1450 5753 uua
1465 5680 1631 5753 pestilentes
1648 5683 1788 5741 brusatus
1798 5686 1828 5741 a

18 5812 22 5821 .
99 5788 195 5853 quera
215 5794 269 5837 ror
284 5796 347 5859 per
369 5780 599 5842 landrianum
627 5784 854 5863 malignitatem
877 5790 968 5844 tuam
1021 5780 1368 5851 venenatamque
1378 5770 1646 5839 werhamiae
1660 5778 1834 5831 umam.
