3750 6046
57 211 126 268 ttlr
558 206 726 267 EPISTOLAE
746 205 788 264 ET
808 208 1010 266 Putvuuett.
1030 238 1063 250 -
1082 210 1139 265 AN.
1162 210 1241 264 lllt'i.
1668 208 1738 264 teta

54 333 261 389 successoribus
294 332 429 388 canonice
460 331 680 400 substituendis,
709 333 737 387 in
755 347 869 404 perpe·
881 337 966 417 Atos
986 332 1104 386 inferior
1126 335 1154 386 et
1174 331 1312 402 abjectior
1331 331 1426 386 valeat
1449 330 1525 402 apud
1547 331 1735 402 simpliciores

54 432 147 483 tuum.
920 426 1028 489 baberi,
1045 429 1073 480 et
1083 424 1119 480 ad
1132 425 1323 495 ampliandam
1335 424 1507 497 dignitatem
1518 425 1618 495 ipsius,
1632 425 1739 497 prima·

88 521 257 594 apostolicas
277 521 404 577 ofllcium
426 520 573 591 dignitatis
595 520 710 575 eredita
728 520 820 587 uobis,
842 525 872 576 et
923 524 983 574 tum
1000 519 1025 574 ei
1040 535 1124 590 super
1136 518 1312 574 ladertinum
1331 518 1615 590 archiepiscopatum,
1631 523 1659 573 et
1674 521 1735 591 epi·

54 616 274 687 dispensationis
293 615 422 670 debitum
441 615 548 669 utiliter
567 614 683 685 exsequi
703 614 869 685 comproba·
922 618 1052 684 scopatus
1070 612 1156 683 ipsius
1176 613 1329 683 apostolica
1351 612 1517 667 auctoritate
1535 612 1720 669 concedimus
1727 632 1736 684 ;

54 726 130 777 mur,
146 726 212 764 cum
230 709 362 764 collatam
381 708 535 779 unicuique
556 707 682 762 ecclesias
700 706 868 778 dignitatem
923 708 952 757 et
970 707 1028 756 tam
1049 707 1076 756 te
1092 717 1177 773 quam
1194 717 1367 756 successores
1382 704 1455 766 tuos,
1471 700 1630 756 tudertinos
1642 702 1737 757 archi-

53 803 171 874 prorida
189 802 381 858 sollicitudine
402 799 764 871 custodimus3etsingulis
783 801 869 855 eccle·
924 796 1087 867 episcopos,
1115 800 1141 850 et
1168 795 1308 866 episcopis
1341 795 1421 865 ejus,
1447 795 1496 865 qui
1527 812 1578 866 pro
1609 798 1737 867 tempore

53 897 102 951 siis
121 897 186 968 jura
208 912 259 951 sua
278 896 387 950 illibata
408 894 553 950 studemus
575 900 603 949 et
624 894 737 964 integra
760 909 870 948 eonser·
923 890 1038 956 fuerint,
1066 888 1204 958 dignitate
1232 889 1373 960 primatus
1398 889 1547 960 praesidem
1573 891 1735 959 statuimus,
1766 936 1769 941 .
1842 940 1845 945 .

54 1007 134 1057 vare3
152 989 224 1044 sicut
245 989 333 1044 etiam
352 988 433 1053 nulli,
450 989 522 1042 ultra
541 1004 628 1059 quam
649 992 802 1053 mereatur,
823 985 872 1040 sli-
923 989 950 1038 et
972 982 1190 1038 consecrationis
1210 998 1315 1037 munus
1335 981 1429 1037 eidem
1450 982 1662 1055 archiepiscopo
1684 984 1736 1040 im·

54 1083 124 1154 quid
137 1086 208 1137 esta
223 1083 290 1138 sede
307 1082 462 1153 apostoliea
481 1081 577 1136 farore
592 1081 693 1152 gratiae
710 1080 869 1135 conceden-
922 1077 1021 1150 pertiri
1037 1093 1044 1130 ε
1063 1078 1188 1131 Romano
1206 1076 1321 1147 quidem
1342 1075 1466 1147 pontiflci
1490 1075 1644 1132 traditione
1659 1078 1735 1149 pallii

56 1176 136 1230 dum.
151 1175 262 1240 Quanto
277 1176 372 1246 itaque
387 1175 486 1247 majori
499 1190 528 1229 es
541 1174 725 1245 praerogativa
739 1188 870 1245 supernae
921 1174 1072 1225 reservata.
1099 1169 1255 1225 Statuimus
1278 1170 1365 1224 etiam
1390 1172 1423 1223 nt
1448 1185 1626 1242 quaecunque
1650 1170 1736 1242 bona,

55 1276 185 1340 respectu
205 1269 305 1340 gratias
324 1269 503 1332 sublimatus,
518 1271 598 1322 tanto
616 1267 747 1323 solertius
762 1267 812 1322 tibi
829 1269 871 1321 est
923 1279 1104 1336 quascunque
1129 1262 1336 1334 possessiones,
1367 1278 1432 1333 qum
1463 1264 1564 1318 eadem
1589 1264 1738 1322 Gradensis
1831 1334 1834 1341 Ι

57 1362 276 1423 attendendum,
293 1368 322 1416 ut
335 1363 365 1417 in
379 1361 556 1433 corrigendis
571 1361 701 1428 subditis,
718 1360 782 1432 plus
796 1360 871 1430 apud
924 1357 1042 1412 ecelesia
1057 1357 1134 1428 juste
1154 1359 1185 1411 et
1201 1356 1336 1411 canonice
1353 1356 1486 1427 possidet,
1504 1360 1554 1411 aut
1569 1357 1597 1411 iu
1609 1357 1738 1414 futurum

56 1461 84 1510 te
107 1457 194 1527 possit
212 1457 283 1511 ratio
304 1471 392 1527 quam
410 1457 549 1526 potestas3
566 1457 651 1526 atque
672 1458 700 1509 te
719 1453 787 1508 boui
808 1452 873 1508 dul·
920 1450 1126 1522 justismodis,
1147 1452 1202 1505 fleo
1224 1450 1359 1522 propitio,
1382 1450 1487 1521 poterit
1508 1450 1637 1522 adipisci,
1657 1452 1739 1508 firma

61 1566 135 1618 cem,
157 1550 224 1603 nrali
240 1565 304 1603 vero
319 1550 397 1621 pium
416 1550 539 1604 sentiant
555 1554 742 1603 correctorem
749 1566 757 1617 ;
775 1563 872 1619 perso·
924 1543 976 1597 tibi
998 1544 1109 1615 tuisque
1133 1543 1342 1598 successoribus
1363 1549 1391 1598 et
1414 1543 1520 1599 illibata
1541 1552 1739 1615 permaneant.
1841 1534 1847 1539 ’

60 1659 113 1696 nas
133 1643 244 1713 diligas,
267 1645 297 1698 et
319 1642 513 1713 subjectorum
536 1642 602 1696 vitia
623 1643 817 1713 persequaris;
839 1657 875 1696 ne
926 1639 1010 1692 Porro
1024 1637 1154 1692 ecelesias
1173 1637 1313 1707 religiosis
1328 1635 1466 1708 episcopis
1480 1637 1632 1693 Gradensis
1650 1641 1739 1696 eccle·

60 1738 84 1791 si
99 1753 185 1807 agere
199 1737 282 1791 aliter
295 1737 368 1791 forte
381 1736 512 1797 volueris.
529 1739 657 1790 transeat
677 1735 705 1789 in
723 1734 873 1790 crudelita-
885 1711 915 1784 B
926 1731 973 1786 sire
994 1731 1112 1794 oblatas,
1134 1747 1184 1802 per
1206 1729 1432 1801 patriarchatum
1456 1736 1538 1785 tuum
1561 1732 1741 1804 constitutas,

61 1837 119 1885 tem
134 1830 280 1897 eorrectio,
296 1836 325 1885 et
339 1829 441 1900 perdas
458 1845 530 1902 quos
547 1829 691 1884 desideras
705 1829 874 1895 emendare;
925 1824 977 1880 tibi
999 1824 1110 1896 tuisque
1131 1822 1341 1880 successoribus
1362 1823 1450 1879 libere
1471 1825 1688 1896 confirmamus3
1702 1828 1743 1882 ita

60 1923 156 1994 sicque
180 1924 282 1978 vulnus
308 1923 412 1978 debeas
436 1922 612 1990 abscindere,
637 1925 668 1977 ut
691 1938 749 1977 non
774 1921 875 1993 possis,
925 1924 958 1973 ut
974 1918 1044 1973 nulli
1064 1917 1196 1989 episeopo
1217 1916 1301 1972 liceat
1318 1917 1425 1988 absque
1446 1924 1494 1972 tuo
1513 1935 1631 1974 assensu
1652 1920 1682 1975 iu
1703 1920 1744 1976 eis

60 2016 138 2087 quod
151 2033 251 2071 sanum
265 2021 317 2083 est,
333 2016 476 2083 ulcerare3
492 2031 539 2083 ne,
554 2016 577 2070 si
590 2016 698 2071 ferrum
713 2016 775 2086 plus
788 2031 877 2086 quam
926 2011 1149 2067 consecrationes
1172 2011 1329 2077 celebrare,
1352 2015 1402 2066 aut
1421 2011 1614 2067 sacerdotibus
1636 2013 1666 2068 in
1691 2014 1744 2069 eis·

60 2125 105 2164 res
130 2109 229 2181 exigit,
251 2110 443 2181 imprimatur,
464 2115 564 2164 noceat
583 2109 628 2164 cui
651 2109 783 2180 prodesse
804 2109 877 2164 festi·
927 2105 995 2160 dem
1021 2104 1142 2159 [lumino
1167 2103 1361 2171 servientibus,
1388 2103 1478 2159 donec
1502 2106 1532 2160 in
1560 2105 1628 2161 locis
1654 2107 1744 2179 ipsius

60 2220 125 2270 nns;
153 2204 201 2258 sed
227 2204 350 2258 alterum
377 2202 529 2258 condiatur
553 2219 588 2257 ex
615 2204 715 2269 altero,
742 2202 819 2274 quod
849 2206 900 2257 ct.
926 2197 1043 2264 fuerint,
1056 2197 1151 2252 divina
1164 2196 1257 2252 officia
1270 2197 1433 2267 prohibere.

60 2296 128 2352 boni
149 2295 273 2351 habeant
292 2296 429 2364 amando,
444 2296 521 2367 quod
541 2299 671 2362 careant,
690 2298 720 2350 et
734 2296 801 2349 mali
815 2310 876 2350 me·
963 2291 1145 2346 Decernimus
1161 2306 1230 2362 ergo
1242 2296 1273 2345 ut
1282 2290 1353 2345 nulli
1366 2291 1485 2346 omnino
1497 2292 1647 2349 hominum
1661 2294 1746 2351 liceat

61 2389 179 2457 tuendo,
203 2389 281 2461 quod
306 2389 436 2460 diligant.
465 2391 631 2460 Eapropter,
654 2388 823 2444 venerabilis
846 2389 876 2443 in
927 2385 1117 2457 supradictam
1136 2385 1285 2440 ecclesiam
1301 2390 1409 2440 temere
1428 2385 1606 2458 perturbare,
1621 2387 1745 2459 autejns

60 2485 170 2538 Christo
196 2484 285 2539 frater
312 2484 431 2538 llenrice
458 2482 633 2554 patriarcba,
664 2483 719 2537 tuis
748 2482 876 2553 postula-
927 2479 1114 2550 possessiones
1129 2479 1252 2548 auferre,
1269 2478 1585 2548 relablatasretinere,
1602 2482 1743 2551 minuere,

60 2578 185 2632 tionibus
211 2582 294 2649 grato
321 2582 523 2632 concurrentes
549 2592 675 2642 assensu,
698 2575 877 2631 Gradensem
927 2589 976 2628 seu
998 2573 1173 2646 quibuslibet
1191 2573 1384 2628 vexationibus
1405 2573 1544 2645 fatigare;
1567 2577 1616 2630 sed
1640 2575 1745 2632 illibata
1832 2638 1836 2643 ,

10 2653 12 2661 ’
60 2672 220 2739 ecclesiam,
234 2671 279 2725 cui
292 2676 406 2725 auctore
420 2673 476 2726 Deo
491 2686 611 2741 praeesse
626 2669 810 2739 dignosceris,
825 2669 877 2723 snb
927 2667 1026 2722 omnia
1044 2672 1073 2721 et
1088 2667 1200 2738 integra
1214 2671 1419 2722 conserventur
1433 2684 1533 2722 eorum
1552 2686 1605 2740 pro
1619 2686 1743 2741 quorum

62 2766 91 2818 u.
109 2765 182 2820 Patri
197 2770 227 2819 et
245 2769 342 2820 nostra
362 2764 538 2835 protectione
558 2763 737 2834 suscipimus,
754 2766 782 2817 et
802 2779 876 2833 prce·
927 2760 1134 2832 gubernatione
1150 2766 1179 2815 et
1193 2761 1399 2816 sustentatione
1418 2778 1551 2817 aorrcessa
1566 2769 1632 2818 sunt
1645 2764 1745 2820 usibus

60 2859 148 2913 sentis
167 2859 263 2928 scripti
285 2857 435 2929 privilegio
454 2857 677 2912 communimus.
699 2855 789 2927 lgitur
807 2873 879 2928 prae·
928 2853 1105 2910 omnimodis
1120 2855 1277 2925 profatum,
1292 2856 1368 2909 salva
1388 2855 1417 2910 in
1435 2856 1569 2912 omnibus
1583 2859 1745 2928 apostoliam

62 2951 242 3007 decessorum
262 2954 426 3007 nostrorum
448 2952 495 3006 fel.
517 2966 604 3006 mem.
620 2949 737 3021 Pelagii,
757 2951 875 3006 llleran-
928 2948 1000 3004 sedis
1014 2949 1189 3005 auctoritate.

61 3046 105 3100 dri
125 3052 153 3101 et
171 3045 276 3100 Urbani
296 3047 318 3100 ll
338 3045 465 3115 vestigiis
479 3046 663 3110 inhaerentes,
680 3043 755 3098 illius
775 3044 875 3115 prasci·
962 3041 989 3098 si
1003 3059 1060 3113 qua
1072 3042 1161 3114 igitur
1174 3042 1204 3097 iu
1219 3042 1350 3098 futurum
1365 3043 1554 3099 ecclesiastiea
1566 3044 1744 3102 secularisve

62 3156 126 3211 pute
144 3140 352 3195 constitutionis
375 3142 504 3194 tenorem
527 3143 683 3207 servantes,
701 3153 788 3209 quam
808 3153 877 3209 prae·
927 3152 1060 3209 persona,
1075 3142 1130 3192 ete.

60 3235 190 3290 decessor
210 3238 306 3288 noster
321 3233 376 3288 Leo
392 3233 425 3287 tx
439 3248 512 3302 papa
530 3231 734 3297 sanctissimus,
749 3237 776 3286 et
789 3247 876 3302 syno—
962 3230 1021 3300 Ego
1034 3229 1176 3284 Adrianus
1188 3229 1337 3285 catholiaae
1349 3230 1480 3285 Ecclesia·
1495 3231 1654 3302 episeopus.

62 3326 119 3381 dali
139 3328 254 3398 judicio,
276 3330 305 3381 et
326 3325 466 3398 privilegii
487 3325 591 3396 pagina
613 3323 804 3387 confirmavit,
826 3323 878 3378 tibi
963 3325 1022 3393 Ego
1035 3323 1340 3378 Ymarusfuseulanus
1354 3323 1514 3395 episcopus.

60 3421 175 3493 tuisque
203 3419 411 3475 successoribus
434 3419 569 3474 canonice
595 3415 808 3472 substituendis
826 3433 876 3488 pa·
963 3417 1022 3487 Ego
1034 3415 1143 3473 cintius
1160 3416 1321 3471 Portunusis
1335 3418 1366 3470 et
1385 3416 1496 3471 Sanctae
1514 3416 1623 3473 Ruflnae
1638 3419 1745 3490 episeo-

60 3515 245 3570 triarchalem
254 3514 437 3570 concedimus
447 3512 628 3584 dignitatem,
638 3517 667 3566 et
677 3510 878 3582 magisterium
902 3577 904 3583 Ι
928 3526 992 3581 pus.

60 3609 211 3664 Gradensis
237 3608 363 3663 eeclesiae
386 3605 506 3679 gerendi
535 3606 565 3660 in
594 3606 628 3660 iis
651 3611 747 3661 tamen
774 3604 878 3659 finibus
963 3604 1022 3676 Ego
1047 3602 1137 3660 (luido
1160 3602 1307 3675 presbyter
1333 3603 1482 3659 cardinalis
1505 3604 1550 3660 tit.
1576 3606 1603 3661 S.
1625 3606 1744 3679 Chryso·
1842 3592 1860 3665 ’,

62 3703 274 3769 confirmamus,
299 3701 348 3773 qui
376 3717 428 3772 per
454 3698 630 3772 supradictos
655 3697 878 3770 predecessores
928 3698 1005 3769 goni.

62 3800 173 3852 nostros
194 3796 290 3851 eidem
313 3801 468 3850 noscuntur
488 3793 614 3849 ecclesie
634 3793 790 3862 constituti,
806 3794 876 3848 Cru-
964 3793 1023 3863 Ego
1038 3790 1162 3847 Ubaldus
1175 3791 1302 3863 presbyt.
1318 3791 1428 3851 cardin.
1444 3791 1489 3848 tit.
1504 3793 1532 3849 S.
1546 3794 1690 3850 Praxedis.

61 3907 123 3946 cem
142 3906 256 3961 quoque
276 3894 342 3944 ante
365 3892 392 3943 te
410 3887 561 3942 ferendam
580 3888 665 3942 etiam
684 3887 876 3955 concedimus,
963 3887 1022 3958 Ego
1036 3884 1195 3940 llenfredus
1210 3885 1334 3957 presbyt.
1349 3885 1426 3941 card.
1441 3887 1483 3941 tit.
1500 3886 1528 3942 S.
1543 3886 1607 3943 Sab.

61 3985 115 4039 nisi
126 4000 190 4039 cum
201 3984 298 4038 llomae
308 3983 404 4051 fueris,
415 3986 464 4037 aut
474 3983 503 4037 in
514 3982 667 4054 praeseutia
677 3981 799 4037 Romani
809 3997 877 4053 pon·
963 3981 1021 4051 Ego
1034 3978 1123 4035 lulius
1136 3978 1260 4050 presbyt.
1274 3979 1350 4034 eard.
1365 3979 1410 4035 tit.
1427 3981 1455 4035 S.
1472 3981 1605 4037 Marcelli.

61 4078 144 4133 tiliois
159 4079 202 4132 vel
220 4079 367 4133 comitatu.
385 4077 502 4132 Pallium
519 4077 605 4130 etiam
620 4075 794 4131 fraternitati
810 4080 875 4143 tuae,
963 4077 1020 4146 Ego
1032 4072 1156 4128 Ubaldus
1174 4072 1299 4144 presbyt.
1316 4074 1391 4128 card.
1406 4074 1449 4130 tit.
1464 4074 1492 4131 S.
1506 4075 1602 4133 Crucis
1619 4075 1648 4130 in
1661 4077 1743 4131 leru-

61 4172 272 4243 plcnitudinem
283 4171 415 4227 videlicet
424 4170 598 4243 pontificalis
607 4170 703 4237 offleii,
715 4186 750 4225 ex
764 4172 881 4242 aposto·
927 4169 1024 4222 salem.

60 4265 557 4337 licresedisliberalitatelargimur3
572 4264 876 4336 quointraecclesiam
961 4262 1020 4334 Ego
1049 4261 1220 4317 Octavianus
1248 4262 1397 4334 presbyter
1426 4263 1532 4319 cardiu.
1561 4264 1606 4320 tit.
1633 4266 1744 4321 Sanctae

61 4367 140 4416 tuam
153 4359 189 4415 ad
203 4360 353 4415 missarum
368 4359 506 4415 solemnia
523 4357 696 4414 celebranda
715 4358 756 4413 uti
774 4357 874 4414 menri·
927 4356 1059 4412 Caeciliae.

61 4454 137 4509 neris
158 4455 198 4508 eis
225 4454 336 4524 diebus,
359 4453 462 4525 quibus
486 4453 708 4524 predecessores
731 4456 797 4507 tuos
821 4451 917 4524 nonD
964 4451 1023 4521 Ego
1043 4451 1170 4506 loannes
1191 4449 1315 4521 presbyt.
1338 4451 1413 4505 card.
1433 4449 1482 4505 SS.
1502 4451 1584 4506 toan.
1605 4454 1634 4506 et
1652 4452 1744 4520 Pauli,

61 4548 234 4619 ambigimus
255 4565 319 4602 usos
338 4547 441 4615 fuisse;
459 4547 591 4602 videlicet
607 4546 636 4602 in
655 4547 806 4603 Nativitate
823 4548 877 4602 llo-
928 4544 972 4600 tit.
989 4543 1175 4599 pammachii.

62 4641 144 4711 mini,
160 4641 328 4713 Epiphania,
343 4641 433 4697 tribus
447 4641 644 4697 festivitatibus
658 4646 761 4697 sanetae
773 4640 876 4708 liaris,
964 4640 1022 4710 Ego
1039 4640 1164 4693 loannes
1182 4636 1331 4709 presbyter
1350 4636 1427 4691 card.
1446 4635 1488 4692 tit.
1507 4636 1552 4693 SS.
1573 4637 1698 4695 Silvestri
1716 4646 1746 4694 et

61 4737 147 4792 Coena
169 4735 293 4803 Domini,
312 4734 432 4791 Sabbata
453 4740 558 4804 saneto,
579 4737 797 4792 Resurrectione
820 4737 877 4792 llo·
927 4732 1050 4788 llartini.

62 4828 148 4894 mini,
172 4827 343 4884 ascensione
369 4833 399 4884 et
428 4831 608 4896 Pentecoste,
634 4831 664 4884 in
692 4831 819 4886 natalitio
847 4831 876 4887 S.
964 4829 1023 4898 Ego
1045 4826 1123 4881 0ddo
1143 4825 1280 4881 diaconus
1300 4824 1378 4880 card.
1399 4825 1428 4881 S.
1451 4824 1565 4896 Georgii
1586 4827 1622 4881 ad
1644 4828 1743 4883 velum

13 4980 15 4985 ,
60 4922 177 4978 loannis
196 4921 381 4992 Baptistae
396 4923 804 4994 Omniumttpostolorum,in
820 4925 876 4979 fes·
926 4921 1065 4976 Aureum.

61 5015 215 5071 tivitatibus
236 5032 349 5088 quoque
370 5018 398 5073 S.
417 5017 512 5079 Marci,
532 5019 560 5073 S.
580 5018 794 5090 protomartyris
813 5019 877 5076 Ste-
963 5018 1021 5086 Ego
1040 5012 1128 5070 Guido
1148 5012 1283 5068 diaconus
1302 5011 1453 5067 cardinalis
1475 5012 1584 5068 Sanctae
1604 5014 1698 5071 llariae
1712 5015 1742 5071 in

60 5110 158 5183 plrani,
185 5111 214 5166 S.
242 5111 401 5179 Laurentii,
429 5111 459 5167 S.
481 5111 610 5180 Martini,
637 5112 668 5167 in
695 5112 878 5169 solemnitate
927 5109 1044 5181 Aquiro.

61 5205 196 5260 Omnium
214 5205 393 5275 Sanctorum,
409 5212 438 5261 et
456 5205 657 5278 principalibus
675 5207 799 5262 ecelesiae
821 5213 878 5263 tuae
963 5206 1023 5275 Ego
1046 5201 1219 5274 Hyacinthus
1239 5199 1352 5255 diacon·
1373 5200 1452 5256 card·
1472 5203 1582 5257 Sanclae
1601 5202 1693 5260 Marioe
1717 5205 1745 5259 iu

59 5300 260 5356 festivitatibus
271 5319 277 5355 ε
292 5317 344 5356 nec
355 5318 412 5356 non
423 5301 452 5355 in
463 5301 656 5370 ecelesiarum,
668 5301 876 5374 episcoporum,
928 5297 1091 5355 Cosmedin.

61 5398 230 5449 caeterorum
252 5394 420 5450 clericorum
446 5393 713 5465 consecrationibus,
738 5399 767 5450 et
791 5395 876 5450 anni·
962 5395 1065 5448 Datum
1091 5389 1234 5456 Laterani,
1258 5404 1309 5460 per
1337 5405 1455 5445 manum
1484 5390 1616 5460 Rolandi,
1639 5399 1743 5449 sanctus

61 5488 186 5543 versario
207 5490 429 5545 consecrationis
451 5493 506 5545 tuae
525 5488 661 5544 dioecesis
677 5491 826 5556 Praeterea,
841 5503 878 5551 ne
928 5488 1065 5542 Romanae
1086 5484 1216 5541 Ecclesia
1236 5482 1385 5538 cardinalis
1406 5486 1435 5539 et
1454 5485 1627 5557 cancellarii,
1647 5488 1744 5545 ldilms

61 5582 215 5637 commissa
229 5583 361 5655 regimini
376 5588 404 5640 et
416 5583 591 5656 dispositioni
606 5589 662 5638 tum
676 5584 795 5655 praefata
810 5584 877 5640 Gra·
927 5579 1012 5647 Junii,
1027 5579 1127 5635 indict.
1140 5594 1167 5647 v,
1182 5577 1386 5633 lucernatiouis
1404 5578 1561 5635 flaminicae
1574 5596 1650 5637 anuo
1664 5583 1744 5649 1¹57,

61 5676 156 5732 densis
166 5677 293 5746 ecclesia,
306 5693 370 5749 quas
383 5678 420 5734 da
434 5678 613 5750 benignitate
626 5678 790 5750 apostolieae
804 5677 877 5734 sedis
927 5673 1108 5749 pontificatus
1126 5688 1193 5728 vero
1212 5671 1310 5727 domni
1322 5670 1441 5727 Adriani
1462 5689 1544 5746 papae
1563 5675 1596 5730 tv
1614 5691 1691 5732 anno
1706 5691 1747 5731 ru.

60 5772 249 5846 praerogativa
259 5772 366 5846 gaudet
378 5773 496 5830 honoris
508 5791 542 5830 ex
552 5773 692 5830 brevitate
704 5772 879 5849 patriarcha·
