3750 6046
89 207 138 264 alr
516 202 675 262 lltsrontt
694 204 963 263 scelestasnaa.
979 235 1014 249 -
1026 207 1113 265 PARS
1133 210 1164 266 u.
1181 238 1216 251 ·-
1229 210 1294 267 ltu.
1313 212 1358 267 lv.
1721 217 1774 273 did

89 327 248 398 ωοίεὶοηο,
284 327 388 400 suique
419 326 619 401 propulsione,
651 329 840 401 confugerant
871 328 909 385 ad
919 330 1127 417 AEhomcum,
1152 350 1274 391 monens
1299 352 1365 392 suos
1389 339 1421 391 nt
1443 353 1506 393 sese
1531 336 1641 393 cautius
1666 336 1696 393 in
1724 355 1773 395 eos

89 424 260 496 dyrmetum
283 437 384 495 regem
409 420 563 478 hibernie.
590 421 657 494 Ejus
687 427 717 479 et
745 423 908 497 principum
957 431 1158 501 prepararent,
1174 427 1770 504 ipsumque,sifortenecesstssposceret,

90 517 172 589 regni
192 512 337 588 suffragio
355 514 449 588 adjuti
468 518 546 584 snut,
566 519 596 571 et
611 532 674 572 urar
690 532 777 573 naves
796 523 908 575 armata
956 520 1136 578 advocarent.
1154 522 1404 580 llemaudareruut
1421 524 1553 582 custodes
1571 525 1771 598 praesidiorum

89 626 177 668 mauu
185 613 327 667 oneratas
337 608 483 678 ducentes,
494 608 600 667 tironio
607 611 789 684 appulerunt.
800 610 909 669 Deinde
957 630 1016 671 non
1035 613 1159 689 indigeri
1171 616 1310 673 subventu
1328 617 1391 689 ejus
1407 619 1445 675 ad
1461 635 1580 675 anuum.
1595 619 1657 675 tam
1675 619 1771 677 Adeli·

89 704 313 780 progredientes
327 721 345 761 a
359 705 453 761 littore
470 705 576 760 terram
591 701 727 762 audacius
740 704 910 779 depopulari
958 724 1022 777 nus,
1048 707 1215 780 Gualtcrns,
1248 710 1423 783 signardus,
1446 712 1553 786 aliique
1581 716 1773 785 praepotentes

90 802 253 874 coepernut,
275 802 305 855 et
321 799 398 856 ferro
419 799 546 873 igneque
566 798 695 856 furentes
717 799 839 856 maxima
859 817 908 874 pa·
958 802 1040 874 Angli
1057 801 1093 858 ad
1115 803 1205 858 Dauos
1226 804 1408 864 contulerant
1426 823 1466 864 se.
1480 809 1653 864 Perventum
1674 810 1717 863 est
1736 807 1773 864 sd

90 899 164 951 aare
190 892 301 950 muana
317 892 411 950 conati
430 898 507 949 suut.
527 893 658 950 Protinus
681 893 738 951 illis
759 894 908 964 briennus,
958 894 1102 965 llumhrae,
1117 895 1168 952 lati
1188 896 1327 966 fluminis,
1345 900 1462 956 ostium.
1477 898 1615 956 secunus
1633 899 1674 957 ibi
1693 917 1772 958 seor·

90 987 217 1045 Eudouis
235 986 349 1044 comitis
367 985 520 1042 Britanniae
541 986 661 1043 minoris
682 987 768 1058 tilius,
787 991 816 1043 et
832 987 908 1045 Guit·
959 1005 1024 1045 snm
1039 989 1143 1045 esocis
1157 989 1241 1047 turba
1256 1007 1322 1047 cum
1337 992 1510 1065 quibusdam
1527 1010 1644 1050 suorum
1659 994 1773 1066 praeda·

90 1082 196 1138 lctmus
209 1079 315 1137 Gualdi
331 1095 399 1137 cum
416 1079 505 1135 armis
521 1079 597 1137 obvh
614 1080 741 1152 fuerunt,
755 1085 784 1137 et
797 1081 910 1138 duobus
959 1085 1022 1138 tum
1043 1082 1126 1139 ierat.
1147 1084 1222 1147 Quos
1241 1083 1366 1142 insiliens
1385 1086 1496 1142 familia
1517 1086 1593 1159 regis
1612 1103 1628 1142 e
1650 1086 1775 1144 Lincolia

92 1191 145 1231 uuo
169 1174 222 1232 die
243 1172 425 1231 conflictibus
442 1172 619 1230 horrendam
641 1173 857 1231 multitudinem
879 1175 911 1231 iu
960 1175 1035 1248 cepit
1048 1192 1159 1247 omnes,
1173 1177 1297 1249 exceptis
1316 1178 1428 1235 dnobus
1443 1194 1510 1236 cum
1525 1178 1646 1236 adelino
1660 1180 1772 1253 elapsis,

91 1284 152 1327 cam
166 1267 347 1342 paucitatem
360 1265 545 1340 redegemnt,
559 1270 593 1322 ut
604 1267 713 1323 residui
728 1265 840 1324 duabus
854 1284 911 1325 sca-
959 1274 988 1327 et
1002 1270 1097 1325 nerim
1110 1270 1262 1342 confregit,
1276 1287 1364 1344 quam
1378 1272 1508 1329 custodis
1517 1288 1621 1345 pareus
1636 1273 1773 1330 deseruit.

92 1361 151 1437 ptris
171 1360 315 1419 subtracti
334 1360 518 1433 aufugerent,
537 1365 566 1419 et
586 1360 748 1418 llibcrniam
765 1361 845 1418 luctu
866 1378 909 1419 re·
996 1363 1068 1419 Daui
1093 1362 1253 1420 Eboracum
1271 1365 1428 1436 accedunt,
1451 1365 1593 1439 nimisque
1613 1366 1774 1424 incolarum

92 1457 217 1531 ptereut.
230 1457 269 1513 ht
278 1453 333 1512 uisi
344 1470 403 1511 nor
413 1453 544 1527 prelium
557 1453 731 1526 diremisset,
743 1471 779 1510 ue
794 1455 912 1513 nuntius
961 1454 1151 1513 contubernio
1166 1456 1242 1513 aucti
1261 1462 1338 1514 sunt.
1352 1457 1505 1515 Guallevus
1519 1459 1609 1527 euim,
1624 1459 1709 1516 Caius
1721 1461 1772 1516 Pa·

94 1549 213 1624 quidem
226 1547 318 1606 cledis
336 1547 555 1621 repatriavisset.
569 1547 648 1604 iuste
666 1547 695 1604 id
716 1565 802 1606 omen
819 1549 910 1606 comi·
961 1548 1073 1618 tricius,
1098 1548 1200 1606 itarius
1223 1550 1352 1620 Sueuos,
1379 1550 1551 1624 Elnociuns,
1577 1551 1715 1610 archillus
1744 1555 1776 1609 et

93 1648 181 1700 latum
205 1646 252 1700 cst
277 1646 359 1698 natos
382 1657 435 1714 pro
461 1644 581 1714 tyranno
603 1642 735 1714 geniture
756 1643 911 1700 vindictam
962 1649 1085 1717 quatuor
1111 1643 1162 1701 tilii
1186 1643 1280 1703 Caroli
1303 1644 1485 1718 antesignani
1509 1649 1604 1715 erant,
1629 1651 1659 1703 et
1683 1648 1775 1704 banos

95 1740 271 1812 quaerentes,
285 1740 316 1792 et
328 1735 396 1792 huic
410 1734 564 1792 intentioni
577 1751 663 1809 opem
675 1737 809 1793 ferentes.
920 1711 1231 1810 Bltorthvigeuasqne
1254 1737 1467 1811 praecedebant
1490 1739 1643 1796 Casteflaui
1662 1739 1776 1797 obviam

122 1835 206 1888 luter
225 1831 291 1886 haec
313 1829 379 1886 Gisa
400 1828 521 1885 Goduini
543 1845 622 1898 uxor,
641 1830 753 1887 lteraldi
774 1831 910 1904 genitrix,
961 1831 1002 1887 eis
1020 1831 1209 1888 inconsultius
1226 1835 1341 1902 exeunt,
1362 1834 1392 1888 et
1412 1832 1489 1889 iutra
1506 1832 1584 1889 urbis
1605 1833 1712 1891 moenia
1731 1832 1775 1890 in·

92 1927 246 1999 ingentem
261 1939 359 1997 gazam
373 1923 532 1979 dauculum
549 1924 683 1995 sumpsit,
699 1929 728 1979 et
741 1940 793 1996 pro
806 1925 911 1982 timore
960 1924 1081 1981 feliciter
1093 1924 1263 1998 confligunt.
1277 1926 1337 1981 Nou
1355 1925 1480 1983 valentes
1497 1925 1631 1983 resistere
1643 1925 1774 1985 multitu·

93 2017 243 2076 dniltelmi
256 2017 336 2090 regis
354 2016 384 2074 in
401 2015 520 2074 Galliam
533 2032 591 2074 nou
609 2016 734 2075 reditura
752 2023 910 2076 transmea-
960 2017 1032 2088 dini,
1052 2034 1153 2075 omues
1168 2023 1218 2074 sut
1235 2017 1441 2075 interimuntur
1461 2024 1512 2076 eut
1530 2020 1694 2093 capiuntur.
1709 2021 1775 2078 Cas·

92 2114 139 2170 rit.
961 2111 1029 2168 tella
1052 2111 1183 2168 desolata
1203 2114 1315 2185 patent.
1338 2111 1444 2170 Securo
1469 2113 1532 2186 regi
1556 2129 1636 2170 casus
1659 2130 1777 2171 anorum

123 2209 158 2264 lu
173 2206 227 2262 illa
239 2207 412 2278 tempestate
426 2202 536 2260 Saeuus
553 2220 602 2261 rer
616 2204 761 2262 llannrum
775 2222 912 2279 magnam
961 2205 1143 2276 nuntiantur,
1163 2205 1330 2262 terribilitas
1351 2206 1505 2262 hominum
1525 2207 1618 2278 major
1636 2222 1723 2281 quam
1742 2207 1780 2265 sit

93 2301 218 2358 classem
242 2297 329 2355 lienis
352 2300 381 2354 et
403 2298 502 2369 anglis
526 2297 737 2354 accuratissime
764 2299 912 2370 instmxit,
962 2298 1154 2372 amplificante
1166 2299 1241 2355 faura
1254 2299 1386 2370 refertur,
1402 2304 1432 2355 et
1444 2299 1520 2372 quod
1534 2316 1600 2356 cnm
1614 2299 1677 2374 ipso
1690 2300 1776 2357 dimi-

93 2395 227 2468 duosqne
252 2392 326 2448 tilios
347 2407 414 2448 suos
436 2392 465 2446 et
489 2389 648 2448 osbernum
670 2391 789 2449 fratrem
817 2410 912 2467 sunm,
962 2391 1054 2448 caturi
1067 2390 1245 2448 confidenter
1260 2392 1474 2464 prestolentur.
1490 2393 1546 2449 lter
1561 2407 1631 2465 ergo
1649 2395 1708 2448 tam
1722 2393 1775 2449 do·

93 2487 306 2563 pontificesque
327 2484 411 2553 dnos,
433 2484 610 2558 comitesque
635 2491 692 2541 tres
718 2485 914 2544 dilectissimos
961 2485 1022 2542 lore
1036 2501 1121 2558 quam
1133 2486 1178 2541 ira
1190 2486 1387 2553 conturbatur,
1406 2502 1439 2541 ac
1451 2486 1490 2542 ed
1503 2484 1600 2542 hostes
1613 2502 1680 2544 cum
1693 2502 1777 2544 exer·

94 2580 238 2656 pracfecit,
258 2583 287 2636 et
305 2579 337 2634 in
356 2578 487 2650 Angliam
504 2577 593 2633 misit.
608 2578 750 2635 liuttoties
770 2580 848 2637 euim
861 2597 912 2654 pe·
962 2578 1020 2635 citu
1040 2594 1193 2651 pmperere
1207 2584 1334 2635 conetur.
1349 2578 1393 2634 llli
1406 2594 1473 2634 uero
1486 2583 1564 2635 metu
1577 2579 1676 2652 magni
1689 2578 1777 2636 bella·

94 2674 188 2732 cuniis
199 2673 363 2746 Anglorum
376 2675 406 2730 et
424 2671 536 2727 obnixis
555 2671 687 2744 precihus
700 2671 795 2729 fuerat
807 2673 912 2730 sellici—
963 2671 1078 2728 torisia
1098 2671 1252 2728 llnmbram
1268 2671 1432 2744 aufugiunt,
1448 2674 1477 2728 et
1495 2672 1576 2746 ripae,
1591 2688 1655 2745 qne
1668 2672 1777 2730 lindis·

95 2772 183 2838 tetus,
199 2771 231 2824 et
250 2765 335 2823 ruina
351 2780 480 2832 suorum,
499 2763 548 2836 qui
562 2780 656 2837 nuper
669 2764 699 2821 iu
720 2766 912 2823 Heraldicon-
963 2780 1024 2821 scm
1049 2764 1181 2838 attingit,
1203 2765 1357 2838 applicant.
1380 2767 1442 2838 lpse
1465 2765 1532 2821 illuc
1555 2782 1622 2821 cunr
1650 2765 1777 2838 equitatu

94 2863 174 2921 flictu
196 2859 286 2918 occisi
308 2859 433 2926 fuerant,
453 2861 563 2927 motus;
584 2857 654 2930 quin
676 2859 760 2916 etiam
782 2860 913 2932 proxima
963 2858 1122 2929 contendit,
1149 2858 1272 2914 nefarios
1299 2858 1441 2931 quosdam
1465 2859 1496 2914 in
1520 2857 1676 2930 paludibus
1702 2875 1778 2931 pene

94 2955 273 3029 cognatione
291 2951 329 3008 ad
343 2951 426 3024 regni
445 2950 632 3022 cupiditatem
650 2951 794 3021 incitatus,
813 2957 913 3027 utpote
963 2950 1207 3009 inaccessibilibus
1222 2952 1339 3025 reperit,
1354 2951 1509 3025 gladioque
1522 2951 1616 3024 punit,
1630 2957 1658 3009 et
1671 2951 1779 3025 eliquat

95 3066 188 3125 ucpos
209 3044 336 3104 Eduardi
358 3045 445 3117 regis,
469 3043 664 3102 llardecnnuti
689 3045 775 3101 nlius.
800 3046 848 3103 llic
869 3048 912 3104 in·
964 3043 1082 3100 latibula
1095 3044 1193 3102 diruit.
1210 3046 1240 3100 ln
1254 3044 1347 3118 ripam
1358 3045 1480 3101 alteram
1496 3045 1622 3101 eradunt
1635 3044 1718 3114 Dani,
1732 3061 1780 3118 op

94 3143 177 3218 genti
194 3139 327 3216 potentia
347 3137 482 3212 pollebat,
507 3138 654 3194 universas
674 3140 756 3212 regni
777 3141 820 3196 sni
839 3141 915 3197 vires
964 3138 1109 3211 parientes
1130 3142 1247 3212 tempus
1268 3155 1325 3212 quo
1348 3156 1378 3195 se
1402 3138 1550 3213 sociosque
1573 3155 1640 3195 suos
1663 3141 1780 3212 possent

95 3233 299 3304 contrahebat,
315 3231 448 3305 quibnsa
465 3231 566 3288 vicinis
585 3231 749 3305 regionibus
768 3237 798 3289 et
815 3233 915 3290 amicis
964 3231 1072 3287 ulcisci.

95 3329 204 3387 mritis
217 3342 326 3400 magua
345 3324 538 3382 coacervabat.
553 3324 735 3396 ndjrrvabaut
754 3342 820 3382 euru
835 3326 920 3382 Pele·
1000 3326 1040 3381 Eo
1056 3329 1188 3398 tempore
1202 3325 1326 3383 Saxones
1346 3326 1537 3383 occidentales
1557 3327 1593 3383 de
1614 3327 1731 3382 tlorseta
1750 3328 1781 3381 et

96 3423 155 3496 nia,
171 3420 264 3479 Frisia
278 3436 370 3477 necue
383 3418 515 3474 Saxonis.
530 3417 657 3475 leuticia
669 3436 784 3492 quoqne
797 3436 848 3492 pro
861 3423 916 3476 An·
965 3419 1162 3476 Summerseta
1180 3435 1245 3475 cnm
1265 3419 1323 3475 suis
1342 3420 1502 3476 continibus
1521 3420 1781 3476 hortem-Acutum

96 3519 180 3593 glicis
193 3514 301 3588 opibus
317 3511 470 3570 auxiliares
487 3515 597 3568 turmas
615 3512 756 3568 mittebat.
772 3514 804 3569 lu
819 3530 914 3586 capo·
965 3511 1139 3580 assilierunt,
1162 3513 1212 3568 sed
1235 3512 1330 3570 divine
1356 3518 1427 3569 nutu
1450 3512 1582 3585 impediti
1609 3514 1686 3569 sunt.
1707 3513 1779 3568 Nam

97 3609 283 3687 pulosissima
296 3607 376 3664 natio
393 3605 666 3678 consistebatque,
683 3606 852 3678 gentilitatis
864 3607 914 3663 ad·
966 3605 1120 3674 Gueutani,
1136 3605 1287 3675 Luudouii,
1307 3605 1470 3675 Satesberii,
1488 3605 1629 3662 (lanfredo
1648 3606 1781 3662 comten-

97 3707 156 3764 buc
176 3718 278 3761 errore
298 3700 425 3769 detenta,
448 3715 549 3756 verum
572 3701 663 3756 Deum
689 3699 843 3772 nesciebat,
866 3700 917 3756 sed
966 3699 1052 3754 tiensi
1077 3698 1199 3770 presule
1226 3698 1354 3768 ductore,
1381 3701 1618 3772 supervenerunt,
1641 3696 1780 3770 quosdsm

99 3796 275 3872 ignorantiae
287 3793 454 3866 muscipulis
463 3793 626 3866 illaqueata,
636 3793 791 3850 Gaudeneu
805 3797 834 3850 et
844 3794 918 3850 'lhu-
966 3796 1160 3865 peremerunt,
1173 3791 1279 3863 partim
1300 3797 1399 3865 captos
1417 3791 1634 3860 mutilaverunt,
1652 3790 1780 3863 reliquos

99 3909 176 3961 rura,
188 3887 499 3962 unaqueunaque
514 3887 602 3943 falsos
614 3886 917 3958 deos,imodremones
966 3886 1145 3958 fugarcnrnt.
1166 3884 1259 3941 Gnalli
1279 3890 1308 3942 et
1329 3885 1493 3942 cestrenses
1514 3885 1683 3958 presidium
1704 3883 1780 3956 regis

98 3985 225 4044 colebat.
245 3984 309 4039 uec
330 3998 401 4054 gens
418 3985 497 4042 terre
520 3979 652 4054 marique
678 3980 801 4052 praeliari
824 3981 917 4054 perita
967 3976 1043 4050 apud
1057 3977 1287 4034 Scrobcsburiam
1304 3978 1491 4049 obsederunt,
1508 3978 1725 4052 quibusincolar
1740 3976 1779 4033 ei·

98 4083 174 4149 erst,
199 4093 291 4151 quam
312 4078 423 4133 suenus
444 4090 509 4130 cnm
529 4088 597 4147 rege
621 4090 672 4129 suo
698 4090 773 4146 saepe
798 4074 916 4144 vicerat,
967 4071 1069 4141 vitatis,
1083 4088 1149 4128 cnm
1161 4072 1263 4128 Edrico
1281 4071 1381 4131 Guitda
1395 4073 1506 4146 potenti
1518 4072 1694 4131 etbellicoso
1709 4070 1782 4141 viro,

98 4189 217 4247 sumque
233 4168 337 4226 ditioni
356 4168 516 4241 subegerat.
535 4166 630 4223 flultis
650 4167 745 4241 itaque
765 4166 917 4241 triumphis
966 4165 1086 4238 aliisque
1116 4165 1259 4222 fcmcibus
1288 4167 1387 4240 Anglis
1413 4167 1519 4224 auxilio
1548 4167 1674 4224 fuerunt.
1702 4165 1781 4223 ldem

99 4266 284 4333 sublimatus,
297 4265 329 4319 ut
342 4260 397 4318 sibi
410 4261 503 4317 adhuc
517 4263 637 4333 angeret
651 4261 808 4333 potentiam
823 4262 854 4316 et
865 4261 916 4317 de·
966 4258 1041 4331 apud
1054 4258 1192 4315 Eroniam
1204 4260 1370 4316 Eroniensis
1384 4260 1536 4316 comitatus
1548 4259 1728 4316 habitatores
1741 4258 1784 4316 fe-

99 4377 161 4429 cns,
186 4361 288 4415 contra
308 4354 494 4412 Guitlctmum
518 4370 634 4427 regem,
663 4357 696 4409 ut
722 4353 916 4425 prediximus,
967 4367 1042 4420 cere,
1066 4356 1095 4407 et
1119 4351 1245 4424 undique
1265 4353 1421 4409 coadunata
1445 4352 1530 4409 turba
1551 4358 1579 4409 et
1600 4353 1697 4409 Cornu
1719 4351 1781 4407 Bri·

101 4467 242 4526 meguam
251 4447 410 4506 classemin
421 4447 553 4520 angliam
561 4443 1081 4520 misitSuenus.AppulsosDtsnnire.
1098 4446 1168 4501 Nam
1187 4445 1315 4518 supremi
1333 4447 1407 4501 fines
1425 4447 1584 4519 auglorum
1601 4443 1781 4502 occidentem

101 4548 242 4603 fleveram
252 4542 397 4616 regiorum
411 4540 535 4598 militnm
548 4556 680 4596 occursus
694 4540 808 4613 repulit.
817 4541 919 4598 ltidem
969 4553 1065 4594 versus
1086 4545 1114 4593 et
1132 4538 1297 4594 lliberuiam
1312 4540 1405 4597 Cornu
1425 4539 1590 4608 Britannice,
1608 4537 1639 4593 id
1655 4541 1698 4594 est
1716 4539 1783 4596 Gor·

102 4639 178 4712 apud
193 4636 370 4709 sanguicum
387 4635 440 4706 (itt
453 4633 547 4690 abacti
559 4638 637 4703 suut,
653 4633 704 4690 sed
717 4651 734 4689 a
746 4633 920 4690 Normanuis
970 4631 1088 4701 nnattia,
1102 4636 1315 4703 nuncupantur.
1332 4631 1447 4688 lixonie
1466 4631 1539 4687 cives
1558 4631 1620 4704 regi
1638 4629 1781 4700 favebant,

103 4731 210 4806 repulsi
223 4733 299 4786 snut.
310 4728 391 4785 flecti
400 4726 645 4802 opportunitatem
655 4727 831 4800 egrediendi,
842 4728 919 4800 apud
969 4742 1028 4783 nen
1041 4725 1225 4782 immemores
1238 4741 1438 4798 pressurarum
1454 4740 1525 4797 quas
1544 4724 1614 4780 olim
1633 4723 1708 4797 passi
1723 4723 1783 4780 fue-

102 4823 297 4898 chesnicum
312 4822 369 4893 (55)
383 4821 413 4876 in
430 4820 561 4894 predam
577 4819 672 4876 diffusi
687 4822 770 4888 sunt;
786 4820 836 4877 sed
850 4836 918 4892 pre·
969 4824 1044 4875 rant.
1063 4819 1196 4875 Pmtiuus
1213 4835 1273 4886 rex,
1289 4818 1338 4874 nbi
1355 4819 1417 4874 brec
1440 4816 1559 4890 accepit,
1574 4816 1692 4873 comites
1711 4815 1783 4872 duos

102 4918 238 4975 riuciales
250 4914 417 4988 congregati
428 4913 547 4987 triginta
559 4918 741 4982 necaverant,
756 4917 786 4970 et
796 4913 919 4987 reliquos
968 4911 1150 4968 Guillelmum
1175 4916 1204 4968 et
1231 4911 1386 4968 ttrieuuum
1411 4909 1608 4967 laborantibus
1632 4908 1784 4966 subvenire

102 5014 131 5068 in
147 5009 291 5084 effugium
305 5011 471 5080 coegerunt.
485 5006 801 5080 EgressosNorthgnici
815 5007 869 5080 (56)
883 5007 919 5063 ad
968 5006 1115 5079 precepit.
1142 5007 1246 5062 Verum
1276 5005 1444 5078 priusquam
1475 5003 1516 5060 illi
1548 5002 1781 5060 Scrobesburiam

104 5105 231 5162 umbem
244 5090 452 5159 discursionem
470 5101 608 5157 ltadnlfus
623 5099 659 5156 de
679 5099 792 5155 Guader
805 5100 918 5169 invasit,
969 5098 1176 5171 pervenissent,
1195 5099 1266 5155 urhe
1287 5098 1444 5167 combusta,
1467 5092 1562 5153 hostes
1584 5097 1782 5153 discesserant.

103 5202 132 5254 ct
146 5196 249 5254 multis
261 5196 349 5263 ferro,
367 5193 465 5249 moltis
483 5209 558 5266 aque
576 5191 663 5248 vitam
679 5193 797 5260 ademit,
810 5194 839 5248 et
851 5193 918 5249 reli·
970 5193 1136 5249 Defensores
1164 5209 1278 5265 quoqne
1305 5192 1423 5248 Exouire
1449 5190 1542 5248 subito
1562 5195 1731 5264 eruperunt,
1754 5192 1784 5244 et

104 5308 174 5364 qnos
185 5288 314 5362 turpiter
326 5286 473 5360 navigium
486 5286 655 5358 arripientes
669 5285 700 5341 in
714 5285 832 5358 pelagus
840 5285 919 5343 abire
969 5285 1077 5358 impetu
1092 5286 1165 5341 inse
1181 5284 1344 5342 obsidentes
1355 5284 1525 5359 abegerunt.
1537 5283 1723 5356 Fugientibus
1735 5281 1784 5338 ob-

103 5382 252 5457 compulit.
277 5382 339 5439 lter
368 5382 465 5437 autem
492 5378 658 5435 Guillelmns
688 5384 756 5434 tunc
786 5378 815 5435 in
841 5380 920 5435 tiana
969 5379 1016 5449 vii,
1031 5378 1199 5435 Gnillelmns
1215 5384 1244 5435 et
1260 5378 1519 5453 Brieuuusgrandi
1537 5376 1616 5434 cerda
1634 5375 1781 5435 temerita-

104 5478 171 5533 silva
189 5479 262 5544 erat,
281 5473 380 5547 ibique
403 5489 454 5546 pro
475 5488 553 5529 more
573 5471 689 5528 venatui
709 5470 837 5529 vacabat.
860 5473 919 5529 lllic
969 5477 1027 5528 tem
1040 5471 1206 5545 punierunt.

103 5570 203 5626 andito
224 5568 347 5625 adventu
367 5568 519 5637 Dacorum,
540 5566 636 5621 statim
661 5564 793 5621 nuntium
814 5564 920 5622 direxit
1005 5567 1064 5622 lter
1078 5565 1195 5623 interim
1212 5566 1291 5639 apud
1308 5567 1430 5623 lislatort
1443 5565 1672 5639 quamplurimos
1684 5563 1782 5621 factio-

134 5701 184 5765 nu
201 5698 353 5754 swern.
368 5699 406 5752 ue
418 5699 541 5752 pravest.
1003 5700 1049 5764 (sar
1068 5700 1197 5752 nornen
1216 5699 1255 5753 ra.

134 5776 188 5841 rar)
203 5773 320 5842 ruens.
337 5773 378 5827 ru.
