3750 6046
44 198 48 215 '
135 204 183 263 bil

837 213 998 270 OlillElllCl
1017 211 1148 269 virttis

138 331 289 387 commissa
303 333 436 407 castigari
456 335 595 407 permisit.
619 337 699 393 Unde
722 338 839 409 praefata
852 339 949 394 silvias
960 338 1039 424 Aila
1054 338 1187 407 peractis,
1211 335 1240 390 in
1256 336 1378 392 tentoriis
1396 351 1601 400 commoramur,
1624 335 1814 408 caeciliumque

138 426 328 482 dominationi
347 430 513 498 Tarcorum,
533 431 616 486 veluti
640 432 841 504 circumjacens
859 434 948 505 regin,

139 520 289 591 subjacuit.
310 522 378 578 llivo
400 526 495 580 tamen
518 525 604 581 ctrltui
626 526 783 581 voluntarie
803 529 950 599 mancipa-

140 612 258 681 bantur,
275 630 327 670 nec
342 616 402 671 ulla
416 634 592 689 paganorum
607 618 780 674 districtione
792 620 888 689 legem
903 620 950 676 bet

140 705 273 763 deserere
287 711 472 781 cogebantur.
484 712 563 769 Cives
578 712 673 784 itaque
688 713 852 785 hujusmodi
866 716 952 769 Fran·

142 815 242 856 corum
267 803 394 858 comitati
415 806 698 877 congratulabantur,
721 813 748 862 et
772 807 813 862 illi
835 814 951 864 econtra

140 898 172 948 ul
195 895 297 952 tratres
318 897 348 951 in
371 898 503 953 omnibus
526 900 713 957 amicabiliter
729 918 776 956 eos
797 902 950 974 amplecte·

139 987 254 1045 bantur.
271 991 411 1062 Turgidus
423 992 510 1063 igitur
519 993 660 1066 princeps,
675 994 761 1050 livore
774 996 951 1067 perfidiaque

141 1089 270 1152 casatus,
291 1084 455 1140 Christianis
474 1086 589 1142 insidias
609 1089 772 1159 praetendit,
791 1092 819 1145 et
837 1091 952 1145 stratori

141 1191 192 1230 suo
205 1177 233 1230 in
250 1177 463 1248 expeditionem
478 1182 557 1235 eunti
575 1181 726 1252 imperavit
741 1184 780 1250 ut,
794 1183 863 1237 dum
877 1184 950 1239 redi·

142 1273 218 1337 rent,
235 1270 407 1328 balduinum
422 1274 567 1346 sociosque
583 1292 659 1345 suos,
672 1277 741 1331 dum
757 1278 894 1332 exarmati
907 1294 951 1333 es-

141 1366 215 1431 sent,
229 1365 390 1435 invaderet,
405 1373 434 1422 et
444 1368 550 1440 absque
563 1369 755 1424 misericordia
768 1371 951 1427 interficeret.

142 1459 269 1514 Perfidus
284 1460 340 1515 doli
362 1461 463 1516 artilex
477 1463 623 1518 scelerosae
636 1463 763 1520 lectionis
776 1466 855 1520 netas
877 1483 952 1538 prae·

143 1553 256 1607 struxit.
272 1553 354 1618 Quod
368 1554 550 1625 Balduinum,
564 1557 630 1628 quia
643 1557 721 1613 valde
736 1575 752 1613 a
765 1560 861 1614 multis
875 1576 952 1615 ama-

142 1645 235 1715 batur,
252 1663 310 1702 non
327 1647 418 1702 latuit.
435 1650 465 1704 ln
479 1651 634 1706 remeando
645 1651 680 1707 de
694 1652 887 1723 expeditione,
902 1670 953 1723 pa·

1000 435 1115 485 nestrum
1137 434 1163 485 et
1183 431 1325 486 consitium
1342 431 1552 501 praetolamur,
1567 446 1633 502 quos
1654 431 1745 487 adhuc
1764 446 1815 487 nan

1000 525 1095 591 hostes,
1110 524 1156 579 sed
1170 525 1300 594 legitimas
1311 523 1438 596 hospites,
1451 525 1631 581 arbitramur.
1645 525 1712 580 llaec
1723 529 1755 581 et
1767 524 1811 581 bis

1000 616 1105 674 similia
1119 617 1220 672 Tobiae
1236 622 1267 674 ut
1280 617 1398 689 audivit,
1414 616 1521 674 vicinos
1538 620 1666 674 astantes
1683 634 1815 675 seorsum

1000 709 1110 777 ascivit,
1144 715 1173 767 et
1203 711 1284 766 breui
1313 727 1381 766 risus
1411 710 1567 783 colloquio,
1601 712 1724 768 Francos
1756 713 1814 768 cita

1001 802 1127 874 repetiit.
1147 807 1206 862 Non
1228 805 1332 867 multas,
1345 804 1449 876 inquil,
1463 820 1529 876 opus
1548 809 1587 861 eet
1605 805 1706 870 nabis,
1719 805 1818 875 incluti

1001 899 1116 965 mititem
1132 900 1241 968 pacifici
1251 913 1325 954 nune
1337 903 1489 969 suspectata
1505 914 1554 954 aas
1568 898 1622 963 hic,
1634 899 1815 963 obsecramus,

1002 992 1817 1060 ernosinneocaesarammqauamsaabnraenereebimus.

1039 1087 1086 1141 llis
1099 1086 1137 1140 ita
1152 1085 1234 1141 dietis
1247 1087 1275 1140 et
1295 1085 1427 1156 utrinque
1446 1085 1595 1155 concessis,
1612 1087 1702 1159 legati
1717 1087 1818 1143 urbem

1003 1181 1190 1248 intraverunt,
1207 1183 1236 1234 et
1247 1179 1425 1234 convicaneis
1439 1180 1506 1247 suis,
1523 1180 1592 1253 quid
1605 1180 1754 1237 audierint
1776 1182 1820 1238 vel

1003 1273 1180 1346 agitaverint,
1197 1273 1400 1329 disseruerunt.
1421 1273 1523 1329 hadita
1541 1274 1737 1330 communiter
1751 1275 1813 1330 lau·

1003 1368 1152 1437 daverunl,
1164 1373 1287 1439 quatuor
1295 1367 1450 1438 primarios
1462 1367 1492 1422 in
1504 1367 1641 1439 palatium
1654 1367 1738 1424 ducis
1746 1385 1819 1440 pree·

1003 1461 1154 1529 miserunt,
1169 1465 1198 1516 et
1212 1460 1268 1532 ipsi
1287 1459 1466 1533 pedetentim
1485 1477 1551 1517 cum
1564 1461 1653 1517 ermis
1673 1463 1820 1534 prosecuti

1003 1559 1079 1610 sunt.
1093 1555 1231 1611 Severum
1250 1555 1364 1624 ducem,
1381 1554 1411 1609 in
1427 1555 1491 1610 aula
1504 1555 1639 1627 privatim
1657 1556 1820 1624 sedantem,

1004 1650 1184 1716 invenerunt,
1200 1664 1324 1721 eumque
1334 1652 1457 1720 quatuor
1470 1648 1579 1720 priores
1591 1665 1672 1705 more
1685 1650 1769 1705 solito
1781 1667 1822 1705 sa·

144 1739 213 1810 gani
232 1740 416 1810 Christianos,
436 1749 467 1797 ut
488 1759 566 1799 arma
590 1745 767 1816 deponerent
788 1751 817 1801 et
839 1746 954 1802 liberius
966 1715 992 1787 B
1004 1743 1135 1810 tutantes,
1149 1741 1298 1797 dixerunt:
1318 1745 1422 1811 lnqcnti
1441 1743 1552 1798 cornilio
1565 1759 1639 1798 nunc
1657 1743 1819 1814 indigemus

144 1833 227 1900 irent,
242 1835 324 1904 quasi
341 1835 465 1905 iocando
478 1837 698 1895 admonuerunt.
719 1839 773 1896 Sed
794 1840 834 1895 illi
858 1840 954 1895 dolum
1004 1840 1070 1907 quio
1085 1852 1156 1891 rrunc
1175 1836 1259 1891 hostes
1276 1836 1356 1891 aatdc
1375 1838 1508 1898 timemus,
1523 1852 1589 1907 quos
1601 1838 1732 1893 hactenus
1753 1838 1822 1908 lidos

143 1931 344 1996 praecaventes,
368 1945 424 1984 non
448 1931 661 2001 acquieverunt.
676 1933 813 2003 Tandem,
830 1934 898 1988 dum
919 1935 954 1990 ad
1005 1931 1143 1999 tldl'ttlorti
1165 1930 1316 1986 habuimus·
1337 1932 1434 1986 Flauii
1460 1945 1508 1985 ¹²⁰⁸
1531 1930 1665 1985 ‘ludiim
1686 1931 1819 1996 (tibilim,

144 2019 246 2075 urbem
266 2022 540 2095 appropinquarent,
555 2031 582 2080 et
597 2026 696 2081 Franci
719 2031 801 2081 caule
822 2028 852 2081 in
868 2028 954 2083 armis
1004 2030 1029 2079 ct
1050 2026 1208 2093 impuqnare
1233 2038 1281 2078 nas
1307 2025 1434 2077 atrociter
1454 2023 1563 2078 ardent.
1586 2023 1744 2080 Proditores
1772 2041 1821 2080 nos

144 2113 313 2184 equitarent,
333 2115 399 2171 dato
414 2116 507 2188 signo,
522 2118 642 2188 gentiles
663 2119 691 2174 in
706 2135 754 2174 eos
773 2121 865 2175 subito
880 2138 953 2192 prae-
1004 2117 1156 2187 appellant,
1171 2120 1253 2187 atque
1265 2116 1303 2170 ad
1316 2115 1454 2184 judicium
1474 2119 1604 2172 inuitant.
1617 2117 1642 2174 A
1656 2119 1820 2174 commilito·

144 2213 363 2277 occupaverunt,
390 2213 418 2263 et
443 2211 684 2267 machinationem
714 2214 851 2285 nequitiae
879 2231 954 2284 suae,
1003 2210 1083 2265 nibus
1096 2212 1163 2272 suis,
1176 2209 1210 2264 de
1225 2210 1316 2264 hastili
1336 2210 1491 2265 terrarium
1510 2216 1671 2274 rensearent,
1685 2211 1824 2268 dicuntae

142 2299 273 2356 feriendo
302 2301 426 2370 sodales,
455 2304 575 2376 turpiter
599 2307 777 2363 detexerunt.
804 2308 954 2365 Christiani
1005 2318 1059 2358 esse
1083 2304 1214 2374 praelitas,
1235 2309 1260 2359 ct
1283 2319 1300 2358 a
1321 2306 1399 2359 sociis
1417 2306 1564 2359 immamus
1584 2320 1666 2374 mam
1686 2306 1722 2360 ab
1739 2304 1822 2361 hasti

144 2397 250 2464 aulem,
264 2395 354 2450 Deum
364 2396 536 2466 invocantes,
546 2400 720 2468 restiterunt,
733 2401 851 2457 viriliter
860 2403 955 2458 hostes
1005 2398 1053 2452 bus
1087 2399 1171 2453 laesos.
1203 2398 1278 2452 Unde
1301 2400 1355 2455 nisi
1381 2398 1571 2453 rectitudinem
1597 2400 1634 2454 cis
1665 2399 1820 2466 immuunt,

144 2493 355 2559 percusserunt,
369 2490 397 2544 in
422 2491 520 2563 fugam
542 2493 748 2565 compulerunt,
765 2497 794 2550 et
813 2495 955 2567 fugientes
1004 2493 1084 2546 minis
1099 2507 1147 2546 ²²⁰8
1161 2496 1260 2546 terrem
1276 2491 1452 2553 terribilibus,
1465 2491 1539 2562 quad
1553 2495 1648 2547 contra
1662 2508 1713 2547 ²2⁰⁸
1726 2493 1819 2548 addu-

144 2580 282 2652 quosdam
307 2583 482 2652 occiderunt,
504 2585 630 2657 aliosque
652 2587 782 2643 ferienda
806 2605 894 2660 usqne
918 2588 955 2643 ad
1004 2590 1064 2640 cent
1088 2600 1176 2640 amires
1203 2587 1295 2655 capias
1319 2584 1470 2641 Cleristiani
1497 2588 1640 2642 caercima
1667 2585 1822 2642 Prudenter

142 2679 254 2744 portam
274 2675 392 2731 civitatis
413 2679 553 2750 persecuti
574 2686 649 2735 sunt.
672 2680 780 2737 Deinde
802 2682 955 2738 lietduinus
1004 2681 1089 2749 ipitra
1108 2683 1134 2734 cl
1155 2679 1261 2734 utiliter
1281 2679 1456 2734 tractandam
1475 2685 1523 2741 est,
1547 2694 1581 2734 ne
1598 2694 1753 2750 paramus,
1774 2696 1821 2736 nec

142 2766 955 2846 illicosuisjnssitutibidemtantorisfigerent,eturbem
1004 2772 1103 2842 irsjuste
1121 2775 1151 2827 in
1176 2787 1224 2827 nas
1243 2773 1441 2827 intolerabilem
1461 2772 1678 2828 chritianorum
1698 2775 1822 2842 turmam

143 2861 313 2918 obsiderent.
1002 2881 1184 2937 prouocemus.
1203 2867 1327 2921 Proditis
1347 2868 1402 2921 ista
1428 2866 1504 2921 nobis
1527 2866 1717 2934 ipaorantibus
1742 2870 1822 2937 tacta

179 2957 210 3011 ln
226 2957 296 3012 urbe
314 2973 379 3013 vero
399 2959 506 3013 multus
528 2975 594 3014 mox
614 2961 748 3032 strepitus
769 2965 882 3017 exortus
903 2968 955 3032 est,
1005 2964 1053 3022 cst,
1067 2961 1239 3030 celeriterque
1261 2963 1368 3015 lenham
1388 2961 1467 3027 nefas
1485 2960 1656 3030 puniendum
1680 2968 1729 3017 est.
1747 2962 1822 3018 Unde

144 3052 305 3122 etpopulus
319 3051 454 3107 inunum
469 3053 595 3125 undique
609 3061 798 3126 congregatus
812 3062 864 3111 est.
877 3058 955 3112 Tana
1005 3056 1139 3108 communi
1159 3054 1258 3107 ciuium
1278 3055 1414 3109 smtcntia
1434 3059 1560 3109 emantur
1575 3058 1606 3109 ut
1627 3055 1710 3123 infidi
1726 3055 1822 3125 pradi-

143 3144 255 3212 Tobiae,
278 3145 313 3199 de
335 3146 507 3216 primoribus
529 3147 647 3203 civitatis
668 3149 820 3217 maximus,
843 3150 880 3204 ait
903 3167 910 3206 :
934 3114 992 3208 OC
1005 3150 1072 3202 tores
1087 3147 1232 3203 secundum
1250 3149 1357 3217 priscas
1379 3148 1447 3215 leqes
1467 3149 1594 3202 atrociter
1614 3150 1820 3218 puniantur,et

145 3238 208 3292 bani
222 3242 300 3300 maes,
315 3240 456 3310 paulisper
471 3243 606 3311 quiescite,
621 3258 721 3313 quaeso,
734 3249 760 3297 et
774 3259 820 3312 epa
834 3260 894 3298 cram
907 3246 955 3299 tri·
1004 3243 1104 3310 eqreqii
1124 3241 1229 3296 sodales
1253 3242 1306 3295 imo
1331 3244 1432 3295 tutores
1456 3241 1599 3311 honomtlce
1625 3242 1817 3298 concitantur.

145 3333 194 3386 bns
215 3333 408 3388 contribulibus
429 3336 494 3389 meis
516 3336 593 3391 mado
614 3339 730 3391 Francos
752 3337 842 3399 adibo,
863 3344 888 3392 ct
908 3354 956 3393 aar
1005 3333 1133 3400 Interim,
1147 3333 1215 3388 dum
1224 3333 1323 3388 Tobiae
1339 3333 1522 3389 hoecloculue
1534 3336 1587 3403 est,
1601 3339 1701 3390 turma
1714 3336 1821 3392 civium

144 3426 177 3480 ab
191 3426 246 3481 iltis
258 3427 409 3482 absidanar
421 3428 569 3498 iadaqabo.
582 3429 710 3494 Quataor
727 3430 817 3501 igitur
830 3432 957 3502 optima·
1006 3427 1142 3498 palatium
1157 3443 1223 3482 cum
1239 3427 1350 3482 silentio
1370 3431 1453 3483 caute
1476 3427 1603 3500 ingressa
1623 3431 1675 3484 est.
1691 3431 1820 3503 Prophe-

143 3524 185 3575 tes
205 3520 282 3575 nrbis
304 3522 410 3593 egrossi
429 3528 504 3590 sunt,
526 3529 554 3577 et
578 3539 692 3578 eausam
717 3527 776 3579 tam
797 3526 955 3597 repentinae
1006 3537 1059 3576 nus
1072 3526 1167 3576 autem
1181 3521 1250 3577 scita
1269 3537 1367 3593 pacem
1381 3521 1572 3594 quaerentium
1583 3526 1754 3595 arroganter
1771 3525 1822 3580 de·

144 3614 835 3690 obsidionisinquisierunl.Balduinusrespondit:
846 3622 956 3676 Fratres
1006 3615 1107 3687 spexit,
1121 3631 1237 3687 seseque
1252 3615 1421 3671 traditorum
1440 3615 1618 3671 defensorem
1637 3623 1666 3671 et
1684 3632 1822 3689 coopera-

143 3724 214 3764 meas
232 3715 257 3764 ct
278 3712 375 3767 amieos
393 3717 419 3765 et
438 3711 553 3766 nabilem
574 3713 717 3766 canatum
740 3711 956 3768 Christianarum
1005 3714 1095 3764 iorem
1109 3709 1204 3781 palam
1217 3708 1349 3764 ostendit.
1363 3708 1444 3763 Unde
1459 3709 1523 3764 irati
1544 3710 1618 3765 cives
1635 3712 1770 3782 protinus
1789 3712 1822 3767 in

144 3804 174 3856 in
188 3802 283 3858 Cilicia
297 3804 390 3859 dimisi
405 3809 430 3860 et
453 3821 514 3859 carm
528 3819 575 3860 ceo
587 3805 720 3860 militibus
729 3807 842 3874 eqreqiis
857 3809 957 3861 sarire
1007 3818 1072 3858 eum
1087 3803 1242 3871 irruerunt,
1258 3807 1286 3857 et
1298 3802 1491 3857 irreverenter
1504 3808 1587 3875 capnt
1608 3804 1670 3875 ejus
1684 3809 1820 3877 amputa-

144 3896 284 3950 nobishoc
305 3897 415 3959 adveni,
429 3903 454 3951 et
467 3898 542 3951 vobis
556 3897 670 3966 daretque
686 3902 772 3952 uestra
789 3900 817 3952 in
837 3899 957 3953 omnibus
1006 3902 1118 3951 verrini.
1131 3897 1208 3951 Tunc
1228 3896 1329 3952 Tobiae
1347 3899 1435 3968 capsi
1453 3895 1593 3951 abscisum
1613 3898 1735 3969 accepit,
1752 3899 1822 3954 vici-

144 3996 332 4057 propuqnatar
349 3990 436 4058 {tdelr‘s
449 3992 550 4045 eastiti.
566 3989 716 4045 Christiani
728 4006 781 4059 pro
797 4006 887 4045 amare
901 4006 957 4046 mea
1007 3989 1107 4060 nisque
1130 3988 1237 4044 civibus
1258 3988 1349 4043 dixit:
1365 3991 1419 4043 Hoc
1439 3990 1590 4060 palatium,
1613 4007 1675 4045 cerm
1699 3993 1823 4049 omnibra

149 4081 246 4135 limites
261 4085 358 4137 nestra
375 4084 490 4149 reqiaais
508 4083 660 4149 continuere
677 4084 757 4136 ueriti
776 4088 851 4149 ssent,
867 4084 957 4138 nullo·
1007 4083 1173 4152 rebusque
1191 4084 1265 4137 intas
1282 4083 1426 4146 habentur,
1441 4082 1556 4137 illesum
1578 4083 1722 4149 custodite,
1735 4089 1762 4140 et
1777 4101 1823 4156 eqo

148 4189 199 4242 que
223 4175 300 4229 mado
327 4175 456 4230 damnum
482 4175 595 4245 aliquod
620 4176 693 4230 uobis
716 4176 875 4231 intulerunt.
902 4179 959 4246 tipo
1008 4192 1067 4231 cum
1080 4176 1219 4231 sodalibus
1233 4177 1298 4231 meis
1311 4179 1427 4232 Francos
1443 4176 1579 4231 reddam
1597 4193 1660 4233 cam
1677 4179 1781 4247 amidio
1798 4185 1824 4236 et

148 4282 211 4322 cam
233 4270 298 4323 meis
322 4272 415 4323 cantra
439 4269 567 4338 initimas
590 4269 676 4324 hostes
696 4271 793 4325 acriter
815 4271 958 4340 praeliatas
1008 4285 1082 4339 poce.
1107 4268 1153 4324 llis
1176 4268 1269 4337 dictis,
1286 4267 1387 4323 Tobios
1407 4284 1537 4341 egressus
1558 4275 1610 4338 est,
1639 4274 1670 4326 et
1694 4272 1824 4328 salutatis

149 4375 218 4424 sum,
233 4368 258 4417 ct
273 4362 306 4417 de
327 4363 442 4417 inienicis
453 4364 559 4423 nestris,
573 4362 611 4416 ad
629 4368 744 4418 uestram
763 4378 857 4433 pacem
874 4368 899 4418 et
917 4379 957 4419 sc·
1009 4363 1122 4418 Francis
1142 4363 1181 4417 ita
1202 4363 1311 4417 locutus
1331 4364 1397 4418 est:
1418 4363 1547 4419 Edesseni
1567 4367 1647 4428 ciues,
1661 4365 1696 4421 dc
1718 4367 1824 4436 iniuria

149 4459 302 4518 caritatem,
317 4457 505 4526 frequentibus
525 4456 669 4527 triumphis
684 4458 787 4526 potitus
808 4473 877 4512 sum.
896 4459 998 4551 liacD
1009 4457 1082 4511 uobis
1095 4458 1172 4524 screto
1184 4456 1264 4512 ualde
1275 4463 1423 4519 merentes,
1440 4457 1629 4513 rectitudinem
1643 4474 1661 4513 a
1675 4459 1744 4515 duee
1760 4476 1824 4532 pos·

145 4556 244 4626 procul
265 4555 346 4609 dubia
361 4569 407 4609 aas
429 4557 484 4625 ipsi
498 4555 614 4618 uidistis,
629 4560 654 4610 et
670 4570 716 4609 uos
734 4555 847 4610 amidio
864 4554 959 4611 hanam
1011 4551 1174 4605 intrauerunt.
1200 4550 1263 4613 Sed,
1286 4552 1352 4620 qaia
1375 4551 1422 4605 ille
1447 4555 1584 4606 auctorem
1608 4565 1636 4607 sc
1656 4553 1826 4622 proditionis

150 4650 237 4711 nobis
251 4654 282 4704 nt
294 4650 399 4719 opinor,
415 4650 607 4718 astipulatores
619 4651 702 4704 eritis.
716 4649 787 4715 Quid
804 4652 890 4718 iqitar
901 4665 958 4720 eqo,
1009 4645 1093 4711 subsc
1106 4643 1217 4709 delenit,
1235 4650 1316 4714 carpat
1334 4645 1409 4698 illins
1424 4641 1633 4715 preseenerunt.
1652 4648 1689 4701 Et
1708 4662 1764 4703 esce
1783 4664 1825 4702 ca

151 4745 331 4812 sociiqucmei
343 4743 620 4813 hodiepeccanimas?
634 4745 703 4797 hum
716 4742 875 4805 (adnostros,
890 4745 961 4798 sicut
1006 4743 1060 4809 put
1075 4740 1179 4793 inimici
1198 4739 1247 4793 Dei
1270 4743 1295 4792 et
1315 4739 1406 4802 nestri,
1430 4753 1480 4809 per
1502 4753 1561 4801 nos,
1583 4739 1658 4796 uobis
1679 4744 1826 4800 muriunt.

150 4836 208 4890 heri
234 4843 259 4890 rt
283 4836 385 4891 eradius
413 4839 516 4898 tertius,
542 4837 611 4891 lares
635 4838 688 4890 tuti
711 4836 908 4905 repedaremus,
935 4841 961 4891 ct
1010 4831 1122 4888 Cunctis
1148 4830 1215 4886 inde
1239 4830 1440 4903 gaudentibus,
1464 4832 1564 4887 Tobiae
1589 4831 1715 4904 adjecit:
1742 4837 1824 4900 Veni,

151 4931 339 4985 commilitones
352 4932 448 4992 nostri,
465 4946 498 4985 ea
516 4933 654 5001 insperato
671 4931 771 4985 strictis
791 4945 839 4984 nos
856 4930 894 4984 ad
913 4947 960 4985 neu
1010 4926 1085 4981 miles
1109 4927 1222 4994 eqreqie,
1248 4932 1273 4979 ct
1297 4926 1382 4994 tiliam
1404 4925 1480 4980 dacis
1503 4928 1531 4980 in
1558 4926 1699 4995 cornuaem
1724 4932 1825 5001 accipe.

150 5039 204 5077 ccrn
229 5026 402 5093 impetierunt
424 5024 525 5094 qladiis
546 5030 572 5078 et
594 5023 814 5078 massiliensem
836 5025 910 5079 nobis
932 5026 962 5079 in
1010 5021 1075 5074 Esto
1088 5021 1214 5090 prinecps
1231 5024 1329 5083 noster,
1342 5024 1368 5074 et
1385 5019 1547 5075 Edessenum
1565 5020 1699 5077 ducatum
1717 5025 1828 5094 posside

150 5122 228 5170 trinta
254 5120 408 5173 necessitate
432 5118 627 5182 resistentibus,
660 5123 685 5173 et
713 5117 865 5173 Christiana
891 5133 962 5173 more
1007 5115 1169 5184 perenniter·

151 5212 235 5265 Deum
255 5212 455 5274 innocentibus,
470 5212 602 5274 Christus,
616 5214 687 5267 Deras
709 5216 807 5274 noster,
829 5213 878 5281 qui
893 5227 959 5266 sem-
1047 5206 1198 5261 balduinus
1212 5206 1308 5278 itaque
1322 5221 1386 5261 cnm
1406 5205 1464 5260 suis
1483 5206 1641 5278 tripudians
1654 5207 1758 5263 urbem
1778 5210 1825 5265 in·

145 5318 197 5373 per
208 5305 266 5358 suis
278 5309 422 5374 promptus
433 5303 544 5373 (adjutor
558 5310 607 5370 est,
621 5306 697 5361 nobis
709 5305 742 5360 de
751 5305 814 5360 cela
827 5305 962 5360 ancilium
1011 5317 1123 5373 gressus
1135 5303 1187 5368 est,
1202 5305 1231 5355 at
1241 5299 1271 5354 in
1285 5299 1389 5372 palatio
1398 5300 1549 5372 principali
1562 5316 1579 5356 a
1592 5301 1703 5358 cunctis
1714 5301 1827 5359 civibus

148 5397 368 5468 prestolantibus
386 5397 506 5452 colenter
524 5401 677 5455 arrailintns
698 5405 747 5454 cst.
771 5400 960 5468 Commaaipn-
1012 5395 1092 5450 valde
1119 5393 1308 5465 gaudentibus
1334 5395 1480 5465 susceptas
1505 5397 1557 5449 esl.
1586 5393 1709 5466 insignis
1729 5396 1827 5468 puella

149 5491 218 5545 lares
237 5492 332 5553 nostri,
354 5492 403 5561 qui
425 5505 473 5543 nas
496 5491 628 5547 hostiliter
649 5494 769 5563 oppressi
788 5497 862 5553 sunt,
884 5507 962 5548 arma
1011 5489 1140 5544 scelerosi
1155 5487 1234 5543 discis
1248 5490 1409 5560 opportuno
1427 5491 1557 5559 tempore
1573 5487 1713 5559 baptizata
1726 5492 1780 5561 est,
1798 5494 1828 5545 et

150 5588 243 5639 nestra
260 5600 310 5654 pra
335 5583 478 5639 animabus
496 5586 595 5640 nostris
613 5590 704 5641 aare
722 5590 920 5656 persenserunt,
936 5591 962 5641 ct
1012 5582 1134 5655 eleganti
1156 5581 1306 5652 Balduino,
1320 5596 1414 5653 quem,
1428 5580 1539 5636 vivente
1561 5585 1653 5653 patre,
1666 5583 1716 5639 sed
1738 5583 1825 5657 igno·

149 5683 225 5747 terqa
238 5678 333 5733 darrtcs
344 5679 493 5746 sapaunt5
510 5693 543 5732 cc
555 5680 654 5748 quibas
673 5680 808 5743 nonnulli,
823 5685 855 5735 at
870 5680 962 5735 uidem
1012 5682 1101 5746 rante,
1121 5675 1286 5731 medullitus
1306 5680 1459 5747 optaverat,
1479 5673 1581 5730 sociata
1600 5680 1653 5731 est.
1676 5676 1826 5751 ludigense

133 5775 263 5842 pronora>
281 5775 312 5829 in
327 5770 500 5843 einpclidia
516 5772 704 5830 consodalibus
715 5775 803 5830 retiati
816 5780 892 5831 sunt.
914 5775 962 5832 llis
1012 5769 1173 5839 Christiani,
1189 5769 1265 5845 quod
1287 5768 1448 5828 Christiano
1473 5767 1597 5844 principi
1620 5768 1825 5845 subderentur,
