<?xml version="1.0" encoding="UTF-8"?>
<!DOCTYPE html PUBLIC "-//W3C//DTD XHTML 1.0 Transitional//EN"
    "http://www.w3.org/TR/xhtml1/DTD/xhtml1-transitional.dtd">
<html xmlns="http://www.w3.org/1999/xhtml" xml:lang="en" lang="en">
 <head>
  <title>
</title>
<meta http-equiv="Content-Type" content="text/html;charset=utf-8" />
  <meta name='ocr-system' content='tesseract 3.04.00' />
  <meta name='ocr-capabilities' content='ocr_page ocr_carea ocr_par ocr_line ocrx_word'/>
</head>
<body>
  <div class='ocr_page' id='page_1' title='image "./patrologiaecurs67unkngoog_0822.png"; bbox 0 0 3750 6046; ppageno 0'>
   <div class='ocr_carea' id='block_1_1' title="bbox 112 188 1791 256">
    <p class='ocr_par' dir='ltr' id='par_1_1' title="bbox 112 188 1791 256">
     <span class='ocr_line' id='line_1_1' title="bbox 112 188 1791 256; baseline -0.001 0"><span class='ocrx_word' id='word_1_1' title='bbox 112 200 180 256; x_wconf 75' lang='lat' dir='ltr'><strong>acar</strong></span> <span class='ocrx_word' id='word_1_2' title='bbox 610 196 780 256; x_wconf 73' lang='lat' dir='ltr'><strong>aristosa</strong></span> <span class='ocrx_word' id='word_1_3' title='bbox 799 198 842 256; x_wconf 83' lang='lat' dir='ltr'><strong>ur</strong></span> <span class='ocrx_word' id='word_1_4' title='bbox 860 197 1060 256; x_wconf 76' lang='lat' dir='ltr'><strong>cerviseam.</strong></span> <span class='ocrx_word' id='word_1_5' title='bbox 1072 226 1108 240; x_wconf 88' lang='lat'><em>-</em></span> <span class='ocrx_word' id='word_1_6' title='bbox 1125 188 1182 255; x_wconf 80' lang='lat' dir='ltr'><strong>siv.</strong></span> <span class='ocrx_word' id='word_1_7' title='bbox 1205 200 1282 255; x_wconf 82' lang='lat' dir='ltr'><strong>viss.</strong></span> <span class='ocrx_word' id='word_1_8' title='bbox 1722 196 1791 255; x_wconf 82' lang='lat' dir='ltr'><strong>losa</strong></span> 
     </span>
    </p>
   </div>
   <div class='ocr_carea' id='block_1_2' title="bbox 95 320 1868 3010">
    <p class='ocr_par' dir='ltr' id='par_1_2' title="bbox 95 320 1868 3010">
     <span class='ocr_line' id='line_1_2' title="bbox 109 320 1789 408; baseline -0.001 -30"><span class='ocrx_word' id='word_1_9' title='bbox 109 325 191 380; x_wconf 89' lang='lat' dir='ltr'><strong>Brnel</strong></span> <span class='ocrx_word' id='word_1_10' title='bbox 212 324 247 380; x_wconf 91' lang='lat' dir='ltr'><strong>de</strong></span> <span class='ocrx_word' id='word_1_11' title='bbox 267 322 615 391; x_wconf 73' lang='lat' dir='ltr'><strong>Voluho,‘lliddebneroke</strong></span> <span class='ocrx_word' id='word_1_12' title='bbox 635 323 921 393; x_wconf 78' lang='lat' dir='ltr'><strong>(biddelmerbroke),</strong></span> <span class='ocrx_word' id='word_1_13' title='bbox 933 323 1080 408; x_wconf 59' lang='lat' dir='ltr'><strong>Avientes</strong></span> <span class='ocrx_word' id='word_1_14' title='bbox 1093 323 1190 393; x_wconf 90' lang='lat' dir='ltr'><strong>ipsius,</strong></span> <span class='ocrx_word' id='word_1_15' title='bbox 1207 323 1236 377; x_wconf 88' lang='lat' dir='ltr'><strong>in</strong></span> <span class='ocrx_word' id='word_1_16' title='bbox 1255 321 1355 378; x_wconf 88' lang='lat' dir='ltr'><strong>eadem</strong></span> <span class='ocrx_word' id='word_1_17' title='bbox 1371 321 1505 379; x_wconf 88' lang='lat' dir='ltr'><strong>libertate</strong></span> <span class='ocrx_word' id='word_1_18' title='bbox 1517 320 1547 377; x_wconf 92' lang='lat' dir='ltr'><strong>in</strong></span> <span class='ocrx_word' id='word_1_19' title='bbox 1566 336 1624 394; x_wconf 88' lang='lat' dir='ltr'><strong>qua</strong></span> <span class='ocrx_word' id='word_1_20' title='bbox 1643 320 1727 377; x_wconf 79' lang='lat' dir='ltr'><strong>bonae</strong></span> <span class='ocrx_word' id='word_1_21' title='bbox 1748 338 1789 377; x_wconf 77' lang='lat' dir='ltr'><strong>re&#39;</strong></span> 
     </span>
     <span class='ocr_line' id='line_1_3' title="bbox 108 415 1790 489; baseline -0.001 -16"><span class='ocrx_word' id='word_1_22' title='bbox 108 418 241 474; x_wconf 87' lang='lat' dir='ltr'><strong>ecclesias</strong></span> <span class='ocrx_word' id='word_1_23' title='bbox 261 417 339 472; x_wconf 89' lang='lat' dir='ltr'><strong>beati</strong></span> <span class='ocrx_word' id='word_1_24' title='bbox 355 418 476 485; x_wconf 86' lang='lat' dir='ltr'><strong>ldartini,</strong></span> <span class='ocrx_word' id='word_1_25' title='bbox 491 417 558 473; x_wconf 90' lang='lat' dir='ltr'><strong>sitas</strong></span> <span class='ocrx_word' id='word_1_26' title='bbox 576 417 606 472; x_wconf 91' lang='lat' dir='ltr'><strong>in</strong></span> <span class='ocrx_word' id='word_1_27' title='bbox 625 417 784 488; x_wconf 87' lang='lat' dir='ltr'><strong>llollandia,</strong></span> <span class='ocrx_word' id='word_1_28' title='bbox 811 433 875 488; x_wconf 79' lang='lat' dir='ltr'><strong>quas</strong></span> <span class='ocrx_word' id='word_1_29' title='bbox 888 417 924 474; x_wconf 92' lang='lat' dir='ltr'><strong>ad</strong></span> <span class='ocrx_word' id='word_1_30' title='bbox 974 416 1143 472; x_wconf 87' lang='lat' dir='ltr'><strong>cordationis</strong></span> <span class='ocrx_word' id='word_1_31' title='bbox 1156 420 1236 473; x_wconf 79' lang='lat' dir='ltr'><strong>huno</strong></span> <span class='ocrx_word' id='word_1_32' title='bbox 1252 416 1399 487; x_wconf 89' lang='lat' dir='ltr'><strong>quondam</strong></span> <span class='ocrx_word' id='word_1_33' title='bbox 1413 415 1587 472; x_wconf 88' lang='lat' dir='ltr'><strong>Coloniensis</strong></span> <span class='ocrx_word' id='word_1_34' title='bbox 1604 416 1790 489; x_wconf 87' lang='lat' dir='ltr'><strong>archiepisco·</strong></span> 
     </span>
     <span class='ocr_line' id='line_1_4' title="bbox 107 508 1790 583; baseline -0.001 -17"><span class='ocrx_word' id='word_1_35' title='bbox 107 516 189 566; x_wconf 91' lang='lat' dir='ltr'><strong>tuum</strong></span> <span class='ocrx_word' id='word_1_36' title='bbox 200 513 248 583; x_wconf 75' lang='lat' dir='ltr'><strong>Jns</strong></span> <span class='ocrx_word' id='word_1_37' title='bbox 264 512 410 583; x_wconf 87' lang='lat' dir='ltr'><strong>pertinere</strong></span> <span class='ocrx_word' id='word_1_38' title='bbox 423 515 589 566; x_wconf 91' lang='lat' dir='ltr'><strong>noscuntur.</strong></span> <span class='ocrx_word' id='word_1_39' title='bbox 973 527 1027 581; x_wconf 90' lang='lat' dir='ltr'><strong>pus</strong></span> <span class='ocrx_word' id='word_1_40' title='bbox 1042 509 1173 581; x_wconf 87' lang='lat' dir='ltr'><strong>precibus</strong></span> <span class='ocrx_word' id='word_1_41' title='bbox 1195 508 1396 565; x_wconf 90' lang='lat' dir='ltr'><strong>lrminthrudis</strong></span> <span class='ocrx_word' id='word_1_42' title='bbox 1414 510 1564 564; x_wconf 75' lang='lat' dir='ltr'><strong>comitissas</strong></span> <span class='ocrx_word' id='word_1_43' title='bbox 1583 509 1790 564; x_wconf 76' lang='lat' dir='ltr'><strong>rationabiliter</strong></span> 
     </span>
     <span class='ocr_line' id='line_1_5' title="bbox 141 602 1791 676; baseline 0 -18"><span class='ocrx_word' id='word_1_44' title='bbox 141 604 322 660; x_wconf 83' lang='lat' dir='ltr'><strong>Decernimus</strong></span> <span class='ocrx_word' id='word_1_45' title='bbox 336 621 404 676; x_wconf 91' lang='lat' dir='ltr'><strong>ergo</strong></span> <span class='ocrx_word' id='word_1_46' title='bbox 418 608 450 659; x_wconf 92' lang='lat' dir='ltr'><strong>ut</strong></span> <span class='ocrx_word' id='word_1_47' title='bbox 462 605 532 659; x_wconf 91' lang='lat' dir='ltr'><strong>nulli</strong></span> <span class='ocrx_word' id='word_1_48' title='bbox 545 605 661 659; x_wconf 90' lang='lat' dir='ltr'><strong>omnino</strong></span> <span class='ocrx_word' id='word_1_49' title='bbox 676 604 825 659; x_wconf 89' lang='lat' dir='ltr'><strong>bominum</strong></span> <span class='ocrx_word' id='word_1_50' title='bbox 841 604 922 658; x_wconf 88' lang='lat' dir='ltr'><strong>liceat</strong></span> <span class='ocrx_word' id='word_1_51' title='bbox 973 604 1101 658; x_wconf 90' lang='lat' dir='ltr'><strong>noscitur</strong></span> <span class='ocrx_word' id='word_1_52' title='bbox 1112 603 1251 674; x_wconf 85' lang='lat' dir='ltr'><strong>posuisse,</strong></span> <span class='ocrx_word' id='word_1_53' title='bbox 1267 606 1404 674; x_wconf 88' lang='lat' dir='ltr'><strong>perpetuo</strong></span> <span class='ocrx_word' id='word_1_54' title='bbox 1415 602 1536 658; x_wconf 85' lang='lat' dir='ltr'><strong>debeant</strong></span> <span class='ocrx_word' id='word_1_55' title='bbox 1550 619 1707 672; x_wconf 88' lang='lat' dir='ltr'><strong>remanere,</strong></span> <span class='ocrx_word' id='word_1_56' title='bbox 1719 604 1791 658; x_wconf 89' lang='lat' dir='ltr'><strong>sicut</strong></span> 
     </span>
     <span class='ocr_line' id='line_1_6' title="bbox 104 696 1789 770; baseline 0 -18"><span class='ocrx_word' id='word_1_57' title='bbox 104 699 256 770; x_wconf 79' lang='lat' dir='ltr'><strong>praefatam</strong></span> <span class='ocrx_word' id='word_1_58' title='bbox 280 698 428 753; x_wconf 89' lang='lat' dir='ltr'><strong>ecclesiam</strong></span> <span class='ocrx_word' id='word_1_59' title='bbox 456 701 563 752; x_wconf 88' lang='lat' dir='ltr'><strong>temere</strong></span> <span class='ocrx_word' id='word_1_60' title='bbox 589 698 765 768; x_wconf 86' lang='lat' dir='ltr'><strong>perturbare,</strong></span> <span class='ocrx_word' id='word_1_61' title='bbox 791 701 840 752; x_wconf 88' lang='lat' dir='ltr'><strong>aut</strong></span> <span class='ocrx_word' id='word_1_62' title='bbox 861 697 923 767; x_wconf 88' lang='lat' dir='ltr'><strong>ejus</strong></span> <span class='ocrx_word' id='word_1_63' title='bbox 972 698 1002 752; x_wconf 92' lang='lat' dir='ltr'><strong>in</strong></span> <span class='ocrx_word' id='word_1_64' title='bbox 1016 696 1121 768; x_wconf 86' lang='lat' dir='ltr'><strong>scripto</strong></span> <span class='ocrx_word' id='word_1_65' title='bbox 1133 697 1236 752; x_wconf 78' lang='lat' dir='ltr'><strong>exinde</strong></span> <span class='ocrx_word' id='word_1_66' title='bbox 1249 696 1324 751; x_wconf 91' lang='lat' dir='ltr'><strong>facto</strong></span> <span class='ocrx_word' id='word_1_67' title='bbox 1344 697 1514 751; x_wconf 81' lang='lat' dir='ltr'><strong>continetur.</strong></span> <span class='ocrx_word' id='word_1_68' title='bbox 1534 698 1703 752; x_wconf 89' lang='lat' dir='ltr'><strong>Potestatem</strong></span> <span class='ocrx_word' id='word_1_69' title='bbox 1717 713 1789 768; x_wconf 93' lang='lat' dir='ltr'><strong>quo-</strong></span> 
     </span>
     <span class='ocr_line' id='line_1_7' title="bbox 105 773 1790 863; baseline -0.001 -16"><span class='ocrx_word' id='word_1_70' title='bbox 105 791 297 863; x_wconf 90' lang='lat' dir='ltr'><strong>possessiones</strong></span> <span class='ocrx_word' id='word_1_71' title='bbox 312 773 436 858; x_wconf 85' lang='lat' dir='ltr'><strong>auferre,</strong></span> <span class='ocrx_word' id='word_1_72' title='bbox 450 792 494 846; x_wconf 89' lang='lat' dir='ltr'><strong>vel</strong></span> <span class='ocrx_word' id='word_1_73' title='bbox 509 791 615 846; x_wconf 88' lang='lat' dir='ltr'><strong>ablatas</strong></span> <span class='ocrx_word' id='word_1_74' title='bbox 629 791 762 858; x_wconf 86' lang='lat' dir='ltr'><strong>retinere,</strong></span> <span class='ocrx_word' id='word_1_75' title='bbox 779 791 920 856; x_wconf 89' lang='lat' dir='ltr'><strong>minuere,</strong></span> <span class='ocrx_word' id='word_1_76' title='bbox 971 807 1027 863; x_wconf 92' lang='lat' dir='ltr'><strong>que</strong></span> <span class='ocrx_word' id='word_1_77' title='bbox 1044 790 1173 861; x_wconf 87' lang='lat' dir='ltr'><strong>justitias</strong></span> <span class='ocrx_word' id='word_1_78' title='bbox 1194 789 1344 845; x_wconf 82' lang='lat' dir='ltr'><strong>exercendi</strong></span> <span class='ocrx_word' id='word_1_79' title='bbox 1358 795 1386 844; x_wconf 89' lang='lat' dir='ltr'><strong>et</strong></span> <span class='ocrx_word' id='word_1_80' title='bbox 1400 790 1552 845; x_wconf 88' lang='lat' dir='ltr'><strong>definiendi</strong></span> <span class='ocrx_word' id='word_1_81' title='bbox 1572 806 1657 862; x_wconf 90' lang='lat' dir='ltr'><strong>super</strong></span> <span class='ocrx_word' id='word_1_82' title='bbox 1679 790 1790 846; x_wconf 87' lang='lat' dir='ltr'><strong>familia</strong></span> 
     </span>
     <span class='ocr_line' id='line_1_8' title="bbox 104 883 1868 957; baseline 0 -18"><span class='ocrx_word' id='word_1_83' title='bbox 104 902 153 940; x_wconf 89' lang='lat' dir='ltr'><strong>seu</strong></span> <span class='ocrx_word' id='word_1_84' title='bbox 179 885 352 957; x_wconf 90' lang='lat' dir='ltr'><strong>quibuslibet</strong></span> <span class='ocrx_word' id='word_1_85' title='bbox 375 884 571 940; x_wconf 81' lang='lat' dir='ltr'><strong>venationibus</strong></span> <span class='ocrx_word' id='word_1_86' title='bbox 594 884 723 955; x_wconf 84' lang='lat' dir='ltr'><strong>fatigare,</strong></span> <span class='ocrx_word' id='word_1_87' title='bbox 751 884 798 939; x_wconf 90' lang='lat' dir='ltr'><strong>sed</strong></span> <span class='ocrx_word' id='word_1_88' title='bbox 825 885 920 939; x_wconf 89' lang='lat' dir='ltr'><strong>omnia</strong></span> <span class='ocrx_word' id='word_1_89' title='bbox 972 883 1244 955; x_wconf 87' lang='lat' dir='ltr'><strong>ejusdemecclcsiee</strong></span> <span class='ocrx_word' id='word_1_90' title='bbox 1258 883 1440 956; x_wconf 73' lang='lat' dir='ltr'><strong>quambene</strong></span> <span class='ocrx_word' id='word_1_91' title='bbox 1454 884 1789 955; x_wconf 78' lang='lat' dir='ltr'><strong>memoriaelrmingarda</strong></span> <span class='ocrx_word' id='word_1_92' title='bbox 1865 934 1868 939; x_wconf 92' lang='lat'><strong>.</strong></span> 
     </span>
     <span class='ocr_line' id='line_1_9' title="bbox 102 977 1785 1050; baseline 0 -17"><span class='ocrx_word' id='word_1_93' title='bbox 102 982 217 1050; x_wconf 81' lang='lat' dir='ltr'><strong>integra</strong></span> <span class='ocrx_word' id='word_1_94' title='bbox 233 982 437 1034; x_wconf 83' lang='lat' dir='ltr'><strong>conserventur</strong></span> <span class='ocrx_word' id='word_1_95' title='bbox 449 995 561 1044; x_wconf 88' lang='lat' dir='ltr'><strong>eorum,</strong></span> <span class='ocrx_word' id='word_1_96' title='bbox 575 994 627 1050; x_wconf 87' lang='lat' dir='ltr'><strong>pro</strong></span> <span class='ocrx_word' id='word_1_97' title='bbox 644 994 766 1049; x_wconf 91' lang='lat' dir='ltr'><strong>quorum</strong></span> <span class='ocrx_word' id='word_1_98' title='bbox 780 978 921 1048; x_wconf 89' lang='lat' dir='ltr'><strong>guberna·</strong></span> <span class='ocrx_word' id='word_1_99' title='bbox 971 977 1131 1033; x_wconf 90' lang='lat' dir='ltr'><strong>devotionis</strong></span> <span class='ocrx_word' id='word_1_100' title='bbox 1146 978 1251 1032; x_wconf 89' lang='lat' dir='ltr'><strong>intuitu</strong></span> <span class='ocrx_word' id='word_1_101' title='bbox 1265 978 1390 1032; x_wconf 89' lang='lat' dir='ltr'><strong>noscitur</strong></span> <span class='ocrx_word' id='word_1_102' title='bbox 1403 977 1785 1043; x_wconf 86' lang='lat' dir='ltr'><strong>rationabilitereontulisse;</strong></span> 
     </span>
     <span class='ocr_line' id='line_1_10' title="bbox 102 1070 1786 1142; baseline -0.002 -15"><span class='ocrx_word' id='word_1_103' title='bbox 102 1073 178 1127; x_wconf 89' lang='lat' dir='ltr'><strong>tione</strong></span> <span class='ocrx_word' id='word_1_104' title='bbox 194 1089 225 1127; x_wconf 87' lang='lat' dir='ltr'><strong>ac</strong></span> <span class='ocrx_word' id='word_1_105' title='bbox 240 1073 443 1127; x_wconf 79' lang='lat' dir='ltr'><strong>sustentatione</strong></span> <span class='ocrx_word' id='word_1_106' title='bbox 462 1088 597 1127; x_wconf 84' lang='lat' dir='ltr'><strong>concessa</strong></span> <span class='ocrx_word' id='word_1_107' title='bbox 618 1074 694 1138; x_wconf 91' lang='lat' dir='ltr'><strong>sunt,</strong></span> <span class='ocrx_word' id='word_1_108' title='bbox 712 1071 809 1126; x_wconf 91' lang='lat' dir='ltr'><strong>usibus</strong></span> <span class='ocrx_word' id='word_1_109' title='bbox 825 1071 918 1125; x_wconf 91' lang='lat' dir='ltr'><strong>omni·</strong></span> <span class='ocrx_word' id='word_1_110' title='bbox 969 1070 1096 1126; x_wconf 87' lang='lat' dir='ltr'><strong>decimas</strong></span> <span class='ocrx_word' id='word_1_111' title='bbox 1110 1087 1262 1142; x_wconf 88' lang='lat' dir='ltr'><strong>porcorum</strong></span> <span class='ocrx_word' id='word_1_112' title='bbox 1274 1071 1401 1141; x_wconf 88' lang='lat' dir='ltr'><strong>ejusdem</strong></span> <span class='ocrx_word' id='word_1_113' title='bbox 1415 1071 1568 1127; x_wconf 81' lang='lat' dir='ltr'><strong>comitisse</strong></span> <span class='ocrx_word' id='word_1_114' title='bbox 1584 1071 1631 1142; x_wconf 87' lang='lat' dir='ltr'><strong>qui</strong></span> <span class='ocrx_word' id='word_1_115' title='bbox 1647 1072 1676 1125; x_wconf 90' lang='lat' dir='ltr'><strong>in</strong></span> <span class='ocrx_word' id='word_1_116' title='bbox 1690 1073 1786 1140; x_wconf 78' lang='lat' dir='ltr'><strong>Bessa,</strong></span> 
     </span>
     <span class='ocr_line' id='line_1_11' title="bbox 101 1161 1788 1237; baseline -0.002 -17"><span class='ocrx_word' id='word_1_117' title='bbox 101 1165 368 1237; x_wconf 89' lang='lat' dir='ltr'><strong>modisprofutura,</strong></span> <span class='ocrx_word' id='word_1_118' title='bbox 383 1166 458 1220; x_wconf 91' lang='lat' dir='ltr'><strong>salva</strong></span> <span class='ocrx_word' id='word_1_119' title='bbox 472 1167 501 1219; x_wconf 92' lang='lat' dir='ltr'><strong>in</strong></span> <span class='ocrx_word' id='word_1_120' title='bbox 516 1165 649 1219; x_wconf 86' lang='lat' dir='ltr'><strong>omnibns</strong></span> <span class='ocrx_word' id='word_1_121' title='bbox 667 1164 919 1237; x_wconf 72' lang='lat' dir='ltr'><strong>sedisapostolicae</strong></span> <span class='ocrx_word' id='word_1_122' title='bbox 970 1161 1112 1217; x_wconf 80' lang='lat' dir='ltr'><strong>Embrelso</strong></span> <span class='ocrx_word' id='word_1_123' title='bbox 1145 1165 1173 1215; x_wconf 91' lang='lat' dir='ltr'><strong>et</strong></span> <span class='ocrx_word' id='word_1_124' title='bbox 1196 1162 1286 1218; x_wconf 87' lang='lat' dir='ltr'><strong>Stralo</strong></span> <span class='ocrx_word' id='word_1_125' title='bbox 1313 1161 1495 1230; x_wconf 88' lang='lat' dir='ltr'><strong>nutriuntur,</strong></span> <span class='ocrx_word' id='word_1_126' title='bbox 1517 1163 1590 1215; x_wconf 88' lang='lat' dir='ltr'><strong>sicut</strong></span> <span class='ocrx_word' id='word_1_127' title='bbox 1610 1178 1626 1215; x_wconf 90' lang='lat' dir='ltr'><strong>a</strong></span> <span class='ocrx_word' id='word_1_128' title='bbox 1647 1162 1788 1233; x_wconf 75' lang='lat' dir='ltr'><strong>sigewino</strong></span> 
     </span>
     <span class='ocr_line' id='line_1_12' title="bbox 102 1254 1789 1327; baseline -0.003 -13"><span class='ocrx_word' id='word_1_129' title='bbox 102 1259 279 1314; x_wconf 87' lang='lat' dir='ltr'><strong>auctoritate.</strong></span> <span class='ocrx_word' id='word_1_130' title='bbox 969 1254 1114 1324; x_wconf 88' lang='lat' dir='ltr'><strong>quondam</strong></span> <span class='ocrx_word' id='word_1_131' title='bbox 1129 1255 1292 1310; x_wconf 78' lang='lat' dir='ltr'><strong>Coloniensi</strong></span> <span class='ocrx_word' id='word_1_132' title='bbox 1310 1255 1524 1327; x_wconf 84' lang='lat' dir='ltr'><strong>archiepiscopo</strong></span> <span class='ocrx_word' id='word_1_133' title='bbox 1545 1261 1708 1311; x_wconf 72' lang='lat' dir='ltr'><strong>memoratae</strong></span> <span class='ocrx_word' id='word_1_134' title='bbox 1721 1259 1789 1310; x_wconf 88' lang='lat' dir='ltr'><strong>sunt</strong></span> 
     </span>
     <span class='ocr_line' id='line_1_13' title="bbox 138 1348 1788 1424; baseline -0.002 -17"><span class='ocrx_word' id='word_1_135' title='bbox 138 1353 166 1409; x_wconf 91' lang='lat' dir='ltr'><strong>Si</strong></span> <span class='ocrx_word' id='word_1_136' title='bbox 182 1370 237 1424; x_wconf 83' lang='lat' dir='ltr'><strong>qua</strong></span> <span class='ocrx_word' id='word_1_137' title='bbox 252 1353 348 1424; x_wconf 86' lang='lat' dir='ltr'><strong>igitur,</strong></span> <span class='ocrx_word' id='word_1_138' title='bbox 362 1356 415 1409; x_wconf 89' lang='lat' dir='ltr'><strong>etc.</strong></span> <span class='ocrx_word' id='word_1_139' title='bbox 968 1348 1092 1402; x_wconf 71' lang='lat' dir='ltr'><strong>ccclesiae</strong></span> <span class='ocrx_word' id='word_1_140' title='bbox 1124 1348 1287 1416; x_wconf 76' lang='lat' dir='ltr'><strong>lloboratae3</strong></span> <span class='ocrx_word' id='word_1_141' title='bbox 1321 1352 1466 1404; x_wconf 84' lang='lat' dir='ltr'><strong>monetam</strong></span> <span class='ocrx_word' id='word_1_142' title='bbox 1497 1349 1584 1404; x_wconf 92' lang='lat' dir='ltr'><strong>etiam</strong></span> <span class='ocrx_word' id='word_1_143' title='bbox 1615 1355 1642 1404; x_wconf 90' lang='lat' dir='ltr'><strong>et</strong></span> <span class='ocrx_word' id='word_1_144' title='bbox 1667 1353 1788 1421; x_wconf 89' lang='lat' dir='ltr'><strong>quatuor</strong></span> 
     </span>
     <span class='ocr_line' id='line_1_14' title="bbox 136 1442 1787 1517; baseline -0.002 -16"><span class='ocrx_word' id='word_1_145' title='bbox 136 1447 195 1517; x_wconf 83' lang='lat' dir='ltr'><strong>Ego</strong></span> <span class='ocrx_word' id='word_1_146' title='bbox 209 1446 356 1514; x_wconf 77' lang='lat' dir='ltr'><strong>Adrianus,</strong></span> <span class='ocrx_word' id='word_1_147' title='bbox 371 1446 516 1501; x_wconf 74' lang='lat' dir='ltr'><strong>catholicas</strong></span> <span class='ocrx_word' id='word_1_148' title='bbox 532 1445 662 1500; x_wconf 73' lang='lat' dir='ltr'><strong>Ecclesia</strong></span> <span class='ocrx_word' id='word_1_149' title='bbox 679 1445 837 1516; x_wconf 90' lang='lat' dir='ltr'><strong>episeopus.</strong></span> <span class='ocrx_word' id='word_1_150' title='bbox 968 1456 1080 1495; x_wconf 87' lang='lat' dir='ltr'><strong>mansos</strong></span> <span class='ocrx_word' id='word_1_151' title='bbox 1099 1442 1251 1496; x_wconf 88' lang='lat' dir='ltr'><strong>abeodem</strong></span> <span class='ocrx_word' id='word_1_152' title='bbox 1271 1442 1484 1513; x_wconf 86' lang='lat' dir='ltr'><strong>archiepiscopo</strong></span> <span class='ocrx_word' id='word_1_153' title='bbox 1498 1443 1533 1497; x_wconf 92' lang='lat' dir='ltr'><strong>ad</strong></span> <span class='ocrx_word' id='word_1_154' title='bbox 1555 1444 1787 1513; x_wconf 88' lang='lat' dir='ltr'><strong>supplementum</strong></span> 
     </span>
     <span class='ocr_line' id='line_1_15' title="bbox 136 1534 1783 1612; baseline -0.002 -16"><span class='ocrx_word' id='word_1_155' title='bbox 136 1542 195 1612; x_wconf 83' lang='lat' dir='ltr'><strong>Ego</strong></span> <span class='ocrx_word' id='word_1_156' title='bbox 210 1540 365 1608; x_wconf 86' lang='lat' dir='ltr'><strong>llubaldus,</strong></span> <span class='ocrx_word' id='word_1_157' title='bbox 381 1539 475 1612; x_wconf 90' lang='lat' dir='ltr'><strong>presb.</strong></span> <span class='ocrx_word' id='word_1_158' title='bbox 491 1538 567 1593; x_wconf 91' lang='lat' dir='ltr'><strong>card.</strong></span> <span class='ocrx_word' id='word_1_159' title='bbox 585 1539 627 1593; x_wconf 89' lang='lat' dir='ltr'><strong>tit.</strong></span> <span class='ocrx_word' id='word_1_160' title='bbox 644 1540 671 1594; x_wconf 89' lang='lat' dir='ltr'><strong>S.</strong></span> <span class='ocrx_word' id='word_1_161' title='bbox 683 1538 778 1594; x_wconf 87' lang='lat' dir='ltr'><strong>Crucis</strong></span> <span class='ocrx_word' id='word_1_162' title='bbox 792 1538 820 1592; x_wconf 93' lang='lat' dir='ltr'><strong>in</strong></span> <span class='ocrx_word' id='word_1_163' title='bbox 833 1538 914 1592; x_wconf 90' lang='lat' dir='ltr'><strong>leru-</strong></span> <span class='ocrx_word' id='word_1_164' title='bbox 966 1534 1186 1605; x_wconf 76' lang='lat' dir='ltr'><strong>praebendarum</strong></span> <span class='ocrx_word' id='word_1_165' title='bbox 1202 1535 1327 1590; x_wconf 75' lang='lat' dir='ltr'><strong>ecelesiae</strong></span> <span class='ocrx_word' id='word_1_166' title='bbox 1342 1540 1441 1590; x_wconf 78' lang='lat' dir='ltr'><strong>vestrm</strong></span> <span class='ocrx_word' id='word_1_167' title='bbox 1454 1552 1609 1603; x_wconf 77' lang='lat' dir='ltr'><strong>coracessos,</strong></span> <span class='ocrx_word' id='word_1_168' title='bbox 1629 1536 1708 1591; x_wconf 94' lang='lat' dir='ltr'><strong>vobis</strong></span> <span class='ocrx_word' id='word_1_169' title='bbox 1723 1552 1783 1592; x_wconf 86' lang='lat' dir='ltr'><strong>ves·</strong></span> 
     </span>
     <span class='ocr_line' id='line_1_16' title="bbox 98 1627 1785 1702; baseline 0.006 -26"><span class='ocrx_word' id='word_1_170' title='bbox 98 1633 199 1688; x_wconf 67' lang='lat' dir='ltr'><strong>salem,</strong></span> <span class='ocrx_word' id='word_1_171' title='bbox 966 1627 1075 1699; x_wconf 88' lang='lat' dir='ltr'><strong>trisque</strong></span> <span class='ocrx_word' id='word_1_172' title='bbox 1101 1628 1308 1684; x_wconf 90' lang='lat' dir='ltr'><strong>successoribus</strong></span> <span class='ocrx_word' id='word_1_173' title='bbox 1330 1629 1544 1684; x_wconf 81' lang='lat' dir='ltr'><strong>confirmamus.</strong></span> <span class='ocrx_word' id='word_1_174' title='bbox 1570 1629 1714 1701; x_wconf 85' lang='lat' dir='ltr'><strong>Quidquid</strong></span> <span class='ocrx_word' id='word_1_175' title='bbox 1733 1631 1785 1702; x_wconf 85' lang='lat' dir='ltr'><strong>ju·</strong></span> 
     </span>
     <span class='ocr_line' id='line_1_17' title="bbox 135 1705 1783 1798; baseline -0.001 -17"><span class='ocrx_word' id='word_1_176' title='bbox 135 1728 194 1798; x_wconf 87' lang='lat' dir='ltr'><strong>Ego</strong></span> <span class='ocrx_word' id='word_1_177' title='bbox 211 1726 367 1796; x_wconf 88' lang='lat' dir='ltr'><strong>llubaldus,</strong></span> <span class='ocrx_word' id='word_1_178' title='bbox 384 1726 519 1782; x_wconf 86' lang='lat' dir='ltr'><strong>Ostiensis</strong></span> <span class='ocrx_word' id='word_1_179' title='bbox 534 1726 690 1797; x_wconf 86' lang='lat' dir='ltr'><strong>episeopus.</strong></span> <span class='ocrx_word' id='word_1_180' title='bbox 924 1705 1003 1777; x_wconf 85' lang='lat' dir='ltr'><strong>Bris</strong></span> <span class='ocrx_word' id='word_1_181' title='bbox 1017 1721 1127 1777; x_wconf 90' lang='lat' dir='ltr'><strong>habetis</strong></span> <span class='ocrx_word' id='word_1_182' title='bbox 1145 1723 1175 1776; x_wconf 92' lang='lat' dir='ltr'><strong>in</strong></span> <span class='ocrx_word' id='word_1_183' title='bbox 1191 1722 1307 1786; x_wconf 87' lang='lat' dir='ltr'><strong>Wileka,</strong></span> <span class='ocrx_word' id='word_1_184' title='bbox 1323 1723 1479 1778; x_wconf 87' lang='lat' dir='ltr'><strong>Darnonwe</strong></span> <span class='ocrx_word' id='word_1_185' title='bbox 1492 1728 1520 1778; x_wconf 92' lang='lat' dir='ltr'><strong>et</strong></span> <span class='ocrx_word' id='word_1_186' title='bbox 1532 1724 1675 1790; x_wconf 89' lang='lat' dir='ltr'><strong>Winetre;</strong></span> <span class='ocrx_word' id='word_1_187' title='bbox 1701 1723 1783 1794; x_wconf 91' lang='lat' dir='ltr'><strong>quid-</strong></span> 
     </span>
     <span class='ocr_line' id='line_1_18' title="bbox 134 1814 1785 1892; baseline -0.002 -17"><span class='ocrx_word' id='word_1_188' title='bbox 134 1821 195 1892; x_wconf 86' lang='lat' dir='ltr'><strong>Ego</strong></span> <span class='ocrx_word' id='word_1_189' title='bbox 214 1820 382 1887; x_wconf 89' lang='lat' dir='ltr'><strong>Bernardns,</strong></span> <span class='ocrx_word' id='word_1_190' title='bbox 402 1820 566 1875; x_wconf 85' lang='lat' dir='ltr'><strong>Portuensis</strong></span> <span class='ocrx_word' id='word_1_191' title='bbox 588 1819 739 1891; x_wconf 89' lang='lat' dir='ltr'><strong>episcopus</strong></span> <span class='ocrx_word' id='word_1_192' title='bbox 758 1822 787 1874; x_wconf 91' lang='lat' dir='ltr'><strong>et</strong></span> <span class='ocrx_word' id='word_1_193' title='bbox 806 1818 914 1874; x_wconf 80' lang='lat' dir='ltr'><strong>Sancta</strong></span> <span class='ocrx_word' id='word_1_194' title='bbox 965 1814 1033 1885; x_wconf 90' lang='lat' dir='ltr'><strong>quid</strong></span> <span class='ocrx_word' id='word_1_195' title='bbox 1046 1814 1131 1869; x_wconf 88' lang='lat' dir='ltr'><strong>ctiam</strong></span> <span class='ocrx_word' id='word_1_196' title='bbox 1146 1814 1257 1870; x_wconf 88' lang='lat' dir='ltr'><strong>habetis</strong></span> <span class='ocrx_word' id='word_1_197' title='bbox 1272 1832 1306 1870; x_wconf 83' lang='lat' dir='ltr'><strong>ex</strong></span> <span class='ocrx_word' id='word_1_198' title='bbox 1319 1815 1484 1871; x_wconf 82' lang='lat' dir='ltr'><strong>rationabili</strong></span> <span class='ocrx_word' id='word_1_199' title='bbox 1500 1815 1656 1871; x_wconf 88' lang='lat' dir='ltr'><strong>donatione</strong></span> <span class='ocrx_word' id='word_1_200' title='bbox 1676 1819 1785 1872; x_wconf 86' lang='lat' dir='ltr'><strong>Benno-</strong></span> 
     </span>
     <span class='ocr_line' id='line_1_19' title="bbox 97 1907 1782 1981; baseline -0.002 -12"><span class='ocrx_word' id='word_1_201' title='bbox 97 1914 221 1970; x_wconf 81' lang='lat' dir='ltr'><strong>Rnflnae.</strong></span> <span class='ocrx_word' id='word_1_202' title='bbox 964 1908 1019 1974; x_wconf 86' lang='lat' dir='ltr'><strong>nis,</strong></span> <span class='ocrx_word' id='word_1_203' title='bbox 1045 1908 1190 1979; x_wconf 89' lang='lat' dir='ltr'><strong>quondam</strong></span> <span class='ocrx_word' id='word_1_204' title='bbox 1216 1907 1442 1981; x_wconf 89' lang='lat' dir='ltr'><strong>Osnaburgensis</strong></span> <span class='ocrx_word' id='word_1_205' title='bbox 1464 1908 1601 1981; x_wconf 87' lang='lat' dir='ltr'><strong>episcopi,</strong></span> <span class='ocrx_word' id='word_1_206' title='bbox 1627 1914 1656 1965; x_wconf 93' lang='lat' dir='ltr'><strong>et</strong></span> <span class='ocrx_word' id='word_1_207' title='bbox 1683 1910 1782 1965; x_wconf 86' lang='lat' dir='ltr'><strong>Enneli</strong></span> 
     </span>
     <span class='ocr_line' id='line_1_20' title="bbox 135 2001 1782 2078; baseline -0.002 -16"><span class='ocrx_word' id='word_1_208' title='bbox 135 2009 194 2078; x_wconf 89' lang='lat' dir='ltr'><strong>Ego</strong></span> <span class='ocrx_word' id='word_1_209' title='bbox 209 2006 359 2075; x_wconf 90' lang='lat' dir='ltr'><strong>Galterius,</strong></span> <span class='ocrx_word' id='word_1_210' title='bbox 374 2007 543 2062; x_wconf 77' lang='lat' dir='ltr'><strong>libanensis</strong></span> <span class='ocrx_word' id='word_1_211' title='bbox 557 2006 716 2078; x_wconf 89' lang='lat' dir='ltr'><strong>episcopus.</strong></span> <span class='ocrx_word' id='word_1_212' title='bbox 964 2001 1141 2056; x_wconf 85' lang='lat' dir='ltr'><strong>Coloniensis</strong></span> <span class='ocrx_word' id='word_1_213' title='bbox 1163 2001 1372 2071; x_wconf 87' lang='lat' dir='ltr'><strong>ministerialis,</strong></span> <span class='ocrx_word' id='word_1_214' title='bbox 1396 2001 1476 2058; x_wconf 90' lang='lat' dir='ltr'><strong>vohis</strong></span> <span class='ocrx_word' id='word_1_215' title='bbox 1497 2002 1654 2074; x_wconf 89' lang='lat' dir='ltr'><strong>vestrisque</strong></span> <span class='ocrx_word' id='word_1_216' title='bbox 1675 2018 1782 2058; x_wconf 86' lang='lat' dir='ltr'><strong>succes·</strong></span> 
     </span>
     <span class='ocr_line' id='line_1_21' title="bbox 134 2094 1863 2183; baseline -0.002 -27"><span class='ocrx_word' id='word_1_217' title='bbox 134 2103 195 2173; x_wconf 85' lang='lat' dir='ltr'><strong>Ego</strong></span> <span class='ocrx_word' id='word_1_218' title='bbox 209 2101 330 2171; x_wconf 75' lang='lat' dir='ltr'><strong>ardicio,</strong></span> <span class='ocrx_word' id='word_1_219' title='bbox 345 2100 482 2157; x_wconf 89' lang='lat' dir='ltr'><strong>diaconus</strong></span> <span class='ocrx_word' id='word_1_220' title='bbox 495 2099 645 2155; x_wconf 87' lang='lat' dir='ltr'><strong>cardinalis</strong></span> <span class='ocrx_word' id='word_1_221' title='bbox 659 2101 703 2155; x_wconf 90' lang='lat' dir='ltr'><strong>tit.</strong></span> <span class='ocrx_word' id='word_1_222' title='bbox 719 2098 812 2155; x_wconf 92' lang='lat' dir='ltr'><strong>Sancti</strong></span> <span class='ocrx_word' id='word_1_223' title='bbox 825 2099 914 2154; x_wconf 86' lang='lat' dir='ltr'><strong>Theo·</strong></span> <span class='ocrx_word' id='word_1_224' title='bbox 964 2094 1074 2149; x_wconf 88' lang='lat' dir='ltr'><strong>sorihus</strong></span> <span class='ocrx_word' id='word_1_225' title='bbox 1097 2095 1283 2150; x_wconf 90' lang='lat' dir='ltr'><strong>nihilominus</strong></span> <span class='ocrx_word' id='word_1_226' title='bbox 1305 2095 1524 2161; x_wconf 87' lang='lat' dir='ltr'><strong>confirmamus;</strong></span> <span class='ocrx_word' id='word_1_227' title='bbox 1549 2095 1673 2151; x_wconf 90' lang='lat' dir='ltr'><strong>decimas</strong></span> <span class='ocrx_word' id='word_1_228' title='bbox 1696 2095 1784 2152; x_wconf 85' lang='lat' dir='ltr'><strong>etiam</strong></span> <span class='ocrx_word' id='word_1_229' title='bbox 1858 2150 1863 2183; x_wconf 34' lang='grc' dir='ltr'><strong>,Ι</strong></span> 
     </span>
     <span class='ocr_line' id='line_1_22' title="bbox 97 2187 1782 2259; baseline 0.002 -17"><span class='ocrx_word' id='word_1_230' title='bbox 97 2194 173 2250; x_wconf 80' lang='lat' dir='ltr'><strong>dori,</strong></span> <span class='ocrx_word' id='word_1_231' title='bbox 964 2187 1107 2242; x_wconf 88' lang='lat' dir='ltr'><strong>novalium</strong></span> <span class='ocrx_word' id='word_1_232' title='bbox 1132 2188 1162 2242; x_wconf 89' lang='lat' dir='ltr'><strong>in</strong></span> <span class='ocrx_word' id='word_1_233' title='bbox 1186 2188 1309 2243; x_wconf 90' lang='lat' dir='ltr'><strong>termino</strong></span> <span class='ocrx_word' id='word_1_234' title='bbox 1335 2188 1554 2259; x_wconf 85' lang='lat' dir='ltr'><strong>Dagernovensi,</strong></span> <span class='ocrx_word' id='word_1_235' title='bbox 1581 2193 1610 2241; x_wconf 91' lang='lat' dir='ltr'><strong>et</strong></span> <span class='ocrx_word' id='word_1_236' title='bbox 1634 2188 1782 2245; x_wconf 89' lang='lat' dir='ltr'><strong>Cervisiale</strong></span> 
     </span>
     <span class='ocr_line' id='line_1_23' title="bbox 134 2281 1784 2359; baseline -0.004 -15"><span class='ocrx_word' id='word_1_237' title='bbox 134 2289 193 2359; x_wconf 84' lang='lat' dir='ltr'><strong>Ego</strong></span> <span class='ocrx_word' id='word_1_238' title='bbox 210 2289 291 2357; x_wconf 89' lang='lat' dir='ltr'><strong>Bcso,</strong></span> <span class='ocrx_word' id='word_1_239' title='bbox 307 2288 378 2344; x_wconf 90' lang='lat' dir='ltr'><strong>diac.</strong></span> <span class='ocrx_word' id='word_1_240' title='bbox 400 2287 477 2343; x_wconf 89' lang='lat' dir='ltr'><strong>card.</strong></span> <span class='ocrx_word' id='word_1_241' title='bbox 499 2288 542 2343; x_wconf 92' lang='lat' dir='ltr'><strong>tit.</strong></span> <span class='ocrx_word' id='word_1_242' title='bbox 567 2288 736 2343; x_wconf 87' lang='lat' dir='ltr'><strong>Sanctorum</strong></span> <span class='ocrx_word' id='word_1_243' title='bbox 759 2287 867 2342; x_wconf 84' lang='lat' dir='ltr'><strong>Cosmae</strong></span> <span class='ocrx_word' id='word_1_244' title='bbox 887 2290 915 2341; x_wconf 91' lang='lat' dir='ltr'><strong>et</strong></span> <span class='ocrx_word' id='word_1_245' title='bbox 964 2281 1140 2336; x_wconf 89' lang='lat' dir='ltr'><strong>frumentum</strong></span> <span class='ocrx_word' id='word_1_246' title='bbox 1155 2297 1220 2336; x_wconf 92' lang='lat' dir='ltr'><strong>cum</strong></span> <span class='ocrx_word' id='word_1_247' title='bbox 1235 2298 1292 2337; x_wconf 88' lang='lat' dir='ltr'><strong>uno</strong></span> <span class='ocrx_word' id='word_1_248' title='bbox 1307 2298 1418 2350; x_wconf 89' lang='lat' dir='ltr'><strong>manso,</strong></span> <span class='ocrx_word' id='word_1_249' title='bbox 1433 2282 1535 2336; x_wconf 89' lang='lat' dir='ltr'><strong>sicuta</strong></span> <span class='ocrx_word' id='word_1_250' title='bbox 1551 2281 1638 2336; x_wconf 91' lang='lat' dir='ltr'><strong>felicis</strong></span> <span class='ocrx_word' id='word_1_251' title='bbox 1652 2282 1784 2337; x_wconf 88' lang='lat' dir='ltr'><strong>recorda·</strong></span> 
     </span>
     <span class='ocr_line' id='line_1_24' title="bbox 97 2373 1783 2448; baseline 0.001 -17"><span class='ocrx_word' id='word_1_252' title='bbox 97 2377 240 2432; x_wconf 87' lang='lat' dir='ltr'><strong>Damiani.</strong></span> <span class='ocrx_word' id='word_1_253' title='bbox 963 2374 1051 2428; x_wconf 87' lang='lat' dir='ltr'><strong>tionis</strong></span> <span class='ocrx_word' id='word_1_254' title='bbox 1065 2373 1207 2429; x_wconf 82' lang='lat' dir='ltr'><strong>Eriderico</strong></span> <span class='ocrx_word' id='word_1_255' title='bbox 1220 2374 1368 2446; x_wconf 87' lang='lat' dir='ltr'><strong>quondam</strong></span> <span class='ocrx_word' id='word_1_256' title='bbox 1387 2374 1549 2431; x_wconf 83' lang='lat' dir='ltr'><strong>Coloniensi</strong></span> <span class='ocrx_word' id='word_1_257' title='bbox 1569 2374 1783 2448; x_wconf 88' lang='lat' dir='ltr'><strong>archiepiscopo</strong></span> 
     </span>
     <span class='ocr_line' id='line_1_25' title="bbox 132 2467 1784 2541; baseline 0 -16"><span class='ocrx_word' id='word_1_258' title='bbox 132 2473 192 2541; x_wconf 87' lang='lat' dir='ltr'><strong>Ego</strong></span> <span class='ocrx_word' id='word_1_259' title='bbox 208 2472 316 2537; x_wconf 88' lang='lat' dir='ltr'><strong>Petrus,</strong></span> <span class='ocrx_word' id='word_1_260' title='bbox 334 2470 471 2526; x_wconf 89' lang='lat' dir='ltr'><strong>diaconus</strong></span> <span class='ocrx_word' id='word_1_261' title='bbox 483 2470 561 2525; x_wconf 87' lang='lat' dir='ltr'><strong>card.</strong></span> <span class='ocrx_word' id='word_1_262' title='bbox 579 2472 606 2526; x_wconf 91' lang='lat' dir='ltr'><strong>S.</strong></span> <span class='ocrx_word' id='word_1_263' title='bbox 621 2468 774 2524; x_wconf 82' lang='lat' dir='ltr'><strong>Eustachii.</strong></span> <span class='ocrx_word' id='word_1_264' title='bbox 963 2467 1100 2523; x_wconf 90' lang='lat' dir='ltr'><strong>canonice</strong></span> <span class='ocrx_word' id='word_1_265' title='bbox 1133 2472 1199 2523; x_wconf 90' lang='lat' dir='ltr'><strong>sunt</strong></span> <span class='ocrx_word' id='word_1_266' title='bbox 1225 2467 1319 2523; x_wconf 92' lang='lat' dir='ltr'><strong>eidem</strong></span> <span class='ocrx_word' id='word_1_267' title='bbox 1350 2469 1476 2524; x_wconf 76' lang='lat' dir='ltr'><strong>ecclesiia</strong></span> <span class='ocrx_word' id='word_1_268' title='bbox 1504 2485 1653 2536; x_wconf 86' lang='lat' dir='ltr'><strong>concessa,</strong></span> <span class='ocrx_word' id='word_1_269' title='bbox 1682 2472 1712 2524; x_wconf 91' lang='lat' dir='ltr'><strong>et</strong></span> <span class='ocrx_word' id='word_1_270' title='bbox 1739 2486 1784 2525; x_wconf 90' lang='lat' dir='ltr'><strong>ns·</strong></span> 
     </span>
     <span class='ocr_line' id='line_1_26' title="bbox 133 2562 1862 2636; baseline 0.002 -18"><span class='ocrx_word' id='word_1_271' title='bbox 133 2566 193 2635; x_wconf 87' lang='lat' dir='ltr'><strong>Ego</strong></span> <span class='ocrx_word' id='word_1_272' title='bbox 213 2564 430 2633; x_wconf 89' lang='lat' dir='ltr'><strong>llildcbrandns,</strong></span> <span class='ocrx_word' id='word_1_273' title='bbox 452 2564 599 2636; x_wconf 84' lang='lat' dir='ltr'><strong>presbyter</strong></span> <span class='ocrx_word' id='word_1_274' title='bbox 622 2563 775 2618; x_wconf 89' lang='lat' dir='ltr'><strong>cardinalis</strong></span> <span class='ocrx_word' id='word_1_275' title='bbox 794 2562 914 2617; x_wconf 75' lang='lat' dir='ltr'><strong>basilicae</strong></span> <span class='ocrx_word' id='word_1_276' title='bbox 964 2578 1019 2633; x_wconf 90' lang='lat' dir='ltr'><strong>qne</strong></span> <span class='ocrx_word' id='word_1_277' title='bbox 1041 2578 1118 2617; x_wconf 89' lang='lat' dir='ltr'><strong>nunc</strong></span> <span class='ocrx_word' id='word_1_278' title='bbox 1136 2562 1232 2633; x_wconf 91' lang='lat' dir='ltr'><strong>quiete</strong></span> <span class='ocrx_word' id='word_1_279' title='bbox 1252 2563 1382 2630; x_wconf 88' lang='lat' dir='ltr'><strong>detenta,</strong></span> <span class='ocrx_word' id='word_1_280' title='bbox 1407 2579 1481 2634; x_wconf 82' lang='lat' dir='ltr'><strong>saepe</strong></span> <span class='ocrx_word' id='word_1_281' title='bbox 1502 2563 1584 2618; x_wconf 75' lang='lat' dir='ltr'><strong>dictae</strong></span> <span class='ocrx_word' id='word_1_282' title='bbox 1603 2562 1786 2619; x_wconf 81' lang='lat' dir='ltr'><strong>ecclesioefu·</strong></span> <span class='ocrx_word' id='word_1_283' title='bbox 1858 2616 1862 2621; x_wconf 90' lang='lat'><strong>.</strong></span> 
     </span>
     <span class='ocr_line' id='line_1_27' title="bbox 95 2658 360 2728; baseline -0.008 -15"><span class='ocrx_word' id='word_1_284' title='bbox 95 2659 141 2713; x_wconf 90' lang='lat' dir='ltr'><strong>llll</strong></span> <span class='ocrx_word' id='word_1_285' title='bbox 153 2658 360 2728; x_wconf 79' lang='lat' dir='ltr'><strong>Apostolorum.</strong></span> 
     </span>
     <span class='ocr_line' id='line_1_28' title="bbox 133 2749 1032 2824; baseline -0.003 -18"><span class='ocrx_word' id='word_1_286' title='bbox 133 2753 233 2806; x_wconf 86' lang='lat' dir='ltr'><strong>flatum</strong></span> <span class='ocrx_word' id='word_1_287' title='bbox 249 2751 386 2824; x_wconf 78' lang='lat' dir='ltr'><strong>hnagniae</strong></span> <span class='ocrx_word' id='word_1_288' title='bbox 401 2768 453 2823; x_wconf 89' lang='lat' dir='ltr'><strong>per</strong></span> <span class='ocrx_word' id='word_1_289' title='bbox 465 2767 582 2806; x_wconf 91' lang='lat' dir='ltr'><strong>manum</strong></span> <span class='ocrx_word' id='word_1_290' title='bbox 600 2750 730 2817; x_wconf 80' lang='lat' dir='ltr'><strong>Rolandi,</strong></span> <span class='ocrx_word' id='word_1_291' title='bbox 746 2755 850 2805; x_wconf 82' lang='lat' dir='ltr'><strong>sanctae</strong></span> <span class='ocrx_word' id='word_1_292' title='bbox 863 2751 915 2805; x_wconf 79' lang='lat' dir='ltr'><strong>lto-</strong></span> <span class='ocrx_word' id='word_1_293' title='bbox 965 2749 1032 2803; x_wconf 87' lang='lat' dir='ltr'><strong>vari.</strong></span> 
     </span>
     <span class='ocr_line' id='line_1_29' title="bbox 95 2842 1779 2916; baseline 0.001 -17"><span class='ocrx_word' id='word_1_294' title='bbox 95 2860 191 2900; x_wconf 77' lang='lat' dir='ltr'><strong>manaa</strong></span> <span class='ocrx_word' id='word_1_295' title='bbox 206 2845 334 2900; x_wconf 74' lang='lat' dir='ltr'><strong>Ecclesia</strong></span> <span class='ocrx_word' id='word_1_296' title='bbox 348 2845 505 2916; x_wconf 85' lang='lat' dir='ltr'><strong>presbyteri</strong></span> <span class='ocrx_word' id='word_1_297' title='bbox 524 2843 675 2898; x_wconf 87' lang='lat' dir='ltr'><strong>cardinalis</strong></span> <span class='ocrx_word' id='word_1_298' title='bbox 694 2848 723 2898; x_wconf 91' lang='lat' dir='ltr'><strong>et</strong></span> <span class='ocrx_word' id='word_1_299' title='bbox 741 2842 912 2910; x_wconf 90' lang='lat' dir='ltr'><strong>cancellarii,</strong></span> <span class='ocrx_word' id='word_1_300' title='bbox 999 2842 1184 2898; x_wconf 85' lang='lat' dir='ltr'><strong>Decernimus</strong></span> <span class='ocrx_word' id='word_1_301' title='bbox 1198 2860 1268 2916; x_wconf 89' lang='lat' dir='ltr'><strong>ergo</strong></span> <span class='ocrx_word' id='word_1_302' title='bbox 1282 2843 1390 2899; x_wconf 89' lang='lat' dir='ltr'><strong>utnulli</strong></span> <span class='ocrx_word' id='word_1_303' title='bbox 1405 2844 1522 2899; x_wconf 88' lang='lat' dir='ltr'><strong>omnino</strong></span> <span class='ocrx_word' id='word_1_304' title='bbox 1533 2844 1685 2900; x_wconf 91' lang='lat' dir='ltr'><strong>bominum</strong></span> <span class='ocrx_word' id='word_1_305' title='bbox 1697 2844 1779 2901; x_wconf 86' lang='lat' dir='ltr'><strong>liceat</strong></span> 
     </span>
     <span class='ocr_line' id='line_1_30' title="bbox 95 2936 1780 3010; baseline 0 -16"><span class='ocrx_word' id='word_1_306' title='bbox 95 2955 122 2995; x_wconf 84' lang='lat' dir='ltr'><strong>iv</strong></span> <span class='ocrx_word' id='word_1_307' title='bbox 135 2938 195 2992; x_wconf 88' lang='lat' dir='ltr'><strong>Kal.</strong></span> <span class='ocrx_word' id='word_1_308' title='bbox 210 2939 286 3004; x_wconf 87' lang='lat' dir='ltr'><strong>lulii,</strong></span> <span class='ocrx_word' id='word_1_309' title='bbox 301 2938 454 2993; x_wconf 88' lang='lat' dir='ltr'><strong>indictione</strong></span> <span class='ocrx_word' id='word_1_310' title='bbox 468 2954 515 3004; x_wconf 79' lang='lat' dir='ltr'><strong>vni,</strong></span> <span class='ocrx_word' id='word_1_311' title='bbox 529 2937 736 2992; x_wconf 86' lang='lat' dir='ltr'><strong>lucarnationis</strong></span> <span class='ocrx_word' id='word_1_312' title='bbox 758 2936 912 2991; x_wconf 82' lang='lat' dir='ltr'><strong>bominicre</strong></span> <span class='ocrx_word' id='word_1_313' title='bbox 963 2937 1112 3004; x_wconf 76' lang='lat' dir='ltr'><strong>prefatam</strong></span> <span class='ocrx_word' id='word_1_314' title='bbox 1136 2937 1286 2992; x_wconf 84' lang='lat' dir='ltr'><strong>Ecclesiam</strong></span> <span class='ocrx_word' id='word_1_315' title='bbox 1313 2941 1422 2993; x_wconf 82' lang='lat' dir='ltr'><strong>temere</strong></span> <span class='ocrx_word' id='word_1_316' title='bbox 1452 2938 1623 3010; x_wconf 87' lang='lat' dir='ltr'><strong>perturbare</strong></span> <span class='ocrx_word' id='word_1_317' title='bbox 1644 2943 1694 2994; x_wconf 87' lang='lat' dir='ltr'><strong>aut</strong></span> <span class='ocrx_word' id='word_1_318' title='bbox 1718 2939 1780 3010; x_wconf 85' lang='lat' dir='ltr'><strong>ejus</strong></span> 
     </span>
    </p>
   </div>
   <div class='ocr_carea' id='block_1_3' title="bbox 95 3030 1818 3149">
    <p class='ocr_par' dir='ltr' id='par_1_3' title="bbox 95 3030 1818 3149">
     <span class='ocr_line' id='line_1_31' title="bbox 95 3030 1818 3149; baseline 0.001 -63"><span class='ocrx_word' id='word_1_319' title='bbox 95 3048 173 3087; x_wconf 91' lang='lat' dir='ltr'><strong>anno</strong></span> <span class='ocrx_word' id='word_1_320' title='bbox 190 3035 268 3099; x_wconf 85' lang='lat' dir='ltr'><strong>lf59,</strong></span> <span class='ocrx_word' id='word_1_321' title='bbox 285 3031 465 3104; x_wconf 75' lang='lat' dir='ltr'><strong>pontificatus</strong></span> <span class='ocrx_word' id='word_1_322' title='bbox 485 3048 552 3086; x_wconf 89' lang='lat' dir='ltr'><strong>vero</strong></span> <span class='ocrx_word' id='word_1_323' title='bbox 575 3031 674 3086; x_wconf 91' lang='lat' dir='ltr'><strong>domni</strong></span> <span class='ocrx_word' id='word_1_324' title='bbox 694 3030 808 3085; x_wconf 77' lang='lat' dir='ltr'><strong>Adriani</strong></span> <span class='ocrx_word' id='word_1_325' title='bbox 832 3046 912 3102; x_wconf 76' lang='lat' dir='ltr'><strong>papas</strong></span> <span class='ocrx_word' id='word_1_326' title='bbox 923 3074 951 3149; x_wconf 78' lang='lat' dir='ltr'>C</span> <span class='ocrx_word' id='word_1_327' title='bbox 963 3030 1155 3102; x_wconf 90' lang='lat' dir='ltr'><strong>possessiones</strong></span> <span class='ocrx_word' id='word_1_328' title='bbox 1169 3032 1292 3098; x_wconf 89' lang='lat' dir='ltr'><strong>anferre,</strong></span> <span class='ocrx_word' id='word_1_329' title='bbox 1303 3032 1347 3085; x_wconf 89' lang='lat' dir='ltr'><strong>vel</strong></span> <span class='ocrx_word' id='word_1_330' title='bbox 1362 3032 1470 3086; x_wconf 86' lang='lat' dir='ltr'><strong>ablatas</strong></span> <span class='ocrx_word' id='word_1_331' title='bbox 1484 3031 1618 3100; x_wconf 87' lang='lat' dir='ltr'><strong>retinere,</strong></span> <span class='ocrx_word' id='word_1_332' title='bbox 1640 3033 1780 3103; x_wconf 85' lang='lat' dir='ltr'><strong>minuere,</strong></span> <span class='ocrx_word' id='word_1_333' title='bbox 1815 3036 1818 3041; x_wconf 86' lang='grc'><strong>’</strong></span> 
     </span>
    </p>
   </div>
   <div class='ocr_carea' id='block_1_4' title="bbox 95 3125 707 3288">
    <p class='ocr_par' dir='ltr' id='par_1_4' title="bbox 95 3125 707 3288">
     <span class='ocr_line' id='line_1_32' title="bbox 95 3125 259 3179; baseline 0.006 -1"><span class='ocrx_word' id='word_1_334' title='bbox 95 3125 129 3178; x_wconf 89' lang='lat' dir='ltr'><strong>lV</strong></span> <span class='ocrx_word' id='word_1_335' title='bbox 144 3141 218 3179; x_wconf 89' lang='lat' dir='ltr'><strong>anno</strong></span> <span class='ocrx_word' id='word_1_336' title='bbox 234 3142 259 3179; x_wconf 84' lang='lat' dir='ltr'><strong>v.</strong></span> 
     </span>
     <span class='ocr_line' id='line_1_33' title="bbox 129 3218 707 3288; baseline 0 -16"><span class='ocrx_word' id='word_1_337' title='bbox 129 3219 170 3273; x_wconf 84' lang='lat' dir='ltr'><strong>Ex</strong></span> <span class='ocrx_word' id='word_1_338' title='bbox 183 3218 289 3274; x_wconf 88' lang='lat' dir='ltr'><strong>archiv.</strong></span> <span class='ocrx_word' id='word_1_339' title='bbox 306 3220 438 3273; x_wconf 89' lang='lat' dir='ltr'><strong>llannon.</strong></span> <span class='ocrx_word' id='word_1_340' title='bbox 453 3234 518 3288; x_wconf 87' lang='lat' dir='ltr'><strong>pag.</strong></span> <span class='ocrx_word' id='word_1_341' title='bbox 537 3219 598 3287; x_wconf 76' lang='lat' dir='ltr'><strong>lfa,</strong></span> <span class='ocrx_word' id='word_1_342' title='bbox 614 3233 707 3272; x_wconf 89' lang='lat' dir='ltr'><strong>verso.</strong></span> 
     </span>
    </p>
   </div>
   <div class='ocr_carea' id='block_1_5' title="bbox 448 3346 556 3401">
    <p class='ocr_par' dir='ltr' id='par_1_5' title="bbox 448 3346 556 3401">
     <span class='ocr_line' id='line_1_34' title="bbox 448 3346 556 3401; baseline 0 -2"><span class='ocrx_word' id='word_1_343' title='bbox 448 3346 556 3401; x_wconf 86' lang='lat' dir='ltr'><strong>CCLVl.</strong></span> 
     </span>
    </p>
   </div>
   <div class='ocr_carea' id='block_1_6' title="bbox 94 3450 915 3603">
    <p class='ocr_par' dir='ltr' id='par_1_6' title="bbox 94 3450 915 3603">
     <span class='ocr_line' id='line_1_35' title="bbox 94 3450 915 3522; baseline -0.007 -10"><span class='ocrx_word' id='word_1_344' title='bbox 94 3454 240 3512; x_wconf 80' lang='lat' dir='ltr'><strong>Ecclesium</strong></span> <span class='ocrx_word' id='word_1_345' title='bbox 253 3454 282 3509; x_wconf 90' lang='lat' dir='ltr'><strong>S.</strong></span> <span class='ocrx_word' id='word_1_346' title='bbox 302 3453 398 3507; x_wconf 77' lang='lat' dir='ltr'><strong>llfcriae</strong></span> <span class='ocrx_word' id='word_1_347' title='bbox 414 3455 566 3509; x_wconf 81' lang='lat' dir='ltr'><strong>Rcsscasem</strong></span> <span class='ocrx_word' id='word_1_348' title='bbox 580 3453 706 3508; x_wconf 69' lang='lat' dir='ltr'><strong>twndom</strong></span> <span class='ocrx_word' id='word_1_349' title='bbox 723 3453 847 3522; x_wconf 77' lang='lat' dir='ltr'><strong>suscipit,</strong></span> <span class='ocrx_word' id='word_1_350' title='bbox 873 3450 915 3506; x_wconf 85' lang='lat' dir='ltr'><strong>bo·</strong></span> 
     </span>
     <span class='ocr_line' id='line_1_36' title="bbox 346 3533 669 3603; baseline -0.003 -16"><span class='ocrx_word' id='word_1_351' title='bbox 346 3549 436 3603; x_wconf 83' lang='lat' dir='ltr'><strong>noque</strong></span> <span class='ocrx_word' id='word_1_352' title='bbox 448 3533 503 3602; x_wconf 61' lang='lat' dir='ltr'><strong>eius</strong></span> <span class='ocrx_word' id='word_1_353' title='bbox 518 3536 669 3601; x_wconf 73' lang='lat' dir='ltr'><strong>confirmat.</strong></span> 
     </span>
    </p>
   </div>
   <div class='ocr_carea' id='block_1_7' title="bbox 302 3640 705 3820">
    <p class='ocr_par' dir='ltr' id='par_1_7' title="bbox 302 3640 705 3820">
     <span class='ocr_line' id='line_1_37' title="bbox 353 3640 656 3713; baseline -0.003 -18"><span class='ocrx_word' id='word_1_354' title='bbox 353 3640 510 3713; x_wconf 77' lang='lat' dir='ltr'><strong>(anagnie,</strong></span> <span class='ocrx_word' id='word_1_355' title='bbox 526 3640 581 3696; x_wconf 85' lang='lat' dir='ltr'><strong>tul.</strong></span> <span class='ocrx_word' id='word_1_356' title='bbox 599 3640 656 3712; x_wconf 82' lang='lat'><strong>30.)</strong></span> 
     </span>
     <span class='ocr_line' id='line_1_38' title="bbox 302 3746 705 3820; baseline -0.002 -17"><span class='ocrx_word' id='word_1_357' title='bbox 302 3748 481 3820; x_wconf 60' lang='lat' dir='ltr'><strong>{laconense</strong></span> <span class='ocrx_word' id='word_1_358' title='bbox 499 3749 575 3815; x_wconf 82' lang='lat' dir='ltr'><strong>Uret,</strong></span> <span class='ocrx_word' id='word_1_359' title='bbox 592 3746 705 3818; x_wconf 74' lang='lat'><strong>1,275.]</strong></span> 
     </span>
    </p>
   </div>
   <div class='ocr_carea' id='block_1_8' title="bbox 966 3123 1836 3379">
    <p class='ocr_par' dir='ltr' id='par_1_8' title="bbox 966 3123 1836 3379">
     <span class='ocr_line' id='line_1_39' title="bbox 966 3123 1836 3195; baseline 0.005 -18"><span class='ocrx_word' id='word_1_360' title='bbox 966 3139 1015 3177; x_wconf 92' lang='lat' dir='ltr'><strong>seu</strong></span> <span class='ocrx_word' id='word_1_361' title='bbox 1035 3123 1210 3194; x_wconf 88' lang='lat' dir='ltr'><strong>quibuslibet</strong></span> <span class='ocrx_word' id='word_1_362' title='bbox 1231 3123 1428 3180; x_wconf 83' lang='lat' dir='ltr'><strong>vexationibus</strong></span> <span class='ocrx_word' id='word_1_363' title='bbox 1450 3123 1582 3195; x_wconf 87' lang='lat' dir='ltr'><strong>fatigare,</strong></span> <span class='ocrx_word' id='word_1_364' title='bbox 1597 3125 1648 3179; x_wconf 90' lang='lat' dir='ltr'><strong>sed</strong></span> <span class='ocrx_word' id='word_1_365' title='bbox 1670 3125 1780 3181; x_wconf 87' lang='lat' dir='ltr'><strong>illibata</strong></span> <span class='ocrx_word' id='word_1_366' title='bbox 1833 3124 1836 3129; x_wconf 82' lang='lat'>&#39;</span> 
     </span>
     <span class='ocr_line' id='line_1_40' title="bbox 966 3210 1781 3289; baseline 0.005 -19"><span class='ocrx_word' id='word_1_367' title='bbox 966 3210 1062 3271; x_wconf 85' lang='lat' dir='ltr'><strong>omnia</strong></span> <span class='ocrx_word' id='word_1_368' title='bbox 1077 3220 1105 3271; x_wconf 91' lang='lat' dir='ltr'><strong>et</strong></span> <span class='ocrx_word' id='word_1_369' title='bbox 1118 3217 1232 3289; x_wconf 88' lang='lat' dir='ltr'><strong>integra</strong></span> <span class='ocrx_word' id='word_1_370' title='bbox 1244 3224 1448 3272; x_wconf 88' lang='lat' dir='ltr'><strong>conserventur</strong></span> <span class='ocrx_word' id='word_1_371' title='bbox 1462 3234 1574 3287; x_wconf 88' lang='lat' dir='ltr'><strong>eorum,</strong></span> <span class='ocrx_word' id='word_1_372' title='bbox 1591 3235 1643 3289; x_wconf 92' lang='lat' dir='ltr'><strong>pro</strong></span> <span class='ocrx_word' id='word_1_373' title='bbox 1657 3234 1781 3289; x_wconf 88' lang='lat' dir='ltr'><strong>quorum</strong></span> 
     </span>
     <span class='ocr_line' id='line_1_41' title="bbox 966 3309 1782 3379; baseline 0.005 -17"><span class='ocrx_word' id='word_1_374' title='bbox 966 3309 1172 3379; x_wconf 83' lang='lat' dir='ltr'><strong>gubernatione</strong></span> <span class='ocrx_word' id='word_1_375' title='bbox 1188 3313 1217 3363; x_wconf 91' lang='lat' dir='ltr'><strong>et</strong></span> <span class='ocrx_word' id='word_1_376' title='bbox 1231 3310 1437 3365; x_wconf 86' lang='lat' dir='ltr'><strong>sustentatione</strong></span> <span class='ocrx_word' id='word_1_377' title='bbox 1451 3326 1585 3366; x_wconf 89' lang='lat' dir='ltr'><strong>concessa</strong></span> <span class='ocrx_word' id='word_1_378' title='bbox 1596 3315 1673 3378; x_wconf 90' lang='lat' dir='ltr'><strong>sunt,</strong></span> <span class='ocrx_word' id='word_1_379' title='bbox 1683 3310 1782 3366; x_wconf 90' lang='lat' dir='ltr'><strong>usibus</strong></span> 
     </span>
    </p>
   </div>
   <div class='ocr_carea' id='block_1_9' title="bbox 963 3493 1780 3842">
    <p class='ocr_par' dir='ltr' id='par_1_9' title="bbox 964 3493 1684 3568">
     <span class='ocr_line' id='line_1_42' title="bbox 964 3493 1684 3568; baseline 0.004 -20"><span class='ocrx_word' id='word_1_380' title='bbox 964 3493 1048 3549; x_wconf 91' lang='lat' dir='ltr'><strong>ritate</strong></span> <span class='ocrx_word' id='word_1_381' title='bbox 1061 3501 1088 3550; x_wconf 88' lang='lat' dir='ltr'><strong>et</strong></span> <span class='ocrx_word' id='word_1_382' title='bbox 1098 3495 1250 3550; x_wconf 86' lang='lat' dir='ltr'><strong>dioecesani</strong></span> <span class='ocrx_word' id='word_1_383' title='bbox 1263 3496 1387 3568; x_wconf 90' lang='lat' dir='ltr'><strong>episcopi</strong></span> <span class='ocrx_word' id='word_1_384' title='bbox 1409 3496 1548 3551; x_wconf 88' lang='lat' dir='ltr'><strong>canonica</strong></span> <span class='ocrx_word' id='word_1_385' title='bbox 1563 3496 1684 3566; x_wconf 88' lang='lat' dir='ltr'><strong>justitia.</strong></span> 
     </span>
    </p>

    <p class='ocr_par' dir='ltr' id='par_1_10' title="bbox 963 3587 1780 3842">
     <span class='ocr_line' id='line_1_43' title="bbox 1000 3587 1780 3660; baseline 0.005 -18"><span class='ocrx_word' id='word_1_386' title='bbox 1000 3587 1027 3642; x_wconf 87' lang='lat' dir='ltr'><strong>Si</strong></span> <span class='ocrx_word' id='word_1_387' title='bbox 1043 3604 1100 3659; x_wconf 90' lang='lat' dir='ltr'><strong>qua</strong></span> <span class='ocrx_word' id='word_1_388' title='bbox 1115 3589 1201 3660; x_wconf 89' lang='lat' dir='ltr'><strong>igitur</strong></span> <span class='ocrx_word' id='word_1_389' title='bbox 1214 3589 1242 3643; x_wconf 89' lang='lat' dir='ltr'><strong>in</strong></span> <span class='ocrx_word' id='word_1_390' title='bbox 1257 3590 1384 3644; x_wconf 89' lang='lat' dir='ltr'><strong>futurum</strong></span> <span class='ocrx_word' id='word_1_391' title='bbox 1401 3589 1591 3644; x_wconf 89' lang='lat' dir='ltr'><strong>ecclesiastica</strong></span> <span class='ocrx_word' id='word_1_392' title='bbox 1605 3590 1780 3647; x_wconf 75' lang='lat' dir='ltr'><strong>secularisve</strong></span> 
     </span>
     <span class='ocr_line' id='line_1_44' title="bbox 963 3682 1778 3755; baseline 0.005 -19"><span class='ocrx_word' id='word_1_393' title='bbox 963 3698 1085 3753; x_wconf 85' lang='lat' dir='ltr'><strong>persona</strong></span> <span class='ocrx_word' id='word_1_394' title='bbox 1098 3683 1170 3737; x_wconf 90' lang='lat' dir='ltr'><strong>hanc</strong></span> <span class='ocrx_word' id='word_1_395' title='bbox 1183 3685 1286 3737; x_wconf 75' lang='lat' dir='ltr'><strong>nostrae</strong></span> <span class='ocrx_word' id='word_1_396' title='bbox 1300 3682 1513 3738; x_wconf 89' lang='lat' dir='ltr'><strong>constitutionis</strong></span> <span class='ocrx_word' id='word_1_397' title='bbox 1526 3684 1662 3755; x_wconf 79' lang='lat' dir='ltr'><strong>paginam</strong></span> <span class='ocrx_word' id='word_1_398' title='bbox 1676 3685 1778 3754; x_wconf 84' lang='lat' dir='ltr'><strong>sciens,</strong></span> 
     </span>
     <span class='ocr_line' id='line_1_45' title="bbox 963 3775 1780 3842; baseline 0.002 -11"><span class='ocrx_word' id='word_1_399' title='bbox 963 3781 1061 3831; x_wconf 89' lang='lat' dir='ltr'><strong>contra</strong></span> <span class='ocrx_word' id='word_1_400' title='bbox 1075 3792 1139 3831; x_wconf 91' lang='lat' dir='ltr'><strong>eam</strong></span> <span class='ocrx_word' id='word_1_401' title='bbox 1158 3779 1267 3832; x_wconf 88' lang='lat' dir='ltr'><strong>temere</strong></span> <span class='ocrx_word' id='word_1_402' title='bbox 1286 3776 1381 3831; x_wconf 89' lang='lat' dir='ltr'><strong>venire</strong></span> <span class='ocrx_word' id='word_1_403' title='bbox 1401 3775 1562 3842; x_wconf 89' lang='lat' dir='ltr'><strong>tentaverit,</strong></span> <span class='ocrx_word' id='word_1_404' title='bbox 1579 3776 1705 3833; x_wconf 85' lang='lat' dir='ltr'><strong>secundo</strong></span> <span class='ocrx_word' id='word_1_405' title='bbox 1724 3783 1780 3833; x_wconf 84' lang='lat' dir='ltr'><strong>ter·</strong></span> 
     </span>
    </p>
   </div>
   <div class='ocr_carea' id='block_1_10' title="bbox 964 2655 1871 2727">
    <p class='ocr_par' dir='ltr' id='par_1_11' title="bbox 964 2655 1871 2727">
     <span class='ocr_line' id='line_1_46' title="bbox 964 2655 1871 2727; baseline 0.004 -19"><span class='ocrx_word' id='word_1_406' title='bbox 964 2655 1035 2709; x_wconf 92' lang='lat' dir='ltr'><strong>turis</strong></span> <span class='ocrx_word' id='word_1_407' title='bbox 1051 2656 1232 2727; x_wconf 90' lang='lat' dir='ltr'><strong>temporibus</strong></span> <span class='ocrx_word' id='word_1_408' title='bbox 1245 2655 1375 2712; x_wconf 91' lang='lat' dir='ltr'><strong>volumus</strong></span> <span class='ocrx_word' id='word_1_409' title='bbox 1398 2656 1483 2711; x_wconf 89' lang='lat' dir='ltr'><strong>flrma</strong></span> <span class='ocrx_word' id='word_1_410' title='bbox 1498 2662 1527 2712; x_wconf 89' lang='lat' dir='ltr'><strong>et</strong></span> <span class='ocrx_word' id='word_1_411' title='bbox 1540 2656 1706 2712; x_wconf 89' lang='lat' dir='ltr'><strong>inconcussa</strong></span> <span class='ocrx_word' id='word_1_412' title='bbox 1727 2673 1783 2712; x_wconf 87' lang='lat' dir='ltr'><strong>ser·</strong></span> <span class='ocrx_word' id='word_1_413' title='bbox 1866 2712 1871 2719; x_wconf 87' lang='grc'><strong>,</strong></span> 
     </span>
    </p>
   </div>
   <div class='ocr_carea' id='block_1_11' title="bbox 967 3402 1870 3477">
    <p class='ocr_par' dir='ltr' id='par_1_12' title="bbox 967 3402 1870 3477">
     <span class='ocr_line' id='line_1_47' title="bbox 967 3402 1870 3477; baseline 0.006 -23"><span class='ocrx_word' id='word_1_414' title='bbox 967 3402 1139 3457; x_wconf 91' lang='lat' dir='ltr'><strong>omnimodis</strong></span> <span class='ocrx_word' id='word_1_415' title='bbox 1152 3402 1310 3473; x_wconf 86' lang='lat' dir='ltr'><strong>profutura,</strong></span> <span class='ocrx_word' id='word_1_416' title='bbox 1324 3403 1398 3456; x_wconf 89' lang='lat' dir='ltr'><strong>salva</strong></span> <span class='ocrx_word' id='word_1_417' title='bbox 1411 3402 1484 3457; x_wconf 91' lang='lat' dir='ltr'><strong>sedis</strong></span> <span class='ocrx_word' id='word_1_418' title='bbox 1506 3403 1667 3473; x_wconf 73' lang='lat' dir='ltr'><strong>apostolice</strong></span> <span class='ocrx_word' id='word_1_419' title='bbox 1679 3410 1778 3459; x_wconf 88' lang='lat' dir='ltr'><strong>aucto·</strong></span> <span class='ocrx_word' id='word_1_420' title='bbox 1866 3470 1870 3477; x_wconf 34' lang='grc' dir='ltr'>Ι</span> 
     </span>
    </p>
   </div>
   <div class='ocr_carea' id='block_1_12' title="bbox 93 3867 912 4222">
    <p class='ocr_par' dir='ltr' id='par_1_13' title="bbox 93 3867 912 4222">
     <span class='ocr_line' id='line_1_48' title="bbox 130 3867 911 3940; baseline -0.001 -15"><span class='ocrx_word' id='word_1_421' title='bbox 130 3872 268 3927; x_wconf 81' lang='lat' dir='ltr'><strong>florianus</strong></span> <span class='ocrx_word' id='word_1_422' title='bbox 287 3870 557 3940; x_wconf 69' lang='lat' dir='ltr'><strong>episcopusservus</strong></span> <span class='ocrx_word' id='word_1_423' title='bbox 577 3885 724 3924; x_wconf 87' lang='lat' dir='ltr'><strong>servornm</strong></span> <span class='ocrx_word' id='word_1_424' title='bbox 749 3869 808 3936; x_wconf 85' lang='lat' dir='ltr'><strong>Dei,</strong></span> <span class='ocrx_word' id='word_1_425' title='bbox 825 3867 911 3924; x_wconf 90' lang='lat' dir='ltr'><strong>dilec-</strong></span> 
     </span>
     <span class='ocr_line' id='line_1_49' title="bbox 93 3962 912 4034; baseline 0 -16"><span class='ocrx_word' id='word_1_426' title='bbox 93 3963 131 4019; x_wconf 92' lang='lat' dir='ltr'><strong>tis</strong></span> <span class='ocrx_word' id='word_1_427' title='bbox 156 3963 220 4019; x_wconf 85' lang='lat' dir='ltr'><strong>frliis</strong></span> <span class='ocrx_word' id='word_1_428' title='bbox 244 3965 405 4019; x_wconf 79' lang='lat' dir='ltr'><strong>Tarouanno</strong></span> <span class='ocrx_word' id='word_1_429' title='bbox 435 3962 588 4034; x_wconf 80' lang='lat' dir='ltr'><strong>preposito</strong></span> <span class='ocrx_word' id='word_1_430' title='bbox 617 3963 742 4018; x_wconf 80' lang='lat' dir='ltr'><strong>ecclesie</strong></span> <span class='ocrx_word' id='word_1_431' title='bbox 766 3962 793 4018; x_wconf 88' lang='lat' dir='ltr'><strong>S.</strong></span> <span class='ocrx_word' id='word_1_432' title='bbox 819 3963 912 4018; x_wconf 83' lang='lat' dir='ltr'><strong>Eariae</strong></span> 
     </span>
     <span class='ocr_line' id='line_1_50' title="bbox 94 4056 912 4128; baseline -0.004 -14"><span class='ocrx_word' id='word_1_433' title='bbox 94 4059 250 4125; x_wconf 87' lang='lat' dir='ltr'><strong>Ressensis,</strong></span> <span class='ocrx_word' id='word_1_434' title='bbox 265 4057 383 4128; x_wconf 88' lang='lat' dir='ltr'><strong>ejusque</strong></span> <span class='ocrx_word' id='word_1_435' title='bbox 397 4056 534 4111; x_wconf 86' lang='lat' dir='ltr'><strong>fratribus</strong></span> <span class='ocrx_word' id='word_1_436' title='bbox 546 4058 607 4112; x_wconf 88' lang='lat' dir='ltr'><strong>tam</strong></span> <span class='ocrx_word' id='word_1_437' title='bbox 621 4057 807 4128; x_wconf 78' lang='lat' dir='ltr'><strong>presentibus</strong></span> <span class='ocrx_word' id='word_1_438' title='bbox 824 4073 912 4128; x_wconf 88' lang='lat' dir='ltr'><strong>quam</strong></span> 
     </span>
     <span class='ocr_line' id='line_1_51' title="bbox 93 4149 910 4222; baseline -0.001 -16"><span class='ocrx_word' id='word_1_439' title='bbox 93 4150 197 4208; x_wconf 88' lang='lat' dir='ltr'><strong>futuris</strong></span> <span class='ocrx_word' id='word_1_440' title='bbox 230 4150 400 4207; x_wconf 89' lang='lat' dir='ltr'><strong>canonicam</strong></span> <span class='ocrx_word' id='word_1_441' title='bbox 433 4150 522 4205; x_wconf 87' lang='lat' dir='ltr'><strong>vitam</strong></span> <span class='ocrx_word' id='word_1_442' title='bbox 556 4150 711 4222; x_wconf 89' lang='lat' dir='ltr'><strong>professis,</strong></span> <span class='ocrx_word' id='word_1_443' title='bbox 745 4149 774 4204; x_wconf 92' lang='lat' dir='ltr'><strong>in</strong></span> <span class='ocrx_word' id='word_1_444' title='bbox 806 4165 910 4221; x_wconf 87' lang='lat' dir='ltr'><strong>perpe·</strong></span> 
     </span>
    </p>
   </div>
   <div class='ocr_carea' id='block_1_13' title="bbox 962 3869 1856 4223">
    <p class='ocr_par' dir='ltr' id='par_1_14' title="bbox 962 3869 1856 4223">
     <span class='ocr_line' id='line_1_52' title="bbox 962 3869 1780 3943; baseline 0.001 -19"><span class='ocrx_word' id='word_1_445' title='bbox 962 3869 1036 3926; x_wconf 80' lang='lat' dir='ltr'><strong>tiore</strong></span> <span class='ocrx_word' id='word_1_446' title='bbox 1058 3869 1232 3926; x_wconf 89' lang='lat' dir='ltr'><strong>commonita</strong></span> <span class='ocrx_word' id='word_1_447' title='bbox 1253 3870 1308 3925; x_wconf 90' lang='lat' dir='ltr'><strong>nisi</strong></span> <span class='ocrx_word' id='word_1_448' title='bbox 1332 3870 1589 3943; x_wconf 78' lang='lat' dir='ltr'><strong>presumptionem</strong></span> <span class='ocrx_word' id='word_1_449' title='bbox 1613 3887 1693 3926; x_wconf 89' lang='lat' dir='ltr'><strong>suam</strong></span> <span class='ocrx_word' id='word_1_450' title='bbox 1715 3885 1780 3927; x_wconf 91' lang='lat' dir='ltr'><strong>con-</strong></span> 
     </span>
     <span class='ocr_line' id='line_1_53' title="bbox 962 3963 1856 4035; baseline 0.003 -17"><span class='ocrx_word' id='word_1_451' title='bbox 962 3963 1049 4035; x_wconf 88' lang='lat' dir='ltr'><strong>digna</strong></span> <span class='ocrx_word' id='word_1_452' title='bbox 1070 3963 1263 4019; x_wconf 84' lang='lat' dir='ltr'><strong>satisfactione</strong></span> <span class='ocrx_word' id='word_1_453' title='bbox 1284 3965 1457 4032; x_wconf 83' lang='lat' dir='ltr'><strong>correxerit,</strong></span> <span class='ocrx_word' id='word_1_454' title='bbox 1477 3965 1627 4035; x_wconf 90' lang='lat' dir='ltr'><strong>potestatis</strong></span> <span class='ocrx_word' id='word_1_455' title='bbox 1649 3964 1778 4021; x_wconf 88' lang='lat' dir='ltr'><strong>honoris·</strong></span> <span class='ocrx_word' id='word_1_456' title='bbox 1851 3994 1856 4004; x_wconf 88' lang='lat'><strong>.</strong></span> 
     </span>
     <span class='ocr_line' id='line_1_54' title="bbox 962 4056 1778 4130; baseline 0.005 -19"><span class='ocrx_word' id='word_1_457' title='bbox 962 4072 1018 4129; x_wconf 92' lang='lat' dir='ltr'><strong>que</strong></span> <span class='ocrx_word' id='word_1_458' title='bbox 1033 4057 1076 4113; x_wconf 88' lang='lat' dir='ltr'><strong>sui</strong></span> <span class='ocrx_word' id='word_1_459' title='bbox 1090 4056 1231 4129; x_wconf 90' lang='lat' dir='ltr'><strong>dignitate</strong></span> <span class='ocrx_word' id='word_1_460' title='bbox 1244 4061 1349 4127; x_wconf 89' lang='lat' dir='ltr'><strong>careat,</strong></span> <span class='ocrx_word' id='word_1_461' title='bbox 1371 4073 1508 4129; x_wconf 87' lang='lat' dir='ltr'><strong>reamque</strong></span> <span class='ocrx_word' id='word_1_462' title='bbox 1521 4074 1549 4113; x_wconf 91' lang='lat' dir='ltr'><strong>se</strong></span> <span class='ocrx_word' id='word_1_463' title='bbox 1563 4058 1659 4113; x_wconf 90' lang='lat' dir='ltr'><strong>divino</strong></span> <span class='ocrx_word' id='word_1_464' title='bbox 1668 4058 1778 4130; x_wconf 87' lang='lat' dir='ltr'><strong>judicio</strong></span> 
     </span>
     <span class='ocr_line' id='line_1_55' title="bbox 962 4149 1778 4223; baseline 0.006 -19"><span class='ocrx_word' id='word_1_465' title='bbox 962 4149 1082 4206; x_wconf 83' lang='lat' dir='ltr'><strong>existere</strong></span> <span class='ocrx_word' id='word_1_466' title='bbox 1106 4151 1141 4206; x_wconf 90' lang='lat' dir='ltr'><strong>de</strong></span> <span class='ocrx_word' id='word_1_467' title='bbox 1163 4153 1326 4222; x_wconf 89' lang='lat' dir='ltr'><strong>perpetrata</strong></span> <span class='ocrx_word' id='word_1_468' title='bbox 1347 4151 1500 4223; x_wconf 90' lang='lat' dir='ltr'><strong>iniquitate</strong></span> <span class='ocrx_word' id='word_1_469' title='bbox 1524 4156 1690 4223; x_wconf 89' lang='lat' dir='ltr'><strong>cognoscat,</strong></span> <span class='ocrx_word' id='word_1_470' title='bbox 1711 4156 1778 4209; x_wconf 89' lang='lat' dir='ltr'><strong>eta</strong></span> 
     </span>
    </p>
   </div>
   <div class='ocr_carea' id='block_1_14' title="bbox 91 4245 1779 4974">
    <p class='ocr_par' dir='ltr' id='par_1_15' title="bbox 94 4245 1776 4317">
     <span class='ocr_line' id='line_1_56' title="bbox 94 4245 1776 4317; baseline 0.001 -18"><span class='ocrx_word' id='word_1_471' title='bbox 94 4249 189 4300; x_wconf 90' lang='lat' dir='ltr'><strong>tuum.</strong></span> <span class='ocrx_word' id='word_1_472' title='bbox 961 4245 1149 4300; x_wconf 89' lang='lat' dir='ltr'><strong>sacratissimo</strong></span> <span class='ocrx_word' id='word_1_473' title='bbox 1168 4260 1289 4317; x_wconf 88' lang='lat' dir='ltr'><strong>corpore</strong></span> <span class='ocrx_word' id='word_1_474' title='bbox 1313 4261 1346 4299; x_wconf 91' lang='lat' dir='ltr'><strong>ac</strong></span> <span class='ocrx_word' id='word_1_475' title='bbox 1370 4246 1509 4317; x_wconf 87' lang='lat' dir='ltr'><strong>sanguine</strong></span> <span class='ocrx_word' id='word_1_476' title='bbox 1535 4246 1585 4300; x_wconf 86' lang='lat' dir='ltr'><strong>llei</strong></span> <span class='ocrx_word' id='word_1_477' title='bbox 1612 4250 1641 4301; x_wconf 91' lang='lat' dir='ltr'><strong>et</strong></span> <span class='ocrx_word' id='word_1_478' title='bbox 1666 4245 1776 4302; x_wconf 81' lang='lat' dir='ltr'><strong>bomini</strong></span> 
     </span>
    </p>

    <p class='ocr_par' dir='ltr' id='par_1_16' title="bbox 91 4337 1779 4974">
     <span class='ocr_line' id='line_1_57' title="bbox 130 4337 1776 4409; baseline 0 -15"><span class='ocrx_word' id='word_1_479' title='bbox 130 4339 185 4394; x_wconf 75' lang='lat' dir='ltr'><strong>vire</strong></span> <span class='ocrx_word' id='word_1_480' title='bbox 213 4339 366 4408; x_wconf 88' lang='lat' dir='ltr'><strong>postulatio</strong></span> <span class='ocrx_word' id='word_1_481' title='bbox 395 4337 546 4394; x_wconf 83' lang='lat' dir='ltr'><strong>voluntatis</strong></span> <span class='ocrx_word' id='word_1_482' title='bbox 573 4337 675 4392; x_wconf 86' lang='lat' dir='ltr'><strong>ellectu</strong></span> <span class='ocrx_word' id='word_1_483' title='bbox 701 4337 785 4393; x_wconf 90' lang='lat' dir='ltr'><strong>debet</strong></span> <span class='ocrx_word' id='word_1_484' title='bbox 812 4353 908 4409; x_wconf 85' lang='lat' dir='ltr'><strong>prose·</strong></span> <span class='ocrx_word' id='word_1_485' title='bbox 960 4337 1158 4409; x_wconf 85' lang='lat' dir='ltr'><strong>Redemptoris</strong></span> <span class='ocrx_word' id='word_1_486' title='bbox 1185 4337 1276 4393; x_wconf 91' lang='lat' dir='ltr'><strong>nostri</strong></span> <span class='ocrx_word' id='word_1_487' title='bbox 1299 4340 1363 4393; x_wconf 86' lang='lat' dir='ltr'><strong>lesu</strong></span> <span class='ocrx_word' id='word_1_488' title='bbox 1392 4338 1496 4394; x_wconf 87' lang='lat' dir='ltr'><strong>Christi</strong></span> <span class='ocrx_word' id='word_1_489' title='bbox 1523 4338 1615 4394; x_wconf 88' lang='lat' dir='ltr'><strong>aliena</strong></span> <span class='ocrx_word' id='word_1_490' title='bbox 1641 4339 1708 4405; x_wconf 83' lang='lat' dir='ltr'><strong>liat,</strong></span> <span class='ocrx_word' id='word_1_491' title='bbox 1733 4344 1776 4395; x_wconf 88' lang='lat' dir='ltr'><strong>at-</strong></span> 
     </span>
     <span class='ocr_line' id='line_1_58' title="bbox 94 4430 1779 4515; baseline 0.002 -32"><span class='ocrx_word' id='word_1_492' title='bbox 94 4434 199 4502; x_wconf 91' lang='lat' dir='ltr'><strong>quente</strong></span> <span class='ocrx_word' id='word_1_493' title='bbox 214 4432 360 4502; x_wconf 89' lang='lat' dir='ltr'><strong>compleri,</strong></span> <span class='ocrx_word' id='word_1_494' title='bbox 377 4437 408 4487; x_wconf 90' lang='lat' dir='ltr'><strong>ut</strong></span> <span class='ocrx_word' id='word_1_495' title='bbox 426 4435 454 4486; x_wconf 93' lang='lat' dir='ltr'><strong>et</strong></span> <span class='ocrx_word' id='word_1_496' title='bbox 468 4431 628 4487; x_wconf 90' lang='lat' dir='ltr'><strong>devotionis</strong></span> <span class='ocrx_word' id='word_1_497' title='bbox 646 4431 789 4486; x_wconf 87' lang='lat' dir='ltr'><strong>sinceritas</strong></span> <span class='ocrx_word' id='word_1_498' title='bbox 807 4430 1015 4515; x_wconf 77' lang='lat' dir='ltr'><strong>lauda-une</strong></span> <span class='ocrx_word' id='word_1_499' title='bbox 1033 4431 1063 4486; x_wconf 94' lang='lat' dir='ltr'><strong>in</strong></span> <span class='ocrx_word' id='word_1_500' title='bbox 1085 4437 1214 4486; x_wconf 85' lang='lat' dir='ltr'><strong>extremo</strong></span> <span class='ocrx_word' id='word_1_501' title='bbox 1242 4431 1374 4488; x_wconf 82' lang='lat' dir='ltr'><strong>examine</strong></span> <span class='ocrx_word' id='word_1_502' title='bbox 1403 4431 1537 4487; x_wconf 76' lang='lat' dir='ltr'><strong>districte</strong></span> <span class='ocrx_word' id='word_1_503' title='bbox 1560 4432 1666 4487; x_wconf 90' lang='lat' dir='ltr'><strong>ultioni</strong></span> <span class='ocrx_word' id='word_1_504' title='bbox 1686 4431 1779 4504; x_wconf 87' lang='lat' dir='ltr'><strong>subja·</strong></span> 
     </span>
     <span class='ocr_line' id='line_1_59' title="bbox 93 4522 1767 4597; baseline 0.001 -18"><span class='ocrx_word' id='word_1_505' title='bbox 93 4522 188 4579; x_wconf 86' lang='lat' dir='ltr'><strong>bilitcr</strong></span> <span class='ocrx_word' id='word_1_506' title='bbox 207 4522 354 4592; x_wconf 87' lang='lat' dir='ltr'><strong>enitescat,</strong></span> <span class='ocrx_word' id='word_1_507' title='bbox 374 4530 403 4581; x_wconf 89' lang='lat' dir='ltr'><strong>et</strong></span> <span class='ocrx_word' id='word_1_508' title='bbox 422 4526 527 4581; x_wconf 88' lang='lat' dir='ltr'><strong>utilitas</strong></span> <span class='ocrx_word' id='word_1_509' title='bbox 544 4525 687 4597; x_wconf 89' lang='lat' dir='ltr'><strong>postulata</strong></span> <span class='ocrx_word' id='word_1_510' title='bbox 705 4524 778 4579; x_wconf 86' lang='lat' dir='ltr'><strong>vires</strong></span> <span class='ocrx_word' id='word_1_511' title='bbox 796 4524 909 4579; x_wconf 92' lang='lat' dir='ltr'><strong>indubi·</strong></span> <span class='ocrx_word' id='word_1_512' title='bbox 960 4530 1033 4580; x_wconf 84' lang='lat' dir='ltr'><strong>caat.</strong></span> <span class='ocrx_word' id='word_1_513' title='bbox 1762 4584 1767 4593; x_wconf 63' lang='grc'><strong>,</strong></span> 
     </span>
     <span class='ocr_line' id='line_1_60' title="bbox 93 4616 1776 4691; baseline 0.001 -19"><span class='ocrx_word' id='word_1_514' title='bbox 93 4619 189 4672; x_wconf 85' lang='lat' dir='ltr'><strong>tenter</strong></span> <span class='ocrx_word' id='word_1_515' title='bbox 205 4622 339 4672; x_wconf 89' lang='lat' dir='ltr'><strong>assumat.</strong></span> <span class='ocrx_word' id='word_1_516' title='bbox 357 4620 524 4689; x_wconf 89' lang='lat' dir='ltr'><strong>Eapropter,</strong></span> <span class='ocrx_word' id='word_1_517' title='bbox 546 4619 641 4674; x_wconf 90' lang='lat' dir='ltr'><strong>dilecti</strong></span> <span class='ocrx_word' id='word_1_518' title='bbox 662 4619 691 4673; x_wconf 91' lang='lat' dir='ltr'><strong>in</strong></span> <span class='ocrx_word' id='word_1_519' title='bbox 709 4619 829 4674; x_wconf 84' lang='lat' dir='ltr'><strong>Domino</strong></span> <span class='ocrx_word' id='word_1_520' title='bbox 849 4618 909 4687; x_wconf 88' lang='lat' dir='ltr'><strong>filii,</strong></span> <span class='ocrx_word' id='word_1_521' title='bbox 980 4616 1110 4675; x_wconf 63' lang='lat' dir='ltr'><strong>*Cunctis</strong></span> <span class='ocrx_word' id='word_1_522' title='bbox 1129 4626 1226 4676; x_wconf 90' lang='lat' dir='ltr'><strong>autem</strong></span> <span class='ocrx_word' id='word_1_523' title='bbox 1247 4619 1342 4676; x_wconf 89' lang='lat' dir='ltr'><strong>eidem</strong></span> <span class='ocrx_word' id='word_1_524' title='bbox 1362 4620 1423 4676; x_wconf 93' lang='lat' dir='ltr'><strong>loco</strong></span> <span class='ocrx_word' id='word_1_525' title='bbox 1439 4636 1492 4676; x_wconf 88' lang='lat' dir='ltr'><strong>sua</strong></span> <span class='ocrx_word' id='word_1_526' title='bbox 1505 4619 1583 4691; x_wconf 87' lang='lat' dir='ltr'><strong>justa</strong></span> <span class='ocrx_word' id='word_1_527' title='bbox 1598 4617 1776 4676; x_wconf 85' lang='lat' dir='ltr'><strong>servantibus</strong></span> 
     </span>
     <span class='ocr_line' id='line_1_61' title="bbox 91 4710 1777 4786; baseline 0.002 -20"><span class='ocrx_word' id='word_1_528' title='bbox 91 4710 193 4766; x_wconf 89' lang='lat' dir='ltr'><strong>vestris</strong></span> <span class='ocrx_word' id='word_1_529' title='bbox 204 4710 288 4782; x_wconf 89' lang='lat' dir='ltr'><strong>justis</strong></span> <span class='ocrx_word' id='word_1_530' title='bbox 308 4711 547 4782; x_wconf 88' lang='lat' dir='ltr'><strong>postulationibus</strong></span> <span class='ocrx_word' id='word_1_531' title='bbox 569 4714 727 4767; x_wconf 89' lang='lat' dir='ltr'><strong>clementer</strong></span> <span class='ocrx_word' id='word_1_532' title='bbox 745 4711 908 4781; x_wconf 90' lang='lat' dir='ltr'><strong>annuimus,</strong></span> <span class='ocrx_word' id='word_1_533' title='bbox 960 4713 997 4768; x_wconf 90' lang='lat' dir='ltr'><strong>sit</strong></span> <span class='ocrx_word' id='word_1_534' title='bbox 1009 4730 1063 4784; x_wconf 80' lang='lat' dir='ltr'><strong>pax</strong></span> <span class='ocrx_word' id='word_1_535' title='bbox 1082 4714 1193 4769; x_wconf 85' lang='lat' dir='ltr'><strong>Domini</strong></span> <span class='ocrx_word' id='word_1_536' title='bbox 1208 4714 1297 4769; x_wconf 90' lang='lat' dir='ltr'><strong>nostri</strong></span> <span class='ocrx_word' id='word_1_537' title='bbox 1314 4717 1380 4770; x_wconf 87' lang='lat' dir='ltr'><strong>lesu</strong></span> <span class='ocrx_word' id='word_1_538' title='bbox 1401 4714 1515 4781; x_wconf 87' lang='lat' dir='ltr'><strong>Christi,</strong></span> <span class='ocrx_word' id='word_1_539' title='bbox 1531 4720 1673 4786; x_wconf 89' lang='lat' dir='ltr'><strong>quatenus</strong></span> <span class='ocrx_word' id='word_1_540' title='bbox 1687 4716 1717 4768; x_wconf 88' lang='lat' dir='ltr'><strong>et</strong></span> <span class='ocrx_word' id='word_1_541' title='bbox 1730 4713 1777 4769; x_wconf 90' lang='lat' dir='ltr'><strong>hic</strong></span> 
     </span>
     <span class='ocr_line' id='line_1_62' title="bbox 92 4804 1778 4879; baseline 0 -18"><span class='ocrx_word' id='word_1_542' title='bbox 92 4810 122 4861; x_wconf 93' lang='lat' dir='ltr'><strong>et</strong></span> <span class='ocrx_word' id='word_1_543' title='bbox 146 4804 294 4875; x_wconf 78' lang='lat' dir='ltr'><strong>prefatam</strong></span> <span class='ocrx_word' id='word_1_544' title='bbox 319 4804 476 4873; x_wconf 88' lang='lat' dir='ltr'><strong>ecclesiam,</strong></span> <span class='ocrx_word' id='word_1_545' title='bbox 502 4805 532 4859; x_wconf 91' lang='lat' dir='ltr'><strong>in</strong></span> <span class='ocrx_word' id='word_1_546' title='bbox 556 4822 613 4878; x_wconf 91' lang='lat' dir='ltr'><strong>qua</strong></span> <span class='ocrx_word' id='word_1_547' title='bbox 636 4805 732 4861; x_wconf 86' lang='lat' dir='ltr'><strong>divino</strong></span> <span class='ocrx_word' id='word_1_548' title='bbox 756 4806 910 4877; x_wconf 90' lang='lat' dir='ltr'><strong>mancipati</strong></span> <span class='ocrx_word' id='word_1_549' title='bbox 959 4807 1083 4862; x_wconf 89' lang='lat' dir='ltr'><strong>fructum</strong></span> <span class='ocrx_word' id='word_1_550' title='bbox 1098 4807 1181 4862; x_wconf 77' lang='lat' dir='ltr'><strong>bonae</strong></span> <span class='ocrx_word' id='word_1_551' title='bbox 1201 4807 1319 4862; x_wconf 90' lang='lat' dir='ltr'><strong>actionis</strong></span> <span class='ocrx_word' id='word_1_552' title='bbox 1338 4807 1506 4878; x_wconf 88' lang='lat' dir='ltr'><strong>percipiant,</strong></span> <span class='ocrx_word' id='word_1_553' title='bbox 1525 4815 1553 4862; x_wconf 88' lang='lat' dir='ltr'><strong>et</strong></span> <span class='ocrx_word' id='word_1_554' title='bbox 1571 4806 1646 4879; x_wconf 92' lang='lat' dir='ltr'><strong>apud</strong></span> <span class='ocrx_word' id='word_1_555' title='bbox 1669 4805 1778 4862; x_wconf 91' lang='lat' dir='ltr'><strong>distric-</strong></span> 
     </span>
     <span class='ocr_line' id='line_1_63' title="bbox 92 4897 1775 4974; baseline 0.002 -20"><span class='ocrx_word' id='word_1_556' title='bbox 92 4897 159 4954; x_wconf 88' lang='lat' dir='ltr'><strong>estis</strong></span> <span class='ocrx_word' id='word_1_557' title='bbox 172 4897 317 4970; x_wconf 87' lang='lat' dir='ltr'><strong>obsequio,</strong></span> <span class='ocrx_word' id='word_1_558' title='bbox 333 4898 384 4953; x_wconf 91' lang='lat' dir='ltr'><strong>sub</strong></span> <span class='ocrx_word' id='word_1_559' title='bbox 397 4898 471 4953; x_wconf 91' lang='lat' dir='ltr'><strong>beati</strong></span> <span class='ocrx_word' id='word_1_560' title='bbox 486 4898 561 4953; x_wconf 88' lang='lat' dir='ltr'><strong>Petri</strong></span> <span class='ocrx_word' id='word_1_561' title='bbox 574 4904 602 4955; x_wconf 91' lang='lat' dir='ltr'><strong>et</strong></span> <span class='ocrx_word' id='word_1_562' title='bbox 614 4905 708 4955; x_wconf 88' lang='lat' dir='ltr'><strong>nostro</strong></span> <span class='ocrx_word' id='word_1_563' title='bbox 731 4899 909 4971; x_wconf 89' lang='lat' dir='ltr'><strong>protectione</strong></span> <span class='ocrx_word' id='word_1_564' title='bbox 959 4905 1021 4956; x_wconf 91' lang='lat' dir='ltr'><strong>tum</strong></span> <span class='ocrx_word' id='word_1_565' title='bbox 1029 4902 1155 4973; x_wconf 87' lang='lat' dir='ltr'><strong>judicem</strong></span> <span class='ocrx_word' id='word_1_566' title='bbox 1166 4901 1283 4974; x_wconf 80' lang='lat' dir='ltr'><strong>premia</strong></span> <span class='ocrx_word' id='word_1_567' title='bbox 1292 4904 1409 4957; x_wconf 74' lang='lat' dir='ltr'><strong>aeternae</strong></span> <span class='ocrx_word' id='word_1_568' title='bbox 1420 4901 1497 4973; x_wconf 87' lang='lat' dir='ltr'><strong>pacis</strong></span> <span class='ocrx_word' id='word_1_569' title='bbox 1507 4901 1665 4956; x_wconf 88' lang='lat' dir='ltr'><strong>inveniant.</strong></span> <span class='ocrx_word' id='word_1_570' title='bbox 1676 4904 1775 4969; x_wconf 75' lang='lat' dir='ltr'><strong>amen,</strong></span> 
     </span>
    </p>
   </div>
   <div class='ocr_carea' id='block_1_15' title="bbox 87 4992 910 5819">
    <p class='ocr_par' dir='ltr' id='par_1_17' title="bbox 87 4992 910 5819">
     <span class='ocr_line' id='line_1_64' title="bbox 90 4992 909 5064; baseline 0 -15"><span class='ocrx_word' id='word_1_571' title='bbox 90 4992 269 5063; x_wconf 87' lang='lat' dir='ltr'><strong>suscipimus,</strong></span> <span class='ocrx_word' id='word_1_572' title='bbox 285 4996 313 5047; x_wconf 89' lang='lat' dir='ltr'><strong>et</strong></span> <span class='ocrx_word' id='word_1_573' title='bbox 333 4992 481 5064; x_wconf 87' lang='lat' dir='ltr'><strong>praesentis</strong></span> <span class='ocrx_word' id='word_1_574' title='bbox 502 4992 600 5064; x_wconf 90' lang='lat' dir='ltr'><strong>scripti</strong></span> <span class='ocrx_word' id='word_1_575' title='bbox 616 4992 764 5064; x_wconf 85' lang='lat' dir='ltr'><strong>privilegio</strong></span> <span class='ocrx_word' id='word_1_576' title='bbox 784 5010 909 5049; x_wconf 89' lang='lat' dir='ltr'><strong>commu·</strong></span> 
     </span>
     <span class='ocr_line' id='line_1_65' title="bbox 91 5085 908 5159; baseline 0.002 -19"><span class='ocrx_word' id='word_1_577' title='bbox 91 5085 201 5153; x_wconf 88' lang='lat' dir='ltr'><strong>nimus,</strong></span> <span class='ocrx_word' id='word_1_578' title='bbox 234 5091 389 5142; x_wconf 89' lang='lat' dir='ltr'><strong>statuentes</strong></span> <span class='ocrx_word' id='word_1_579' title='bbox 421 5091 452 5141; x_wconf 93' lang='lat' dir='ltr'><strong>ut</strong></span> <span class='ocrx_word' id='word_1_580' title='bbox 483 5103 668 5159; x_wconf 90' lang='lat' dir='ltr'><strong>quascunque</strong></span> <span class='ocrx_word' id='word_1_581' title='bbox 700 5086 908 5158; x_wconf 90' lang='lat' dir='ltr'><strong>possessiones,</strong></span> 
     </span>
     <span class='ocr_line' id='line_1_66' title="bbox 91 5180 909 5252; baseline 0.002 -18"><span class='ocrx_word' id='word_1_582' title='bbox 91 5195 270 5252; x_wconf 79' lang='lat' dir='ltr'><strong>quecunque</strong></span> <span class='ocrx_word' id='word_1_583' title='bbox 292 5180 370 5236; x_wconf 90' lang='lat' dir='ltr'><strong>bona</strong></span> <span class='ocrx_word' id='word_1_584' title='bbox 391 5181 492 5236; x_wconf 90' lang='lat' dir='ltr'><strong>eadem</strong></span> <span class='ocrx_word' id='word_1_585' title='bbox 515 5181 633 5237; x_wconf 89' lang='lat' dir='ltr'><strong>ecclesia</strong></span> <span class='ocrx_word' id='word_1_586' title='bbox 652 5180 909 5252; x_wconf 75' lang='lat' dir='ltr'><strong>impresentiarum</strong></span> 
     </span>
     <span class='ocr_line' id='line_1_67' title="bbox 87 5274 910 5346; baseline 0.002 -18"><span class='ocrx_word' id='word_1_587' title='bbox 87 5274 164 5346; x_wconf 88' lang='lat' dir='ltr'><strong>juste</strong></span> <span class='ocrx_word' id='word_1_588' title='bbox 179 5280 207 5330; x_wconf 92' lang='lat' dir='ltr'><strong>ct</strong></span> <span class='ocrx_word' id='word_1_589' title='bbox 225 5275 360 5329; x_wconf 91' lang='lat' dir='ltr'><strong>canonice</strong></span> <span class='ocrx_word' id='word_1_590' title='bbox 379 5275 515 5346; x_wconf 89' lang='lat' dir='ltr'><strong>possidet,</strong></span> <span class='ocrx_word' id='word_1_591' title='bbox 535 5278 585 5329; x_wconf 90' lang='lat' dir='ltr'><strong>aut</strong></span> <span class='ocrx_word' id='word_1_592' title='bbox 602 5274 630 5328; x_wconf 92' lang='lat' dir='ltr'><strong>in</strong></span> <span class='ocrx_word' id='word_1_593' title='bbox 650 5275 777 5330; x_wconf 85' lang='lat' dir='ltr'><strong>futurum</strong></span> <span class='ocrx_word' id='word_1_594' title='bbox 797 5290 910 5330; x_wconf 88' lang='lat' dir='ltr'><strong>conces·</strong></span> 
     </span>
     <span class='ocr_line' id='line_1_68' title="bbox 89 5367 907 5440; baseline 0.001 -18"><span class='ocrx_word' id='word_1_595' title='bbox 89 5367 168 5423; x_wconf 88' lang='lat' dir='ltr'><strong>sione</strong></span> <span class='ocrx_word' id='word_1_596' title='bbox 182 5369 360 5440; x_wconf 91' lang='lat' dir='ltr'><strong>pontificum,</strong></span> <span class='ocrx_word' id='word_1_597' title='bbox 381 5369 531 5439; x_wconf 89' lang='lat' dir='ltr'><strong>largitione</strong></span> <span class='ocrx_word' id='word_1_598' title='bbox 550 5384 654 5439; x_wconf 90' lang='lat' dir='ltr'><strong>regum</strong></span> <span class='ocrx_word' id='word_1_599' title='bbox 673 5369 717 5424; x_wconf 90' lang='lat' dir='ltr'><strong>vel</strong></span> <span class='ocrx_word' id='word_1_600' title='bbox 734 5368 907 5440; x_wconf 88' lang='lat' dir='ltr'><strong>principum,</strong></span> 
     </span>
     <span class='ocr_line' id='line_1_69' title="bbox 90 5461 909 5534; baseline -0.001 -17"><span class='ocrx_word' id='word_1_601' title='bbox 90 5461 233 5517; x_wconf 91' lang='lat' dir='ltr'><strong>oblatione</strong></span> <span class='ocrx_word' id='word_1_602' title='bbox 247 5462 386 5528; x_wconf 89' lang='lat' dir='ltr'><strong>fidelium,</strong></span> <span class='ocrx_word' id='word_1_603' title='bbox 403 5479 452 5518; x_wconf 86' lang='lat' dir='ltr'><strong>seu</strong></span> <span class='ocrx_word' id='word_1_604' title='bbox 468 5462 529 5517; x_wconf 91' lang='lat' dir='ltr'><strong>aliis</strong></span> <span class='ocrx_word' id='word_1_605' title='bbox 539 5462 623 5533; x_wconf 85' lang='lat' dir='ltr'><strong>justis</strong></span> <span class='ocrx_word' id='word_1_606' title='bbox 637 5462 740 5529; x_wconf 87' lang='lat' dir='ltr'><strong>modis,</strong></span> <span class='ocrx_word' id='word_1_607' title='bbox 757 5465 909 5534; x_wconf 79' lang='lat' dir='ltr'><strong>prestante</strong></span> 
     </span>
     <span class='ocr_line' id='line_1_70' title="bbox 89 5555 909 5628; baseline -0.001 -17"><span class='ocrx_word' id='word_1_608' title='bbox 89 5555 209 5611; x_wconf 88' lang='lat' dir='ltr'><strong>Domino</strong></span> <span class='ocrx_word' id='word_1_609' title='bbox 222 5557 328 5626; x_wconf 87' lang='lat' dir='ltr'><strong>poterit</strong></span> <span class='ocrx_word' id='word_1_610' title='bbox 341 5555 469 5627; x_wconf 88' lang='lat' dir='ltr'><strong>adipisci,</strong></span> <span class='ocrx_word' id='word_1_611' title='bbox 485 5557 570 5611; x_wconf 89' lang='lat' dir='ltr'><strong>firma</strong></span> <span class='ocrx_word' id='word_1_612' title='bbox 585 5555 663 5610; x_wconf 87' lang='lat' dir='ltr'><strong>vobis</strong></span> <span class='ocrx_word' id='word_1_613' title='bbox 674 5556 835 5628; x_wconf 89' lang='lat' dir='ltr'><strong>vestrisque</strong></span> <span class='ocrx_word' id='word_1_614' title='bbox 848 5571 909 5611; x_wconf 88' lang='lat' dir='ltr'><strong>suc·</strong></span> 
     </span>
     <span class='ocr_line' id='line_1_71' title="bbox 91 5647 908 5722; baseline -0.002 -17"><span class='ocrx_word' id='word_1_615' title='bbox 91 5649 250 5705; x_wconf 88' lang='lat' dir='ltr'><strong>cessoribus</strong></span> <span class='ocrx_word' id='word_1_616' title='bbox 264 5655 293 5705; x_wconf 91' lang='lat' dir='ltr'><strong>ct</strong></span> <span class='ocrx_word' id='word_1_617' title='bbox 305 5650 412 5706; x_wconf 85' lang='lat' dir='ltr'><strong>illibata</strong></span> <span class='ocrx_word' id='word_1_618' title='bbox 433 5655 632 5722; x_wconf 88' lang='lat' dir='ltr'><strong>permaneant.</strong></span> <span class='ocrx_word' id='word_1_619' title='bbox 651 5651 794 5705; x_wconf 79' lang='lat' dir='ltr'><strong>Praeterea</strong></span> <span class='ocrx_word' id='word_1_620' title='bbox 813 5647 908 5704; x_wconf 84' lang='lat' dir='ltr'><strong>statui-</strong></span> 
     </span>
     <span class='ocr_line' id='line_1_72' title="bbox 90 5744 907 5819; baseline -0.002 -18"><span class='ocrx_word' id='word_1_621' title='bbox 90 5759 155 5801; x_wconf 90' lang='lat' dir='ltr'><strong>mus</strong></span> <span class='ocrx_word' id='word_1_622' title='bbox 174 5750 205 5799; x_wconf 90' lang='lat' dir='ltr'><strong>ut</strong></span> <span class='ocrx_word' id='word_1_623' title='bbox 225 5747 286 5800; x_wconf 90' lang='lat' dir='ltr'><strong>tam</strong></span> <span class='ocrx_word' id='word_1_624' title='bbox 304 5745 423 5819; x_wconf 84' lang='lat' dir='ltr'><strong>praelata</strong></span> <span class='ocrx_word' id='word_1_625' title='bbox 443 5745 561 5802; x_wconf 88' lang='lat' dir='ltr'><strong>ecclesia</strong></span> <span class='ocrx_word' id='word_1_626' title='bbox 579 5760 665 5818; x_wconf 86' lang='lat' dir='ltr'><strong>quam</strong></span> <span class='ocrx_word' id='word_1_627' title='bbox 680 5744 779 5801; x_wconf 81' lang='lat' dir='ltr'><strong>&#39;clerici</strong></span> <span class='ocrx_word' id='word_1_628' title='bbox 799 5749 828 5800; x_wconf 92' lang='lat' dir='ltr'><strong>et</strong></span> <span class='ocrx_word' id='word_1_629' title='bbox 850 5759 907 5799; x_wconf 91' lang='lat' dir='ltr'><strong>ser·</strong></span> 
     </span>
    </p>
   </div>
   <div class='ocr_carea' id='block_1_16' title="bbox 958 5012 1775 5819">
    <p class='ocr_par' dir='ltr' id='par_1_18' title="bbox 960 5012 1169 5064">
     <span class='ocr_line' id='line_1_73' title="bbox 960 5012 1169 5064; baseline 0 -13"><span class='ocrx_word' id='word_1_630' title='bbox 960 5012 1055 5064; x_wconf 90' lang='lat' dir='ltr'><strong>amen,</strong></span> <span class='ocrx_word' id='word_1_631' title='bbox 1073 5012 1169 5051; x_wconf 90' lang='lat' dir='ltr'><strong>amen.</strong></span> 
     </span>
    </p>

    <p class='ocr_par' dir='ltr' id='par_1_19' title="bbox 995 5087 1703 5160">
     <span class='ocr_line' id='line_1_74' title="bbox 995 5087 1703 5160; baseline -0.001 -16"><span class='ocrx_word' id='word_1_632' title='bbox 995 5090 1055 5160; x_wconf 88' lang='lat' dir='ltr'><strong>Ego</strong></span> <span class='ocrx_word' id='word_1_633' title='bbox 1069 5089 1219 5156; x_wconf 84' lang='lat' dir='ltr'><strong>Adrianus,</strong></span> <span class='ocrx_word' id='word_1_634' title='bbox 1236 5088 1383 5144; x_wconf 74' lang='lat' dir='ltr'><strong>catholicae</strong></span> <span class='ocrx_word' id='word_1_635' title='bbox 1398 5087 1528 5144; x_wconf 76' lang='lat' dir='ltr'><strong>Ecclesia</strong></span> <span class='ocrx_word' id='word_1_636' title='bbox 1543 5087 1703 5160; x_wconf 87' lang='lat' dir='ltr'><strong>episcopus.</strong></span> 
     </span>
    </p>

    <p class='ocr_par' dir='ltr' id='par_1_20' title="bbox 997 5182 1576 5254">
     <span class='ocr_line' id='line_1_75' title="bbox 997 5182 1576 5254; baseline -0.003 -17"><span class='ocrx_word' id='word_1_637' title='bbox 997 5184 1054 5253; x_wconf 86' lang='lat' dir='ltr'><strong>Ego</strong></span> <span class='ocrx_word' id='word_1_638' title='bbox 1069 5183 1230 5254; x_wconf 89' lang='lat' dir='ltr'><strong>Gregorius,</strong></span> <span class='ocrx_word' id='word_1_639' title='bbox 1245 5182 1407 5238; x_wconf 88' lang='lat' dir='ltr'><strong>Sabinensis</strong></span> <span class='ocrx_word' id='word_1_640' title='bbox 1418 5183 1576 5254; x_wconf 79' lang='lat' dir='ltr'><strong>episcopus.</strong></span> 
     </span>
    </p>

    <p class='ocr_par' dir='ltr' id='par_1_21' title="bbox 995 5275 1732 5347">
     <span class='ocr_line' id='line_1_76' title="bbox 995 5275 1732 5347; baseline 0.003 -17"><span class='ocrx_word' id='word_1_641' title='bbox 995 5277 1055 5347; x_wconf 90' lang='lat' dir='ltr'><strong>Ego</strong></span> <span class='ocrx_word' id='word_1_642' title='bbox 1070 5276 1241 5342; x_wconf 89' lang='lat' dir='ltr'><strong>Bernardns,</strong></span> <span class='ocrx_word' id='word_1_643' title='bbox 1256 5276 1419 5331; x_wconf 87' lang='lat' dir='ltr'><strong>Portuensis</strong></span> <span class='ocrx_word' id='word_1_644' title='bbox 1434 5276 1561 5331; x_wconf 81' lang='lat' dir='ltr'><strong>ecclesie</strong></span> <span class='ocrx_word' id='word_1_645' title='bbox 1574 5275 1732 5347; x_wconf 89' lang='lat' dir='ltr'><strong>episcopus.</strong></span> 
     </span>
    </p>

    <p class='ocr_par' dir='ltr' id='par_1_22' title="bbox 995 5368 1597 5441">
     <span class='ocr_line' id='line_1_77' title="bbox 995 5368 1597 5441; baseline -0.002 -16"><span class='ocrx_word' id='word_1_646' title='bbox 995 5371 1054 5440; x_wconf 85' lang='lat' dir='ltr'><strong>Ego</strong></span> <span class='ocrx_word' id='word_1_647' title='bbox 1066 5369 1238 5436; x_wconf 90' lang='lat' dir='ltr'><strong>Cualterius,</strong></span> <span class='ocrx_word' id='word_1_648' title='bbox 1254 5368 1423 5424; x_wconf 80' lang='lat' dir='ltr'><strong>Albanensis</strong></span> <span class='ocrx_word' id='word_1_649' title='bbox 1438 5370 1597 5441; x_wconf 88' lang='lat' dir='ltr'><strong>episcopus.</strong></span> 
     </span>
    </p>

    <p class='ocr_par' dir='ltr' id='par_1_23' title="bbox 958 5461 1775 5613">
     <span class='ocr_line' id='line_1_78' title="bbox 995 5461 1775 5534; baseline 0.003 -17"><span class='ocrx_word' id='word_1_650' title='bbox 995 5464 1054 5533; x_wconf 87' lang='lat' dir='ltr'><strong>Ego</strong></span> <span class='ocrx_word' id='word_1_651' title='bbox 1076 5461 1229 5528; x_wconf 79' lang='lat' dir='ltr'><strong>hubaldus,</strong></span> <span class='ocrx_word' id='word_1_652' title='bbox 1248 5461 1397 5534; x_wconf 81' lang='lat' dir='ltr'><strong>presbyter</strong></span> <span class='ocrx_word' id='word_1_653' title='bbox 1416 5462 1492 5517; x_wconf 84' lang='lat' dir='ltr'><strong>card.</strong></span> <span class='ocrx_word' id='word_1_654' title='bbox 1509 5463 1551 5517; x_wconf 90' lang='lat' dir='ltr'><strong>tit.</strong></span> <span class='ocrx_word' id='word_1_655' title='bbox 1576 5465 1603 5519; x_wconf 88' lang='lat' dir='ltr'><strong>S.</strong></span> <span class='ocrx_word' id='word_1_656' title='bbox 1629 5463 1725 5520; x_wconf 87' lang='lat' dir='ltr'><strong>Crucis</strong></span> <span class='ocrx_word' id='word_1_657' title='bbox 1745 5463 1775 5519; x_wconf 91' lang='lat' dir='ltr'><strong>in</strong></span> 
     </span>
     <span class='ocr_line' id='line_1_79' title="bbox 958 5556 1127 5613; baseline -0.018 0"><span class='ocrx_word' id='word_1_658' title='bbox 958 5556 1127 5613; x_wconf 84' lang='lat' dir='ltr'><strong>Jerusalem.</strong></span> 
     </span>
    </p>

    <p class='ocr_par' dir='ltr' id='par_1_24' title="bbox 958 5648 1774 5819">
     <span class='ocr_line' id='line_1_80' title="bbox 994 5648 1774 5722; baseline 0.001 -18"><span class='ocrx_word' id='word_1_659' title='bbox 994 5651 1052 5722; x_wconf 83' lang='lat' dir='ltr'><strong>Ego</strong></span> <span class='ocrx_word' id='word_1_660' title='bbox 1074 5649 1290 5720; x_wconf 87' lang='lat' dir='ltr'><strong>Hildebrandns,</strong></span> <span class='ocrx_word' id='word_1_661' title='bbox 1311 5649 1460 5722; x_wconf 85' lang='lat' dir='ltr'><strong>presbyter</strong></span> <span class='ocrx_word' id='word_1_662' title='bbox 1479 5649 1632 5706; x_wconf 89' lang='lat' dir='ltr'><strong>cardinalis</strong></span> <span class='ocrx_word' id='word_1_663' title='bbox 1652 5648 1774 5705; x_wconf 78' lang='lat' dir='ltr'><strong>basilica</strong></span> 
     </span>
     <span class='ocr_line' id='line_1_81' title="bbox 958 5743 1234 5819; baseline 0.007 -19"><span class='ocrx_word' id='word_1_664' title='bbox 958 5743 1005 5801; x_wconf 87' lang='lat' dir='ltr'><strong>llll</strong></span> <span class='ocrx_word' id='word_1_665' title='bbox 1020 5744 1234 5819; x_wconf 78' lang='lat' dir='ltr'><strong>Apostolorum.</strong></span> 
     </span>
    </p>
   </div>
   <div class='ocr_carea' id='block_1_17' title="bbox 0 0 1880 6046">
    <p class='ocr_par' dir='ltr' id='par_1_25' title="bbox 0 0 1880 6046">
     <span class='ocr_line' id='line_1_82' title="bbox 0 0 1880 6046; baseline 0 4"><span class='ocrx_word' id='word_1_666' title='bbox 0 0 1880 6046; x_wconf 95' lang='lat' dir='ltr'><strong> </strong></span> 
     </span>
    </p>
   </div>
  </div>
 </body>
</html>
