3750 6046
90 192 139 250 an
770 186 931 246 onuenrct
948 186 1080 245 VlThLlS
1706 187 1764 245 ³72

88 333 192 393 aquam
211 333 295 389 super
316 315 492 372 Rodbertum
511 319 541 371 ct
554 314 671 371 emacim
693 314 816 388 ejusqui
834 315 899 371 sub·
911 330 942 403 Α
986 317 1034 374 llis
1042 314 1218 373 motionibus
1233 314 1332 372 incole
1346 320 1376 372 et
1389 313 1475 372 vicini
1489 313 1653 374 terribiliter
1665 313 1766 387 agitati

2 454 6 466 .
89 419 135 470 tus
154 415 244 480 erant,
260 409 369 466 fudere.
395 410 473 464 Tunc
486 410 533 464 ivo
548 414 577 464 et
594 407 741 464 hibericos
759 407 795 466 de
811 409 899 465 Gren-
950 413 1026 479 sunt,
1055 415 1084 467 et
1105 426 1185 466 mma
1210 409 1315 481 passim
1334 412 1434 467 contra
1450 423 1549 481 τοςοω
1562 407 1608 464 vel
1625 423 1678 481 pro
1696 423 1765 480 rege

25 5369 28 5375 ,
92 5322 103 5372 Ι

86 504 257 563 temaisniiio
270 503 405 559 dixmunt
416 502 559 560 Rodberto
577 517 584 556 ι
600 503 635 557 Ut
646 501 715 571 quid
728 506 835 557 tontum
845 519 898 573 pa·
949 490 1121 560 levaverunt.
1146 503 1217 559 Galli
1237 508 1266 560 et
1278 503 1416 572 Britones,
1431 500 1621 560 cenommani
1632 505 1662 557 et
1672 500 1766 556 Ande·

87 601 151 661 teris
173 597 324 669 iniseriam?
342 598 406 652 lime
431 596 535 663 tratres
555 596 596 649 tui
615 609 695 666 super
715 600 797 665 caput
824 601 900 651 tuum
950 612 1094 669 gavenses,
1112 595 1217 669 aliique
1237 595 1335 668 populi
1356 595 1540 665 fluctuabant,
1556 599 1687 668 atquem
1700 610 1763 651 me·

86 674 275 755 mcemnunt,
289 693 315 745 et
339 688 519 744 immunditiis
536 689 565 742 in
578 692 731 758 contemptu
740 692 784 743 tuo
797 703 845 743 nos
860 691 899 743 te-
950 688 1005 744 rito
1019 688 1102 761 aequi
1112 688 1251 745 deberent
1261 688 1443 761 ignorabant.
1455 687 1538 743 italiis
1550 687 1647 760 itaque
1658 687 1764 761 passim

86 801 147 845 oum
157 785 294 858 polluunt.
307 785 400 842 Nonne
412 781 487 837 uides
497 780 564 852 qnid
579 780 791 850 musionium?
803 782 900 852 hippis
950 781 1174 853 insurgentibus,
1190 781 1321 837 cordatus
1338 797 1388 837 rex
1411 780 1567 838 exercitum
1584 779 1764 853 aggregavit,

88 882 170 938 etium
194 877 297 949 liquido
319 879 406 946 putet.
431 875 493 931 Nisi
510 875 673 941 festinanter
696 874 826 941 netarium
852 874 902 930 tibi
949 880 989 945 et,
1004 874 1034 930 in
1048 875 1145 930 hostes
1161 890 1297 947 pergens,
1319 890 1385 931 cum
1406 875 1532 930 Retrone
1552 872 1766 930 llauritaniensi

90 973 204 1029 dedecm
216 971 350 1042 punieris,
373 966 488 1036 dejectus
506 981 532 1022 os
548 982 595 1022 nec
605 967 681 1022 uitro
698 981 836 1035 resurgere
849 983 900 1022 on·
950 967 1053 1023 comite
1065 983 1166 1040 pacem
1178 966 1254 1023 lecit.
1274 967 1324 1023 liic
1344 966 1490 1036 nimirum,
1505 966 1574 1023 dum
1595 971 1687 1023 terras
1702 967 1768 1024 Car·

90 1067 138 1124 tes.
154 1063 200 1120 His
220 1060 361 1134 siquidem
388 1058 500 1134 auditis¹
517 1058 686 1115 furibundus
709 1059 842 1128 surrexit,
872 1065 901 1117 et
950 1060 1076 1116 notensis
1089 1060 1223 1130 ecclesie,
1236 1076 1301 1134 quae
1315 1064 1463 1135 perpetue
1482 1059 1587 1134 virgini
1606 1059 1701 1117 llariae
1720 1060 1766 1117 de·

89 1157 119 1217 iu
135 1156 312 1213 coenaculum
334 1157 435 1209 contra
455 1152 556 1208 nstra
573 1168 638 1208 suos
651 1152 777 1224 irrepere
792 1154 900 1209 accole·
950 1152 1041 1209 dicata
1066 1158 1118 1222 est,
1137 1153 1306 1227 plerumque
1326 1153 1510 1226 predaretur,
1528 1158 1558 1209 et
1577 1152 1765 1225 abepiscopo

88 1250 171 1307 ravit.
950 1261 1015 1301 cum
1030 1246 1106 1302 clero
1119 1246 1287 1319 frequenter
1303 1246 1339 1302 ob
1359 1247 1414 1303 hoc
1434 1246 1667 1319 redargueretur,
1682 1251 1711 1301 et
1724 1245 1766 1302 in·

123 1344 197 1413 llox,
210 1344 272 1398 orto
289 1339 424 1409 clamore,
440 1338 476 1395 de
492 1336 616 1411 hospitio
634 1354 685 1393 suo
705 1354 754 1394 ror
769 1339 899 1408 accurrit,
950 1337 1118 1412 corrigibilis
1131 1337 1766 1412 perseveransexcommunicaretur,animad·

87 1442 117 1494 et
139 1435 227 1508 regali
254 1433 420 1490 auctoritate
444 1431 571 1488 liliorum
593 1430 691 1505 jurgia
712 1447 829 1487 suorum
863 1431 901 1488 ad
949 1431 1078 1489 versione
1092 1431 1186 1488 divina
1195 1431 1354 1503 obsurduit,
1370 1438 1399 1488 et
1412 1432 1453 1488 sic
1471 1430 1508 1488 ad
1528 1435 1654 1488 mortem
1674 1447 1766 1503 usque

89 1537 203 1601 tempus
220 1526 404 1598 compescuit.
431 1525 565 1598 Sequenti
587 1541 654 1580 vero
666 1529 759 1596 nocte,
771 1524 900 1584 liodber-
950 1525 1053 1581 surdus
1066 1525 1222 1597 permansit
1235 1525 1301 1598 (75).
1321 1524 1382 1581 ilex
1396 1525 1561 1581 Guillelmus
1582 1524 1660 1581 hunc
1672 1525 1765 1596 pretio

88 1628 134 1680 tus
159 1638 224 1679 oum
242 1618 403 1693 pedisequis
421 1617 478 1673 suis
497 1616 649 1690 equitatem
669 1616 743 1689 regis
767 1616 899 1685 deseruit,
951 1618 1095 1686 conduxit,
1110 1634 1262 1691 secumque
1277 1618 1313 1674 ad
1328 1618 1595 1691 obsidionem,quia
1607 1617 1765 1674 Raimalast

88 1716 302 1787 Rothomagum
328 1711 460 1783 expetiit,
490 1712 519 1765 et
547 1725 641 1765 arcem
669 1709 779 1780 regiam
801 1685 985 1767 furtidee
995 1711 1079 1767 fendo
1092 1711 1152 1784 ejus
1166 1717 1236 1780 erat,
1249 1711 1376 1768 minavit.
1394 1711 1520 1777 Quatuor
1534 1716 1625 1767 castre
1649 1711 1679 1766 in
1695 1727 1765 1783 gyro

88 1821 286 1882 preoccupare
310 1804 422 1877 sategit.
437 1805 541 1858 Verum
567 1802 706 1875 Rogerius
734 1803 769 1858 ds
795 1802 901 1858 iberico
950 1804 1084 1874 firmavit,
1098 1804 1194 1878 ibique
1209 1804 1314 1861 milites
1326 1805 1364 1861 ad
1376 1804 1515 1863 arcendos
1528 1809 1687 1861 castrenses
1701 1808 1766 1877 apte

88 1903 226 1975 pincerna
250 1897 335 1970 regis,
357 1896 406 1970 qui
424 1896 527 1952 turrim
543 1895 730 1964 custodiebat,
743 1898 776 1951 nt
787 1899 902 1951 conatus
951 1897 1061 1953 locavit.
1077 1900 1200 1967 interea,
1217 1898 1286 1955 dum
1304 1898 1426 1972 quadam
1440 1897 1488 1954 die
1502 1898 1661 1955 aimericus
1675 1898 1712 1954 de
1724 1897 1766 1953 vi-

90 1992 287 2051 insidiantium
293 1989 494 2064 praecognovit,
509 1988 900 2061 contrairaudesmalignan·
952 1990 1040 2047 larcio
1061 1990 1221 2063 dapiferum
1239 1991 1316 2064 regis
1333 1992 1515 2063 Francorum,
1530 1991 1579 2065 qni
1594 1991 1630 2047 ad
1643 2007 1713 2047 eum
1726 1990 1766 2047 di·

87 2089 160 2145 tium
173 2087 326 2159 diligenter
339 2099 434 2140 arcem
451 2082 642 2154 premunivit,
655 2081 805 2154 missisque
821 2081 900 2153 lega·
952 2087 1085 2154 verterat,
1096 2083 1269 2154 deduxisset,
1283 2087 1392 2142 etcum
1404 2085 1495 2142 tribus
1509 2083 1649 2142 militibus
1657 2084 1692 2140 ad
1706 2100 1764 2140 oae-

89 2182 125 2238 tis
152 2179 282 2236 ordinem
313 2176 354 2233 rei
383 2175 499 2233 domino
522 2192 572 2231 sno
594 2174 658 2247 regi
678 2174 808 2231 celeriter
833 2172 901 2230 inti-
952 2181 1030 2234 trum
1049 2193 1133 2234 suum
1146 2177 1197 2234 ubi
1217 2178 1313 2235 hostes
1337 2178 1415 2251 regis
1429 2178 1595 2235 tutabantur
1613 2178 1765 2247 remearet,

89 2273 186 2331 mavit.
210 2274 245 2328 At
270 2271 317 2327 ille
339 2269 424 2326 nimis
446 2269 535 2325 iratus
557 2267 687 2324 iaofiosos
708 2283 807 2325 omnes
828 2283 904 2323 com·
951 2271 1024 2327 forte
1044 2270 1079 2327 de
1096 2271 1174 2344 regia
1200 2271 1342 2344 phalange
1360 2276 1482 2344 quatuor
1500 2271 1608 2345 equites
1621 2271 1765 2340 exierunt,

90 2365 228 2441 prehendi
248 2362 340 2437 jussit.
360 2363 402 2420 lili
423 2379 496 2432 vero,
523 2362 646 2419 edictum
668 2361 831 2433 hujusmodi
855 2378 903 2418 au·
952 2365 1035 2436 eique
1054 2364 1201 2421 obviantes
1227 2363 1338 2420 aditum
1354 2365 1416 2437 jam
1436 2364 1573 2438 proxime
1598 2363 1766 2420 munitionis

91 2461 212 2532 dientes,
246 2456 402 2515 admodum
434 2455 526 2512 territi
559 2458 640 2527 sunt,
669 2458 698 2511 et
731 2455 902 2529 quibusdam
953 2474 1010 2513 sure
1043 2457 1266 2528 obturaverunt,
1290 2457 1440 2531 ipsumque
1468 2456 1660 2531 percutientes
1690 2456 1765 2513 illico

91 2553 189 2628 captis,
215 2551 262 2608 alii
287 2555 414 2608 extorres
432 2549 571 2622 fugerunt
597 2552 627 2605 et
652 2551 749 2605 extem
773 2553 904 2621 petentes
952 2553 1147 2624 peremerunt.
1161 2551 1268 2608 Deinde
1278 2551 1399 2608 cadaver
1407 2551 1523 2608 infausti
1535 2550 1678 2625 praedonis
1689 2550 1768 2607 velut

90 2647 188 2707 salvati
201 2648 275 2703 sunl.
953 2645 1078 2702 occisum
1090 2661 1171 2702 suem
1183 2662 1268 2719 super
1278 2661 1384 2719 equum
1399 2644 1583 2713 sustulerunt,
1599 2646 1628 2700 et
1640 2643 1767 2700 delatum

125 2744 203 2798 Tunc
221 2742 302 2811 liugo
320 2738 356 2793 de
375 2735 580 2804 Novocastello,
600 2751 689 2808 nepos
703 2739 733 2791 et
749 2736 839 2791 haeres
854 2736 902 2791 el·
953 2742 1019 2795 ante
1041 2740 1183 2812 mappalia
1204 2739 1318 2813 Rogerii
1344 2737 1464 2810 comitis,
1485 2741 1585 2795 contra
1602 2753 1688 2811 quem
1716 2736 1766 2793 din

90 2835 166 2892 berti
187 2831 310 2903 Ribaldi,
328 2830 438 2903 primus
464 2828 618 2902 praedictos
640 2829 749 2885 exsules
769 2827 901 2901 suscepit,
952 2832 1092 2889 hostiliter
1117 2832 1261 2902 saevierat,
1286 2832 1477 2905 projecerunt.
1503 2829 1644 2888 Gulierius
1667 2834 1767 2887 autem

91 2928 189 3002 eisque
210 2923 477 2992 Novumcastellnm,
492 2922 646 2979 Raimalast
659 2925 747 2996 atque
763 2922 903 2979 Sorellum
952 2925 1027 2981 tilius
1041 2925 1112 2998 ejus,
1126 2930 1185 2982 tam
1196 2925 1258 2982 diro
1266 2925 1356 2999 patris
1363 2924 1516 2981 infortunio
1528 2925 1655 2993 territus,
1666 2940 1767 2996 pacem

90 3022 203 3094 aliaque
227 3017 384 3089 municipia
403 3032 453 3072 sua
476 3031 529 3088 pro
555 3014 753 3088 depopulanda
775 3015 939 3122 Naustriac
953 3034 1018 3074 cum
1041 3034 1108 3091 rege
1124 3018 1245 3093 pepigit,
1261 3019 1345 3091 eique
1365 3018 1544 3092 postmodum
1558 3021 1588 3073 et
1604 3017 1766 3074 heredibus

91 3114 230 3188 patefecit.
251 3114 318 3168 Erat
334 3110 412 3166 enim
425 3124 514 3182 gener
526 3108 640 3181 llogerii
661 3107 782 3176 comitis,
793 3108 902 3165 habens
951 3112 1013 3184 ejus
1024 3127 1173 3185 perennes
1186 3112 1278 3169 ferme
1291 3112 1497 3186 qninquaginta
1509 3111 1599 3168 tidelis
1611 3111 1729 3168 exstitit.

89 3209 120 3266 in
146 3205 325 3264 matrimonio
350 3202 491 3259 habiliam
516 3217 645 3258 sororem
669 3201 786 3258 iloberti
813 3202 903 3259 Beles·
987 3204 1074 3260 Multa
1085 3205 1241 3279 terrigenis
1252 3205 1405 3262 imminent
1423 3204 1594 3275 infortunia5
1608 3221 1673 3278 qum
1685 3205 1710 3260 si
1722 3205 1766 3260 di·

90 3299 208 3369 mensis,
224 3299 274 3373 qui
285 3297 362 3369 regis
376 3294 469 3352 fliium
489 3297 602 3352 secutus
614 3294 708 3351 iuerat
724 3311 789 3351 oum
803 3294 904 3352 Radul·
952 3297 1075 3370 ligenter
1089 3298 1280 3355 scriberentur
1297 3298 1394 3355 omnia
1406 3297 1537 3372 ingentia
1552 3298 1700 3372 replerent
1717 3314 1766 3354 vo·

90 3396 147 3469 pho
169 3393 204 3449 de
229 3389 359 3459 Conchis,
384 3387 501 3462 aliisque
525 3386 667 3461 plurimis.
690 3388 779 3444 Pravo
795 3388 902 3460 quippe
953 3392 1071 3448 lumine.
1086 3392 1166 3448 Nunc
1183 3392 1299 3448 hiemali
1321 3393 1428 3465 irigore
1449 3392 1557 3463 rigens,
1570 3391 1633 3446 aliis
1648 3407 1768 3464 occupa-

90 3505 162 3545 ausu
174 3487 330 3543 desertores
343 3480 519 3556 (detestabile
534 3481 613 3537 nefas
637 3481 656 3551 t)
670 3481 764 3538 exorsi
785 3486 860 3551 suut,
875 3486 904 3538 et
952 3484 1078 3541 tionibus
1090 3485 1202 3556 vacabo,
1215 3491 1443 3560 praesentemque
1461 3484 1591 3541 libellum
1603 3485 1649 3541 hic
1671 3485 1767 3541 termi-

91 3580 195 3655 oppida
213 3577 369 3653 divitesque
386 3575 489 3631 fundos
508 3591 560 3647 pro
576 3573 653 3630 inani
670 3590 719 3647 spe
737 3579 765 3630 et
786 3575 904 3648 promis·
953 3593 1020 3634 nare
1035 3577 1171 3651 fatigatus
1185 3578 1319 3635 decerno.
1335 3579 1481 3635 Redeunta
1494 3593 1562 3634 vero
1579 3576 1681 3650 placidi
1694 3577 1768 3634 veris

92 3675 129 3732 eis
146 3669 386 3746 floccipendendis
408 3668 599 3741 reliquerunt.
621 3669 680 3725 ilex
701 3672 797 3724 autem
816 3674 904 3724 terras
954 3687 1065 3741 sereno,
1082 3687 1116 3727 ea
1138 3688 1201 3746 que
1216 3673 1310 3728 minus
1327 3673 1411 3746 plene
1425 3671 1555 3740 dissensi,
1571 3671 1630 3726 sive
1643 3687 1709 3745 ques
1723 3687 1768 3727 re·

91 3785 189 3827 eorum
202 3783 290 3825 manu
302 3763 418 3838 propria
437 3762 490 3819 sibi
507 3760 630 3836 subegit,
645 3764 673 3818 et
690 3762 724 3819 de
744 3761 904 3819 redditibus
954 3768 1041 3837 stant,
1061 3764 1091 3821 in
1112 3765 1295 3839 sequentibus
1320 3766 1474 3840 replicabo,
1503 3766 1618 3838 Deoqne
1633 3765 1766 3838 juvante,

91 3880 190 3922 eorum
209 3857 407 3934 stipendiarios
423 3855 591 3914 dimicantes
610 3860 707 3913 contre
727 3855 840 3912 eosdem
858 3872 904 3917 re·
953 3874 1034 3915 cesus
1047 3874 1160 3930 guerre
1179 3859 1315 3933 pacisque
1330 3863 1507 3917 nosnatuum
1529 3859 1621 3917 veraci
1635 3858 1707 3932 stylo
1724 3875 1769 3915 ce

92 3954 261 4015 muneravit.
954 3951 1033 4024 piose
1045 3951 1218 4008 dilucidabo.

122 4117 170 4181 (75)
190 4113 316 4167 Similem
340 4111 484 4164 retroactis
505 4108 676 4174 temporibus
700 4106 774 4160 claro
795 4107 905 4161 Camo-
953 4112 1001 4169 nit,
1020 4111 1148 4176 nouaque
1166 4117 1282 4176 quantoe
1299 4117 1381 4176 potest
1400 4113 1570 4165 muntinolus
1589 4112 1712 4166 insidias.
1731 4117 1770 4165 at

91 4187 163 4238 tensi
174 4183 330 4235 molestiam
342 4180 437 4231 intulit
449 4182 527 4243 pater
538 4179 618 4229 istius
630 4177 743 4229 Rotrooi
756 4177 905 4231 Gautridus
954 4182 1063 4234 illuma
1079 4181 1188 4234 civibus
1205 4182 1423 4236 Carnotensibua
1440 4185 1468 4236 in
1484 4184 1592 4236 insidiis
1606 4184 1770 4237 consulatis

91 4269 186 4310 comas
207 4251 380 4306 Mauritaniae
401 4263 454 4302 neo
477 4263 534 4300 non
554 4249 712 4301 vicecomes
735 4247 904 4313 Castriduni,
954 4251 1150 4317 interemptum
1162 4252 1615 4320 luissedocetnosllotroousipse
1628 4256 1658 4306 in
1670 4256 1771 4307 charta

92 4332 124 4381 ut
134 4327 269 4379 discimus
283 4336 317 4374 ex
332 4321 377 4372 hle
393 4321 518 4386 epistola
532 4319 564 4370 25
581 4318 702 4370 Fulbertl
715 4320 817 4383 verbis,
831 4323 905 4386 apud
955 4336 1004 4387 pro
1019 4323 1145 4375 coenobio
1160 4323 1188 4375 S.
1203 4325 1330 4390 Dionysii
1343 4326 1372 4376 in
1391 4327 1506 4388 Pertico,
1521 4327 1568 4378 ubi
1583 4327 1617 4380 de
1632 4328 1693 4391 ipso
1707 4329 1769 4378 ait:

91 4396 255 4457 Cheanium,
270 4397 288 4444 t.
305 4392 352 4452 tv,
370 4406 396 4456 p.
416 4390 463 4442 182
480 4407 486 4440 :
507 4388 663 4451 Moutootor
681 4388 726 4440 itte
746 4390 903 4453 deute-idus,
914 4408 943 4480 D
955 4394 1068 4457 inopino
1080 4407 1151 4445 more
1163 4395 1237 4458 opud
1252 4396 1342 4447 urbem
1358 4396 1545 4448 Gornotensem
1558 4411 1618 4448 eum
1629 4397 1664 4448 ob
1678 4399 1770 4450 deon-

92 4481 169 4533 quem
187 4478 236 4530 pro
254 4463 343 4515 multis
359 4462 525 4526 facinoribus
543 4461 844 4521 excommunicaveram,
857 4462 905 4513 in·
953 4465 996 4516 sin
1016 4465 1111 4516 matris
1131 4466 1239 4516 Domini
1261 4466 1411 4517 redeuntem
1430 4466 1539 4530 turtinis
1562 4468 1660 4532 qtndiie
1684 4468 1770 4521 innn-

93 4542 163 4591 oerto
183 4542 273 4588 utrum
293 4535 446 4600 demereno
467 4544 504 4582 nn
523 4544 615 4584 nereus
633 4531 662 4581 in
680 4533 834 4593 amentiam,
853 4532 905 4584 cot-
953 4535 996 4586 eit.
1019 4534 1089 4587 Vide
1109 4536 1197 4601 AEgld.
1222 4537 1267 4588 Bri
1291 4537 1326 4589 de
1347 4536 1375 4587 la
1399 4536 1548 4603 Clergerie,
1570 4539 1636 4591 litet.
1660 4540 1771 4602 Persic,

94 4608 160 4660 testa
181 4605 350 4657 multitudine
373 4603 485 4655 militum
511 4615 564 4668 quo
588 4600 700 4653 ducendi
723 4607 806 4653 essem
828 4602 904 4667 iqno·
954 4618 980 4669 p.
1000 4607 1053 4659 tte.

93 4679 225 4739 rentium,
238 4675 317 4728 uittae
332 4679 439 4727 nostroe
456 4672 600 4738 improuiso
613 4671 735 4724 incendio
749 4684 905 4724 conmemo-
1209 4679 1281 4730 Dom
1294 4679 1443 4743 Bouounr,
1458 4680 1506 4732 lib.
1522 4694 1560 4744 rv,
1575 4695 1602 4746 p.
1616 4681 1672 4734 597.

619 5012 887 5100 sonntfflon
919 5014 1043 5101 LIBRI
1077 5016 1235 5110 QUINTI.

105 5357 114 5375 .
202 5314 341 5377 Pontoque.

91 5401 124 5452 11.
203 5397 322 5449 licentur
334 5394 408 5445 noeti
423 5393 450 5444 tn
462 5395 642 5447 Noemonnio.

90 5480 133 5531 111.
202 5474 364 5527 hammitis
376 5476 483 5526 euentus
494 5475 603 5527 menois·
617 5474 712 5538 [aetna
727 5476 801 5527 liora
816 5475 935 5540 trunonis
948 5477 1114 5530 mesonma
1126 5480 1246 5544 concepi.

91 5560 133 5613 1v.
201 5555 360 5608 Gntetertus
373 5556 537 5610 ltnminotus
550 5556 669 5621 nunonis
682 5568 823 5609 emansor.

89 5640 121 5692 V.
198 5638 313 5689 toonnn
329 5634 542 5701 flettonoqnnis
556 5635 775 5702 orcmepncopus.
789 5636 944 5692 Guittetmm
958 5637 1014 5704 eim
1028 5650 1169 5693 emersos.

89 5720 130 5777 Vl.
199 5716 544 5777 tutiotonmsseonoitinm.
