3750 6046
119 226 189 283 ltdi
531 230 728 289 GlSLEBERTl
747 234 940 291 rennerunt
959 237 1022 291 ΗΒ.
1043 236 1088 292 DE
1101 235 1168 291 'snt
1187 230 1373 290 PRINClPllS.
1732 228 1801 283 {268

40 322 43 333 Ι
118 349 163 405 vel
183 350 318 405 naturalis
337 352 465 423 partium
489 354 651 410 substantiae
673 356 796 429 digestio
803 376 812 428 ;
837 359 930 431 cujus·
944 361 1084 445 Asolcus,
1111 363 1141 414 ut
1165 359 1214 430 qui
1235 356 1330 423 babet,
1351 355 1427 410 idem
1448 352 1550 409 haberi
1572 366 1686 424 quoquc
1705 351 1802 424 perhi-

120 444 200 499 modi
220 448 264 498 est
277 460 310 499 ea
323 461 386 516 quae
405 447 490 502 rebus
509 449 679 520 quibusdam
698 452 794 507 statim
816 452 852 507 ab
867 457 931 507 ortu
982 454 1092 510 beatur.
1113 458 1148 509 At
1167 453 1219 507 boc
1238 450 1315 507 aliud
1335 466 1392 504 non
1416 448 1531 515 indicat,
1554 462 1639 518 quarn
1660 446 1737 517 qued
1759 451 1804 501 est

120 538 263 607 convenit,
278 542 309 595 ut
327 541 435 612 asperis
449 548 478 596 ct
495 542 614 611 levibus,
637 543 754 600 hirsutis
769 549 854 618 atqua
867 547 929 617 gla-
981 548 1063 604 uxori
1076 562 1140 603 cum
1160 546 1220 600 viro
1239 543 1471 600 contubernium.
1495 542 1536 596 lta
1551 540 1738 612 perspicuum
1760 543 1804 594 est

118 632 196 687 bris:
211 634 254 688 vel
271 634 408 689 naturalis
423 635 540 707 quidem
556 655 745 712 nequaquam,
762 641 810 695 sed
825 657 859 696 ex
874 641 930 695 tre·
981 640 1220 699 celebratissimos
1238 638 1324 710 huJus
1346 637 1425 692 verbi
1448 633 1624 705 significatus
1644 634 1720 687 intra
1743 633 1805 704 qni-

120 725 220 798 quenti
246 726 371 798 quodam
391 734 419 784 et
442 732 689 789 consuetudinario
715 738 825 788 naturae
852 740 932 789 motu
981 735 1095 793 narium
1117 733 1280 789 consistere.
1294 736 1328 788 nt
1351 730 1444 786 notari
1464 729 1584 785 tortasse
1605 729 1724 799 possunt
1743 726 1803 794 alii,

119 826 188 877 nata
211 811 371 891 collocatio,
399 824 559 895 cujusmodi
589 831 653 880 sunt
682 827 824 882 recubitus
849 833 933 900 atque
982 829 1029 886 sed
1051 827 1171 884 solertiae
1187 825 1389 897 vestigantium
1405 823 1584 896 relinquendi
1599 825 1675 876 sunt.
1691 822 1730 875 lle
1752 836 1804 875 sex

119 931 222 970 sessus.
248 914 441 980 Quamobrem
467 917 588 974 allicitur
607 925 639 974 ut
661 920 801 993 quidquid
822 922 931 977 extrin·
982 923 1071 980 initiis
1085 922 1120 977 ad
1140 923 1215 978 banc
1235 922 1323 977 tinam
1344 919 1445 976 dixisse
1468 917 1596 973 contenti
1617 931 1736 981 sumus;
1752 915 1804 987 qui

119 1024 199 1065 secus
217 1011 384 1083 supervenit
400 1016 429 1067 et
448 1014 580 1084 proxime
601 1015 727 1086 pertinet
745 1016 779 1070 ad
806 1015 933 1071 substan·
983 1019 1086 1073 caetera
1106 1016 1282 1082 desiderant,
1298 1015 1332 1070 ad
1350 1014 1456 1070 librum
1471 1013 1520 1085 qui
1539 1010 1684 1083 dualytica
1707 1008 1805 1064 inscri-

120 1102 200 1174 tiam,
219 1103 354 1161 idemne
375 1105 483 1177 positus
504 1106 541 1161 sit
562 1112 700 1179 oporteat.
724 1112 757 1165 Et
779 1116 934 1166 retrorsum
983 1112 1061 1169 bitur
1074 1110 1238 1167 remittendi
1251 1112 1327 1164 sunt.

120 1196 258 1270 quidquid
279 1198 387 1271 positus
405 1203 458 1269 est,
474 1200 501 1255 id
521 1218 606 1257 omne
626 1204 809 1273 superveniat
825 1205 931 1259 extrin-
1020 1206 1120 1277 Aliqua
1132 1205 1258 1276 recipere
1274 1204 1335 1274 plus
1354 1207 1382 1256 et
1403 1200 1497 1255 tainus
1515 1216 1573 1254 uno
1593 1199 1681 1252 trium
1702 1196 1803 1253 modo·

121 1306 202 1347 secus
217 1297 246 1346 et
259 1291 295 1347 ad
310 1292 497 1348 substantiam
512 1295 639 1366 proxime
654 1298 805 1368 pertineat.
986 1316 1050 1355 rum
1066 1303 1196 1370 putatur;
1212 1296 1329 1369 quidam
1348 1293 1538 1350 intensionem
1559 1297 1586 1348 ct
1606 1291 1805 1347 remissionem

157 1385 273 1441 Habitus
290 1390 374 1442 estet
394 1388 521 1459 corporis
533 1393 561 1444 et
573 1406 675 1445 eorum
696 1408 761 1461 quac
781 1391 857 1446 circa
876 1408 937 1446 cor·
986 1396 1115 1449 constare
1131 1392 1229 1446 dicunt
1247 1397 1275 1446 et
1287 1390 1464 1444 incremento
1482 1387 1680 1459 subjectorum
1704 1392 1733 1441 et
1754 1386 1805 1441 de·

121 1496 174 1552 pus
199 1484 267 1535 sunt
290 1480 452 1553 applicatio,
480 1499 533 1555 per
558 1499 646 1555 qnam
671 1484 724 1539 boc
747 1485 862 1553 babere,
891 1486 938 1540 illa
987 1489 1147 1555 crement03
1162 1485 1280 1558 quidam
1297 1500 1332 1539 ex
1350 1483 1529 1539 incremento
1547 1498 1644 1536 rerum
1663 1485 1693 1535 et
1711 1480 1806 1535 decre-

120 1590 187 1630 vero
209 1574 310 1630 haberi
332 1575 571 1645 denominantur;
597 1593 661 1649 quae
686 1579 803 1650 quidem
824 1596 882 1634 non
904 1597 939 1635 ex
988 1587 1095 1647 mento,
1111 1596 1174 1651 quae
1189 1579 1339 1650 capiuntur
1356 1581 1383 1633 et
1404 1577 1586 1632 continentur
1606 1576 1636 1630 in
1659 1573 1805 1645 subjectis,

119 1667 247 1741 eorporis
269 1669 393 1724 universi
416 1669 731 1741 circumjectu,sede1
752 1673 859 1728 amictu
879 1675 938 1729 solo
988 1675 1035 1729 alii
1054 1689 1150 1729 causas
1168 1672 1275 1727 faciunt
1295 1674 1462 1741 utmmquc.
1482 1672 1521 1725 lte
1544 1668 1695 1724 sententiis
1713 1667 1806 1723 tribus

119 1763 246 1835 partium
269 1762 412 1830 dicuutur,
434 1769 464 1819 ut
484 1763 634 1819 bracatum
654 1772 682 1820 et
701 1772 845 1822 armatum
864 1784 937 1837 esse,
950 1742 978 1813 Β
990 1783 1124 1840 quianam
1144 1766 1181 1821 sit
1199 1764 1357 1835 verissima,
1380 1763 1609 1835 disceptabimus.
1633 1762 1706 1817 lllud
1734 1761 1805 1817 scire

118 1856 272 1913 calceatum
290 1861 319 1912 et
339 1859 498 1927 petasatum
518 1873 588 1913 csse.
603 1858 744 1914 Caeterum
762 1859 831 1916 talia
850 1860 938 1916 nomi·
989 1864 1100 1934 oportet
1112 1861 1202 1933 prima
1214 1863 1244 1915 et
1257 1858 1382 1915 secunda
1396 1857 1500 1914 cversis
1517 1857 1653 1913 continuo
1672 1872 1804 1911 eversum

119 1950 205 2005 uibus
217 1948 359 2021 appellata
368 1965 426 2004 nou
436 1955 503 2005 sunt
512 1950 695 2023 primigeniis
709 1957 738 2008 et
750 1954 936 2024 simplicibus,
987 1956 1023 2011 iri
1041 1955 1164 2021 tertiana,
1189 1970 1252 2027 quae
1276 1954 1395 2009 duarum
1420 1952 1553 2008 societate
1573 1951 1717 2007 coalescit.
1749 1950 1806 2005 Pri-

118 2044 152 2099 ed
181 2042 317 2098 derivatis
338 2047 368 2098 et
385 2043 512 2113 factitiis,
534 2050 691 2114 armatura,
711 2048 878 2117 calceatura,
895 2065 938 2104 so·
988 2065 1069 2105 mum
1082 2053 1228 2104 crementa
1241 2047 1431 2117 subjectarum
1448 2050 1478 2101 et
1492 2047 1676 2101 decrementa
1697 2044 1805 2111 facere,

119 2138 238 2207 lectura,
252 2152 317 2209 quae
329 2137 440 2209 quoties
455 2154 507 2192 usu
520 2138 638 2195 veniunt
651 2140 687 2195 ad
706 2142 842 2197 eamdem
857 2142 936 2197 simi·
987 2159 1044 2216 quo
1064 2158 1108 2198 res
1125 2141 1219 2214 aliqua
1241 2159 1307 2197 cum
1332 2140 1494 2196 discrimine
1519 2140 1607 2211 qvluris
1623 2139 1666 2194 rel
1684 2138 1807 2192 minoris

122 2230 273 2287 litudinem
295 2230 430 2302 fingenda
453 2235 531 2286 suist.
558 2231 674 2288 Habitus
697 2233 800 2305 recipit
821 2236 884 2306 plus
909 2242 938 2292 et
987 2237 1098 2293 dicatur
1112 2237 1185 2290 tueri
1199 2237 1276 2291 nullo
1293 2235 1379 2290 modo
1400 2251 1566 2306 possumus3
1581 2233 1708 2305 alioquin
1731 2232 1807 2287 futu·

122 2325 226 2393 minus,
241 2340 308 2380 nam
321 2329 348 2381 et
360 2325 496 2380 armatior
513 2325 624 2381 videtur
639 2328 835 2399 cataphractus
849 2346 937 2400 eques
986 2347 1051 2386 rum
1067 2334 1110 2385 est
1121 2336 1150 2384 ut
1162 2329 1306 2384 hominem
1322 2328 1540 2394 affirmantibus,
1555 2329 1597 2382 vel
1618 2326 1741 2394 animal,
1761 2328 1804 2380 vet

21 2494 24 2501 Ι
123 2436 183 2476 esse
205 2434 293 2491 quam
317 2418 488 2475 ferentarius
510 2422 596 2492 atque
624 2421 710 2490 veles,
736 2425 764 2477 et
787 2423 937 2479 calceatior
987 2424 1172 2480 substantiam
1186 2423 1352 2494 hujusmodi
1368 2422 1495 2493 recipcre
1510 2423 1573 2493 plus
1587 2426 1617 2476 et
1633 2421 1742 2489 minus,
1759 2437 1804 2476 oc·

124 2512 173 2587 qui
195 2512 303 2585 gallicis
322 2512 410 2568 utitur
427 2517 456 2569 ct
469 2512 574 2581 calceo,
600 2530 686 2586 quam
709 2516 759 2588 qui
778 2518 821 2571 vel
844 2518 936 2572 calceo
986 2518 1061 2575 curri
1073 2534 1129 2572 non
1144 2516 1242 2589 possit.
1256 2516 1358 2588 Utique
1372 2517 1395 2570 si
1408 2515 1444 2569 de
1459 2516 1652 2586 subjectorum
1672 2530 1804 2569 cremen-

120 2610 233 2665 tantum
251 2606 295 2662 rel
311 2606 428 2678 gallicis.
450 2606 521 2663 Sunt
537 2607 624 2663 etiam
643 2608 693 2681 qui
713 2626 771 2665 uon
795 2611 936 2682 rccipiunt
985 2613 1061 2668 tiset
1075 2610 1266 2667 decrementis
1278 2609 1468 2665 intentionem
1481 2615 1509 2664 ct
1520 2610 1720 2664 remissionem
1736 2608 1805 2662 exis·

121 2703 185 2776 plus
201 2706 230 2758 at
243 2701 338 2757 minus
355 2708 386 2756 nt
406 2701 539 2757 vestitum
558 2706 586 2757 ct
607 2703 764 2760 tunicatum
786 2722 858 2761 csse.
881 2705 936 2762 Sed
986 2711 1045 2763 tere
1059 2705 1211 2771 fateamur,
1227 2703 1304 2758 idem
1319 2719 1408 2775 equus
1423 2709 1451 2757 ct
1468 2703 1565 2773 augeri
1587 2710 1680 2773 potest
1703 2706 1734 2756 et
1754 2702 1804 2756 mi·

81 2810 86 2821 ·
120 2813 174 2854 nec
198 2796 312 2853 babitus
333 2799 450 2851 estnec
473 2796 584 2851 habitui
606 2799 775 2865 contrarius,
797 2802 828 2853 ut
847 2816 936 2854 arma·
987 2800 1047 2867 nui,
1059 2799 1235 2871 proindeque
1247 2798 1291 2852 vel
1300 2797 1392 2868 major
1401 2798 1446 2851 vel
1456 2796 1549 2851 minor
1559 2812 1647 2867 quam
1661 2788 1735 2867 lapis
1747 2812 1804 2849 esse

122 2895 202 2959 tura,
227 2890 400 2957 calceatura,
424 2894 580 2962 caeteraque
602 2890 781 2961 hujusmodi;
805 2892 934 2964 quando·
985 2893 1191 2966 perhibebitur,
1215 2892 1259 2946 eui
1282 2897 1382 2962 tamen
1408 2907 1555 2962 nunquam
1578 2890 1623 2944 vel
1646 2890 1745 2945 auctio
1764 2890 1804 2944 vel

121 2986 239 3060 quidem
252 3001 327 3040 uuus
339 2988 367 3040 ct
381 2983 459 3039 idem
470 2984 558 3039 homo
572 2991 699 3040 armatus
712 2991 740 3041 et
752 2987 893 3042 calceatus
908 2992 936 3043 et
986 2987 1108 3043 minutio
1121 2986 1281 3057 covrtigerit.
1295 2986 1374 3040 Mons
1387 3001 1503 3056 quoquc
1525 2985 1617 3055 major
1631 2984 1688 3039 alio
1708 2990 1803 3039 moute

121 3079 278 3136 manicatus
291 3093 352 3134 esse
365 3081 469 3151 potest.
483 3078 632 3150 Proprium
646 3079 759 3134 babitus
775 3086 815 3135 est
831 3081 859 3135 in
872 3083 934 3153 plu·
986 3081 1099 3151 dicitur,
1120 3096 1244 3153 quorum
1268 3083 1369 3135 neuter
1391 3079 1489 3150 utique
1514 3094 1565 3132 nec
1586 3078 1732 3144 increscit,
1754 3094 1804 3132 nec

122 3173 199 3229 ribus
214 3171 344 3240 existere,
358 3172 414 3227 hoc
432 3176 474 3225 est
492 3176 550 3226 tam
564 3171 593 3226 in
607 3188 724 3244 corpore
745 3190 832 3244 quam
852 3175 882 3229 in
902 3175 936 3229 iis
985 3175 1132 3231 decrescit.
1143 3177 1213 3228 ltern
1226 3174 1293 3229 unio
1305 3173 1451 3228 catididior
1464 3189 1536 3244 eqrm
1549 3172 1665 3237 dicitur,
1680 3171 1802 3226 alterum

20 3336 24 3347 ι
122 3282 186 3341 quae
198 3265 307 3323 circum
321 3282 423 3338 corpus
435 3271 511 3321 sunt.
526 3267 574 3321 Est
588 3267 667 3321 enim
681 3267 803 3337 habitus,
818 3273 850 3323 ut
864 3268 934 3338 dixi,
984 3270 1088 3342 pedem
1103 3268 1238 3335 candido;
1252 3267 1330 3339 atqui
1343 3267 1463 3321 dubium
1477 3283 1535 3321 non
1553 3269 1596 3320 est
1610 3266 1680 3337 quin
1696 3282 1803 3336 equum

120 3360 248 3435 corporis
259 3364 288 3416 et
299 3375 399 3416 aarum
412 3375 476 3433 quta
489 3361 566 3415 circa
578 3376 681 3432 corpus
695 3365 761 3416 sunt
774 3362 933 3433 applicatio,
985 3362 1052 3419 unio
1073 3362 1271 3434 magnitudine
1297 3377 1353 3416 non
1371 3366 1495 3432 superet.
1519 3363 1619 3431 ltaque
1639 3359 1727 3414 stabit
1746 3359 1804 3414 liae

121 3473 180 3514 non
199 3455 318 3528 quidem
338 3471 374 3510 ex
396 3455 527 3509 universo
548 3470 591 3521 eo,
614 3455 665 3509 sed
690 3472 723 3510 ex
745 3455 852 3510 amictu
874 3457 934 3512 solo
985 3456 1154 3529 complexio,
1167 3456 1210 3512 vel
1223 3456 1363 3511 unionem
1378 3472 1453 3526 equo
1466 3454 1663 3510 candidiorem
1675 3469 1738 3508 esse
1755 3470 1805 3524 per

121 3548 246 3624 partium
263 3553 385 3604 vocatus.
409 3549 466 3603 lloc
488 3550 587 3603 autem
607 3548 760 3604 discrimen
778 3548 935 3605 admodum
985 3551 1214 3623 magnitudinem
1240 3549 1353 3604 ursionis
1377 3553 1406 3604 et
1420 3548 1587 3620 parvitatem
1608 3548 1686 3619 eqni,
1703 3548 1748 3601 vel
1766 3554 1804 3602 te·

121 3661 214 3719 pauca
237 3649 304 3700 sunt
326 3658 391 3716 quar
418 3643 522 3711 terant,
548 3648 578 3698 ut
609 3645 751 3713 quantitas
781 3647 809 3698 et
835 3644 935 3699 relatio
985 3662 1062 3701 mere
1079 3644 1178 3716 jactari
1197 3644 1332 3699 unionem
1360 3660 1432 3714 equo
1447 3642 1643 3696 candidiorem
1666 3659 1740 3711 esse,
1762 3643 1803 3697 rel

122 3739 273 3805 duntaxat3
298 3754 364 3793 nam
387 3740 416 3793 et
438 3736 594 3791 similitudo
621 3736 881 3810 dissimilitudoque
905 3739 935 3795 in
985 3738 1185 3795 nihilomnino
1207 3737 1427 3809 caperepluset
1442 3736 1583 3791 minusca
1603 3736 1804 3807 magnitudine

120 3833 261 3890 similibus
287 3836 315 3887 et
333 3820 515 3887 dissimilibus
532 3830 628 3886 multis
653 3831 821 3901 consistunt,
834 3836 863 3887 et
881 3849 933 3887 nu·
984 3833 1177 3904 subjectorum
1190 3835 1217 3886 et
1231 3832 1370 3903 parvitate
1387 3834 1531 3884 cremento
1551 3830 1803 3901 decrementoque.

119 3942 217 3985 menis
240 3925 318 3982 idem
344 3925 374 3980 iu
404 3924 533 3996 pluribus
550 3925 706 3980 numeratis
730 3930 873 3994 versatur,
885 3943 933 3981 su-
984 3932 1081 3984 Atnec
1094 3925 1229 3998 primum,
1242 3941 1295 3979 nec
1307 3925 1465 3980 secundum
1478 3930 1536 3993 est;
1549 3923 1726 3995 relinquitur
1738 3941 1805 3995 ergo

118 4022 207 4079 binde
232 4035 362 4076 crescens
387 4018 591 4075 accessionibus
610 4019 765 4075 monadum
794 4019 933 4092 multipli-
985 4021 1112 4090 tertium,
1128 4020 1198 4075 nihil
1212 4035 1272 4075 esse
1286 4020 1403 4075 omnino
1417 4019 1490 4090 quod
1506 4018 1601 4089 capiat
1617 4017 1681 4090 plus
1702 4022 1732 4073 ct
1750 4018 1803 4073 mi-

122 4115 202 4173 cibus
220 4119 251 4171 ut
263 4113 336 4169 nibil
354 4113 473 4168 omnino
490 4112 526 4167 sit
539 4112 614 4185 quad
630 4111 660 4167 in
672 4113 753 4185 plura
773 4130 860 4185 quam
879 4131 934 4169 nn·
984 4132 1038 4171 nus
1065 4131 1099 4171 ex
1124 4115 1303 4169 incremento
1327 4113 1521 4184 subjectorum
1548 4117 1578 4166 et
1604 4112 1803 4168 decremento.

122 4224 221 4266 merus
235 4206 418 4264 distributum
432 4223 492 4264 esse
510 4206 647 4275 videatur,
662 4206 823 4263 differentia
838 4211 933 4265 tamen
984 4210 1039 4267 Sed
1062 4225 1113 4264 nec
1135 4208 1257 4264 secunda
1278 4224 1393 4279 quoque
1419 4207 1516 4278 opinio
1540 4205 1719 4273 defenditur,
1739 4222 1805 4279 qnae

124 4321 160 4363 aa
174 4302 250 4377 quod
262 4301 317 4359 hoc
332 4318 383 4359 nco
396 4301 491 4358 omnis
503 4301 656 4374 quantitas,
666 4317 718 4357 nee
731 4302 823 4358 omnis
835 4303 935 4359 relatio
984 4304 1073 4361 credit
1098 4303 1289 4359 intensionem
1317 4307 1345 4356 et
1371 4301 1569 4355 remissionem
1595 4306 1729 4356 constare
1756 4318 1807 4372 per

123 4415 277 4456 commuue
296 4397 392 4466 sentit,
405 4393 517 4453 habitus
534 4396 629 4452 omnis
646 4396 742 4464 sentit,
758 4401 789 4452 ut
802 4396 879 4452 idern
899 4398 936 4452 sit
985 4396 1214 4470 magnitudinem
1226 4401 1254 4451 et
1267 4395 1438 4466 parvitatem
1450 4410 1548 4449 tearum
1566 4410 1663 4450 rerum
1680 4411 1747 4466 qnae
1761 4412 1808 4450 ca·

122 4493 254 4552 videlicet
273 4492 303 4548 iu
319 4491 458 4564 pluribus.
480 4490 626 4563 Quidquid
641 4490 1107 4566 ergoetiucorpore,1)pinntur
1127 4495 1156 4546 et
1179 4488 1362 4545 continentur
1388 4489 1417 4542 iu
1442 4488 1585 4559 subjectis.
1613 4488 1641 4543 Si
1666 4489 1748 4544 euim
1772 4506 1807 4544 ex

123 4592 152 4646 et
165 4588 196 4644 iu
210 4588 245 4643 iis
259 4604 324 4660 quac
338 4602 439 4659 corpus
453 4584 595 4653 ambiunt,
611 4585 664 4640 huc
677 4584 788 4640 babitus
808 4591 936 4642 vocatur.
987 4583 1185 4657 magnitudine
1201 4582 1332 4637 candoris
1345 4582 1421 4636 aliud
1435 4581 1490 4636 alio
1503 4581 1652 4636 candidius
1668 4599 1731 4637 essa
1746 4600 1808 4653 pos

123 4683 261 4750 Quocirca
283 4680 409 4737 maxime
427 4680 579 4753 proprium
598 4679 653 4734 erit
672 4679 796 4751 habitus,
815 4680 889 4751 quod
909 4686 938 4735 et
987 4684 1040 4747 set,
1055 4685 1123 4734 tunc
1136 4684 1164 4733 et
1178 4678 1264 4733 bomo
1278 4679 1307 4732 et
1321 4693 1411 4748 equus
1424 4676 1530 4730 unione
1543 4674 1726 4730 candidiores
1739 4694 1806 4748 per-

121 4778 152 4834 in
174 4792 302 4848 corpore,
324 4778 353 4831 et
372 4774 402 4829 iu
425 4774 459 4830 iis
478 4791 543 4847 quae
564 4790 616 4847 per
639 4778 732 4845 partes
753 4790 853 4846 corpus
874 4790 934 4829 am·
987 4774 1166 4842 biberentur;
1184 4772 1276 4844 ipsum
1296 4772 1374 4826 enim
1390 4771 1521 4824 candoris
1542 4786 1641 4841 aequor
1656 4774 1687 4825 et
1701 4770 1808 4841 ampli·

121 4873 221 4942 biunt,
244 4874 380 4943 tanquam
405 4868 534 4940 pluribus
559 4868 676 4941 quidam
701 4867 784 4923 inest.
812 4869 937 4923 Verbum
987 4867 1057 4923 tudo
1072 4867 1162 4938 major
1175 4866 1202 4922 iu
1220 4866 1460 4936 imminenteque
1478 4881 1564 4935 quam
1579 4864 1608 4917 in
1623 4864 1734 4919 natione
1754 4872 1807 4921 est.

122 4966 228 5023 habere
249 4965 344 5022 multis
364 4964 458 5020 modis
474 4963 592 5036 capitur.
608 4964 679 5018 Nam
694 4966 723 5017 ct
743 4962 864 5034 qualitas
884 4963 935 5017 ha·
987 4962 1094 5018 Deinde
1109 4978 1140 5016 ac
1154 4962 1218 5032 plus
1232 4965 1261 5014 et
1273 4960 1369 5014 niinus
1384 4976 1415 5014 ex
1430 4959 1621 5029 subjectorum
1636 4959 1725 5014 modo
1749 4977 1808 5016 nou

122 5060 184 5119 beri
209 5060 321 5131 dicitur,
347 5065 379 5116 ut
401 5057 515 5127 albedo,
538 5057 671 5131 nigredo;
698 5058 767 5112 item
792 5058 938 5130 quantitas
987 5055 1366 5128 coustant,ntprobavirnus
1385 5071 1417 5109 ex
1441 5052 1630 5107 accidentium
1651 5054 1741 5110 modo
1758 5056 1809 5127 qui

123 5159 208 5229 atque
223 5171 348 5225 mensus,
364 5159 395 5210 ut
409 5152 576 5221 crassitudo,
590 5151 760 5224 proceritas;
776 5151 846 5207 nihil
859 5151 936 5208 enirn
987 5151 1168 5209 constabunt.
1183 5149 1286 5220 ⁴llodus
1307 5149 1382 5204 enim
1402 5149 1464 5219 ejus
1481 5147 1555 5218 qnod
1574 5146 1714 5218 recipitur
1732 5150 1810 5204 intra

124 5248 202 5307 aliud
231 5253 274 5304 est
302 5247 482 5321 nigredinem
507 5247 551 5303 vel
575 5246 788 5302 crassitudinem
814 5246 935 5315 babere,
987 5243 1235 5315 modumsubjecti
1249 5243 1291 5297 sui
1306 5245 1588 5301 constatetarcetur.
1603 5257 1699 5313 neque
1715 5248 1810 5314 potest

123 5356 212 5417 quam
230 5342 346 5415 nigrum
367 5347 396 5398 et
415 5358 540 5397 crassum
561 5357 632 5398 esse.
657 5341 797 5398 Dicuntur
819 5344 848 5397 ct
871 5356 937 5396 vasa
997 5341 1071 5396 ultra
1086 5337 1203 5411 porrigi,
1218 5354 1285 5393 nam
1302 5353 1369 5392 suns
1382 5336 1518 5408 cujusque
1532 5333 1610 5390 modi
1624 5337 1809 5393 terminusat·

123 5436 201 5513 quad
220 5436 367 5492 continent
378 5435 497 5503 habere,
521 5440 551 5491 ut
568 5435 694 5492 triticum
715 5435 869 5505 sorianum
890 5435 937 5491 ba·
1002 5450 1059 5507 qua
1071 5433 1158 5488 limes
1167 5432 1226 5488 lere
1239 5432 1332 5503 ipsum
1343 5446 1444 5502 corpus
1454 5433 1506 5485 est.
1517 5430 1650 5502 lingnam
1664 5433 1768 5487 autem
1780 5436 1809 5487 at

113 5531 227 5589 bantur
241 5530 314 5586 stan
325 5530 457 5602 partibus
475 5529 624 5603 pleraque,
644 5536 676 5585 ut
693 5530 816 5586 annulus
836 5530 866 5585 in
879 5530 937 5602 pol·
987 5544 1042 5602 que
1055 5543 1174 5601 parvum
1188 5525 1380 5598 appellatione
1394 5523 1473 5580 modi
1485 5523 1617 5579 veniunt.
1630 5524 1729 5590 Quare
1742 5542 1809 5599 par·

95 5622 165 5693 lice,
184 5625 267 5698 quod
280 5623 400 5700 quidem
419 5624 502 5685 aliud
519 5643 581 5686 nou
598 5622 742 5702 significat
760 5640 850 5701 quarn
862 5625 939 5700 quod
986 5622 1070 5693 vitas,
1081 5628 1114 5678 ut
1126 5621 1164 5679 ita
1180 5619 1285 5689 dicam,
1302 5618 1411 5675 attendi
1428 5633 1485 5674 non
1506 5622 1599 5690 potest
1617 5618 1696 5675 ultra
1717 5636 1807 5693 quam

75 5714 113 5771 in
130 5720 250 5778 annulo
260 5722 367 5797 pottes
386 5730 442 5783 est.
465 5725 561 5785 Habet
576 5731 606 5785 et
624 5725 672 5785 vir
687 5740 815 5785 uxorem
834 5728 949 5785 elusor
1000 5717 1211 5793 corpusipsum
1217 5715 1511 5785 perrumpentem
1518 5714 1659 5782 quinum
1670 5712 1704 5771 in
1715 5716 1806 5771 strato

20 5902 25 5909 ¹
63 5808 171 5897 'md
185 5816 247 5879 sed
255 5820 372 5881 modus
386 5821 440 5883 bic
453 5822 596 5887 habendi
608 5823 796 5903 peregrinus
808 5824 854 5887 est
868 5824 902 5882 et
911 5819 959 5881 iu·
1012 5814 1158 5885 demitur,
1167 5805 1353 5867 tantundem
1364 5804 1454 5859 mato
1473 5816 1588 5873 quoqu
1600 5802 1820 5872 aspamam
