3750 6046
92 166 143 222 aro
786 159 946 217 onnamcr
964 159 1094 217 uranus
1722 160 1771 218 aso
1814 122 1817 131 ’

90 286 230 348 sidebant,
246 289 275 339 ct
294 282 394 338 fratres
408 283 472 354 plus
487 299 573 355 quarn
588 281 682 338 civilia
694 282 769 338 bella
781 283 908 338 vicissim
919 297 948 367 Α
958 287 987 338 et
1007 283 1167 340 abhatibus.
1186 284 1254 340 Nam
1275 283 1420 341 wlstanus
1439 283 1545 357 praesul
1564 282 1771 354 Gnigornensis

90 379 288 435 conserebant.
303 376 741 449 ltogcrinsenim,cognomento
754 377 906 443 crumena,
957 381 987 432 et
1015 378 1172 434 Radbertus
1199 379 1408 449 herfordensis,
1435 377 1614 445 Osmundus,
1643 376 1771 433 Salesbu-

88 473 118 529 id
145 476 188 528 est
210 472 307 539 hnrsa,
334 471 438 526 ducatu
458 469 596 526 Calabriae
624 469 701 523 solus
723 484 789 524 cum
816 475 907 527 matre
956 469 1058 526 nensis
1081 475 1110 527 et
1136 471 1317 528 Gnalkelinns
1349 470 1586 540 Gnentoniensis,
1616 469 1771 526 Baldninns

89 565 261 638 potiebatur.
292 564 372 628 Quod
405 562 589 618 Buamundns
618 562 708 616 frater
733 562 808 635 ejus,
832 561 907 634 apud
956 579 1070 636 quoque
1091 565 1310 621 archidiaconns
1331 569 1361 621 et
1382 563 1470 620 ahbas
1487 565 1515 622 S.
1530 563 1678 621 Edannndi
1697 563 1773 636 regis

89 659 248 715 terdenum
264 657 425 730 principem
442 655 545 727 Capuae
564 655 705 722 exsulans,
719 670 797 727 aegre
815 655 906 726 patie-
956 661 986 713 et
1003 657 1145 728 martyris,
1167 659 1316 714 Turstinus
1341 657 1547 714 Glestoniensis
1566 660 1596 713 et
1617 655 1772 713 Rainaldns

89 752 185 808 beliar.
204 752 285 808 Unde
309 750 414 806 anxilio
436 748 567 819 ejusdem
587 747 704 804 tordani
727 747 829 804 sororii
851 747 906 816 sui,
955 750 1194 819 abundoniensis,
1215 750 1319 823 aliique
1341 752 1437 822 pluras
1458 750 1583 822 episcopi
1603 755 1635 805 et
1656 749 1773 806 abbatas

92 845 268 917 aliorumque
281 847 444 915 parentum,
458 841 672 913 amicorumque
686 857 813 909 suornm,
828 856 908 896 arma
958 842 1070 912 obiere3
1087 859 1160 915 qnos
1172 843 1318 915 sigillatim
1334 859 1393 916 prae
1408 843 1521 901 fastidio
1533 842 1696 916 legantium
1710 843 1773 898 nolo

92 941 190 993 contra
204 937 324 992 fratrem
342 951 427 989 suum
442 933 591 1005 corripuit,
605 939 774 1004 partemque
792 933 907 1004 paterni
956 936 1117 992 nominare.

92 1031 220 1098 honoris,
237 1044 323 1101 quern
337 1029 397 1100 ipse
411 1043 477 1082 aum
493 1030 573 1100 patre
590 1027 664 1083 bello
680 1027 841 1098 subegerat,
864 1026 905 1081 vi·
994 1030 1040 1084 llis
1059 1029 1234 1102 temporibus
1257 1030 1375 1102 quidam
1395 1029 1528 1099 clericus,
1554 1029 1673 1085 nomine
1696 1030 1771 1087 Ran-

93 1126 184 1178 riliter
203 1126 331 1194 repetere
345 1122 438 1193 aoepit.
453 1121 539 1191 Cujus
556 1136 692 1191 guerram
711 1120 799 1175 frater
812 1125 842 1175 et
856 1135 906 1174 no·
957 1123 1065 1190 nulfus,
1090 1123 1314 1179 familiaritatem
1342 1123 1405 1177 unu
1425 1123 1502 1194 regis
1528 1123 1650 1195 adeptus
1672 1129 1726 1193 est,
1747 1127 1775 1179 et

93 1233 174 1272 verca
199 1217 319 1273 tolerare
346 1215 545 1287 nequiverunt,
568 1213 800 1285 commodiusque
820 1212 908 1268 consi·
957 1231 1043 1287 super
1060 1232 1160 1271 ornnes
1179 1216 1273 1288 regios
1291 1215 1424 1272 officiales
1442 1216 1602 1289 ingeniosis
1616 1217 1773 1273 accusatio·

94 1310 166 1366 lium
183 1310 218 1365 ah
235 1308 333 1364 amicis
355 1311 486 1380 expetere
509 1306 598 1363 coacti
621 1311 697 1362 sunt.
719 1306 906 1363 Persuasione
956 1309 1040 1365 nibus
1066 1313 1096 1364 et
1118 1309 1281 1365 multifariis
1301 1310 1516 1367 adulationibus
1534 1311 1775 1382 magistratuma

94 1404 185 1476 igitur
199 1402 313 1474 Rogerii
326 1402 429 1458 Sicilia
442 1401 563 1468 comitis,
579 1402 758 1472 aliorumque
777 1399 907 1455 affinium
956 1419 1024 1474 rege
1040 1405 1208 1459 consecutus
1221 1406 1274 1458 est.
1295 1404 1362 1459 Erat
1380 1404 1457 1460 enim
1477 1403 1599 1476 ingenio
1619 1420 1697 1471 acer,
1714 1420 1773 1459 aor-

96 1513 195 1568 pacem
221 1497 367 1562 fecerunt,
396 1495 477 1566 eique
503 1494 605 1549 Barum
635 1498 721 1565 atque
745 1494 907 1561 Tarentum,
957 1513 1026 1568 porc
1047 1496 1176 1568 pulcher,
1196 1503 1314 1568 turgens
1336 1497 1458 1566 disertis,
1483 1497 1774 1554 commessationibus

97 1590 223 1661 aliasque
243 1589 314 1644 duas
334 1587 427 1656 urbes,
449 1603 514 1642 cum
536 1587 631 1642 multis
653 1586 765 1658 oppidis
786 1585 907 1642 tradide
960 1592 989 1645 et
1002 1589 1194 1660 ebrietatibus,
1213 1589 1383 1663 libidinique
1404 1589 1491 1646 nimis
1511 1590 1635 1660 deditus,
1651 1589 1774 1646 crudelis

97 1687 174 1738 rnnt.
198 1683 312 1737 Fratres
332 1681 438 1753 itaque,
454 1684 604 1753 postquam
630 1682 715 1735 talem
729 1652 988 1739 concordiamsset
1007 1682 1181 1751 ambitiosus,
1199 1683 1314 1755 suisque
1332 1683 1496 1758 prodigus,
1515 1683 1661 1740 extraneis
1676 1689 1773 1739 antam

95 1775 240 1842 fecerunt,
266 1773 409 1830 flabiliam
434 1789 563 1829 sororem
588 1789 668 1828 snam
693 1773 847 1828 Guillelmo
874 1773 909 1828 de
959 1775 1055 1848 praedo
1068 1775 1277 1846 rapacissimus.
1299 1776 1347 1832 llic
1369 1776 1405 1833 de
1424 1776 1545 1832 obscura
1564 1776 1636 1833 satis
1657 1782 1687 1833 et
1705 1793 1773 1848 pnn-

96 1866 314 1924 Grentemaisnil
327 1867 356 1922 in
370 1865 588 1922 matrimonium
601 1865 754 1936 dederunt,
766 1869 796 1921 et
805 1865 910 1922 ditioni
959 1884 1027 1941 pere
1041 1870 1189 1940 parentela
1196 1869 1314 1941 prodiit,
1327 1869 1490 1925 etmultum
1499 1870 1576 1924 ultra
1587 1869 1697 1926 natales
1711 1886 1775 1926 suos

97 1961 169 2034 ejus,
184 1961 250 2033 quia
265 1959 345 2015 valde
366 1959 471 2032 probus
485 1961 557 2027 erat,
579 1960 706 2031 plurima
731 1962 824 2015 castra
843 1958 908 2014 sub·
960 1963 996 2017 ad
1018 1963 1172 2018 multorum
1199 1962 1405 2019 detrimentum
1433 1962 1605 2019 sublimatus
1626 1964 1774 2019 intumuit.

96 2055 244 2110 miserant.
277 2053 459 2109 connexione
490 2052 652 2124 hujusmodi
686 2051 910 2108 necessitudinis
959 2054 1093 2123 Turstini,
1107 2055 1255 2125 cujusdam
1269 2054 1373 2128 plebeii
1392 2055 1551 2128 presbyteri
1571 2055 1608 2111 de
1627 2071 1705 2128 pago
1724 2058 1773 2113 Ba·

96 2149 252 2206 Narmanni
265 2148 380 2220 provide
394 2154 492 2204 mutuo
507 2148 620 2220 religati
635 2151 712 2218 sunt,
729 2154 758 2203 et
775 2163 909 2219 magnam
956 2146 1076 2219 jocansi,
1091 2146 1166 2203 filins
1181 2148 1244 2216 fnit,
1257 2154 1285 2203 ct
1299 2164 1317 2204 a
1329 2147 1482 2218 puerilibus
1494 2149 1577 2204 annis
1592 2149 1672 2205 inter
1682 2149 1776 2221 pedis·

96 2243 184 2297 ltaliae
204 2247 326 2315 partem,
342 2257 428 2313 quam
446 2242 539 2313 Droga
557 2246 586 2296 et
607 2240 741 2296 Uafridus
758 2247 842 2313 atque
861 2239 910 2296 lti-
961 2257 1063 2312 aequos
1075 2240 1196 2296 curiales
1209 2257 1275 2296 cum
1288 2242 1390 2297 vilibus
1409 2241 1536 2313 parasitis
1556 2241 1698 2298 educatus
1711 2258 1775 2297 cre·

96 2336 227 2405 ahardus,
243 2340 272 2390 et
284 2350 371 2406 super
385 2350 486 2391 ornnes
502 2334 643 2391 Rohertus
658 2334 821 2390 Wiscardus
836 2333 910 2390 ohti·
961 2335 1010 2401 vil,
1024 2333 1187 2404 callidisque
1201 2334 1489 2405 tergiversationibus,
1504 2337 1532 2390 et
1551 2335 1662 2406 argutis
1675 2335 1774 2390 verbo·

98 2434 231 2496 nnerant,
246 2444 337 2500 usquc
350 2428 434 2484 hodie
450 2428 649 2499 possederunt.
960 2443 1026 2482 rum
1051 2427 1307 2483 machinationibus
1327 2429 1389 2499 plns
1409 2443 1497 2500 qnam
1517 2427 1574 2483 arti
1594 2427 1774 2484 litteratorie

132 2524 215 2578 Anno
238 2522 272 2576 ab
296 2522 494 2577 lncarnatione
518 2520 630 2578 Domini
655 2524 734 2589 leae,
757 2520 911 2576 indictione
961 2520 1078 2575 studuit.
1093 2521 1137 2590 Et,
1152 2520 1220 2592 qnia
1237 2522 1425 2594 semetipsum
1444 2522 1474 2577 in
1487 2520 1567 2577 curia
1581 2521 1685 2593 magni
1699 2522 1774 2594 regis

99 2614 557 2687 111,ilodbertus,primusahbas
575 2614 716 2686 sagiensis
734 2615 910 2680 monasterii,
962 2613 1107 2669 Guillclmi
1124 2619 1294 2685 arroganter
1312 2614 1469 2670 illustribus
1487 2614 1625 2687 preferre
1638 2614 1773 2685 audebat,

103 2708 259 2764 virbonus
283 2713 312 2763 et
330 2708 461 2779 simplex,
487 2722 586 2762 mense
607 2707 741 2763 ianuario
758 2708 787 2762 in
807 2708 912 2762 lectum
961 2707 1106 2762 nesciente
1126 2723 1184 2762 non
1200 2707 1305 2778 jussus,
1321 2708 1412 2763 multa
1431 2707 1594 2776 inchoabat,
1610 2707 1735 2764 infestus
1747 2708 1775 2762 in

99 2801 214 2870 cecidit,
236 2804 265 2856 et
284 2801 426 2873 perceptis
449 2800 604 2856 Dominicis
628 2801 826 2867 sacramentis,
846 2815 912 2855 xviu
962 2801 1026 2855 aula
1047 2801 1120 2873 regis
1138 2801 1234 2872 plures
1255 2801 1413 2872 procaciter
1433 2800 1594 2871 accusabat,
1608 2803 1776 2873 temereque

99 2895 237 2951 Kalendas
249 2894 394 2949 Februarii
407 2893 441 2948 de
455 2894 559 2948 saeculo
579 2893 723 2965 migravit.
739 2893 789 2951 Cui
805 2893 911 2948 lladul·
962 2893 1130 2964 madoribus,
1147 2895 1228 2965 qnasi
1245 2894 1324 2965 regia
1344 2894 1371 2948 vi
1390 2894 1487 2962 fultus,
1507 2893 1678 2965 imperabat.
1696 2894 1775 2950 Unde

100 2989 156 3054 fus,
183 2988 304 3044 Seifredi
328 2987 363 3042 de
389 2986 497 3042 Seurris
525 2986 608 3055 fitius,
636 2987 765 3058 ejusdem
792 2987 912 3043 caenobii
922 3015 950 3090 C
961 3003 978 3042 a
991 2987 1142 3053 dadberto,
1157 2987 1349 3058 dispensatore
1361 2988 1452 3059 ragio,
1464 2987 1652 3043 Tiambardns
1664 3003 1776 3059 cogno·

98 3081 267 3148 monachus,
291 3080 321 3135 in
341 3079 482 3151 regimine
505 3079 647 3135 successit.
669 3080 717 3135 liic
741 3080 844 3135 litteris
866 3080 911 3136 ad·
961 3080 1087 3136 minatus
1107 3084 1158 3148 est,
1179 3079 1256 3151 qnod
1275 3080 1444 3136 vocabulum
1463 3080 1487 3135 ei
1508 3080 1668 3136 secundum
1684 3096 1777 3137 mores

97 3176 217 3232 modum
233 3173 287 3229 fuit
306 3173 443 3241 imbutus,
458 3173 596 3246 eloquens
615 3176 644 3228 et
657 3173 813 3243 jucundus,
832 3173 909 3229 ideo·
962 3174 1022 3245 ejus
1039 3178 1067 3229 et
1087 3177 1165 3230 actus
1185 3173 1264 3245 quasi
1282 3173 1448 3245 prophetice
1463 3173 1598 3229 collatum
1611 3179 1664 3231 est.
1680 3174 1775 3231 Thm-

99 3284 155 3342 que
173 3266 305 3323 amabilis
320 3266 464 3322 omuibus.
484 3268 516 3321 ln
529 3267 682 3338 juventute
701 3267 736 3322 de
751 3266 854 3322 illustri
869 3266 910 3322 fa·
961 3283 1009 3323 ma
1023 3267 1129 3338 quippe
1145 3267 1247 3323 ardens
1266 3266 1365 3322 multis
1383 3267 1463 3322 factis
1479 3266 1575 3323 intulit
1590 3266 1673 3339 genti
1687 3283 1776 3324 novos

100 3360 181 3419 milia
194 3360 385 3416 monachilem
407 3359 444 3415 ad
458 3360 702 3416 conversationem
716 3360 803 3430 venit,
819 3364 847 3415 et
859 3360 910 3415 de·
960 3360 1041 3430 ritus,
1064 3360 1166 3432 quibus
1184 3359 1338 3417 crudeliter
1360 3359 1500 3432 oppressit
1519 3361 1694 3433 populorum
1715 3376 1772 3418 aoe·

98 3471 161 3512 cem
180 3454 263 3509 annis
282 3454 311 3509 in
334 3453 507 3509 monasterio
531 3469 584 3526 per
608 3453 784 3508 diversorum
805 3454 912 3524 gradus
961 3461 1016 3523 tns,
1028 3457 1057 3509 et
1070 3454 1202 3510 Ecclesia
1213 3459 1314 3511 cantus
1324 3453 1498 3526 temporales
1511 3455 1630 3511 maurit
1641 3455 1672 3511 in
1682 3457 1777 3528 planc-

99 3548 260 3606 ciliciorum
271 3547 419 3603 humiliter
432 3546 612 3603 ministravit.
627 3546 781 3603 Undecimo
793 3547 912 3602 tandem
961 3552 1017 3603 tus.

97 3659 174 3701 anno
193 3642 315 3698 abbatie
337 3657 446 3710 curam,
465 3641 585 3712 jubente
609 3646 638 3696 et
659 3644 843 3697 consecrante
865 3641 910 3696 Gi·
999 3640 1196 3713 llicjuvenem
1208 3640 1399 3697 fraudulentis
1411 3640 1656 3698 stimulationibus
1665 3642 1777 3715 inquie-

97 3738 183 3795 rardo
196 3735 327 3808 Sagiensi
341 3735 470 3806 presule,
485 3735 618 3807 suscepit,
636 3739 664 3789 et
680 3751 726 3790 xvi
742 3734 826 3790 annis
838 3735 913 3790 inter
963 3736 1032 3792 tavit
1044 3751 1152 3807 ragam,
1166 3735 1287 3791 incitans
1299 3740 1331 3791 ut
1345 3735 1431 3791 totius
1448 3733 1557 3806 anglie
1569 3735 1709 3792 reviseret
1726 3736 1777 3792 de·

97 3847 185 3888 saevos
199 3830 339 3885 bellorum
354 3829 482 3884 turbines
501 3835 615 3884 strenue
631 3828 715 3896 rexit,
732 3829 840 3900 Daique
855 3828 911 3884 fre·
962 3831 1153 3903 scriptionem,
1167 3831 1346 3903 angliaeque
1363 3830 1469 3886 telluris
1482 3832 1671 3903 comprobans
1686 3831 1775 3889 itera·

95 3928 142 3980 tus
155 3922 272 3992 auxilio,
286 3938 337 3993 pro
348 3922 482 3993 temporis
493 3921 708 3993 opportunitate
720 3936 766 3977 res
778 3921 912 3976 Ecclesia
963 3928 1006 3980 ret
1021 3924 1215 3996 partitionem,
1229 3923 1409 3995 subditisque
1427 3923 1569 3981 recideret
1584 3930 1644 3981 tam
1662 3925 1779 3982 advenis

97 4018 254 4088 diligenter
266 4015 355 4070 anxit.
371 4014 477 4070 lleinda
495 4014 629 4070 liodberti
643 4014 840 4082 belesmensis,
859 4030 911 4069 sae·
963 4033 1048 4090 qnam
1062 4018 1213 4089 indigenis,
1229 4017 1368 4089 quidquid
1384 4017 1562 4073 inveniretur
1576 4018 1652 4074 ultra
1666 4024 1778 4076 certam

99 4109 167 4165 vitia
180 4107 265 4164 nimis
278 4106 461 4175 imminente,
479 4107 508 4161 in
529 4106 658 4177 angliam
672 4106 811 4177 confugit,
825 4123 912 4178 quom
964 4110 1184 4167 dimensionem.
1206 4114 1356 4168 aunuente
1382 4127 1463 4183 rege,
1485 4126 1585 4167 omnes
1603 4115 1781 4181 carrucatas,

99 4219 150 4260 rex
164 4200 300 4256 ilenricus
313 4199 574 4255 honorificesecnm
588 4200 720 4267 detinuit,
737 4200 914 4271 etpe1·Gon-
963 4221 1034 4276 quas
1053 4205 1137 4276 Angli
1162 4204 1242 4260 hidas
1263 4210 1376 4275 vocant,
1398 4204 1523 4260 funiculo
1545 4219 1663 4260 mensus
1682 4210 1727 4261 est
1747 4208 1777 4262 et

100 4296 212 4353 dulfum
228 4293 380 4365 presulem
397 4292 523 4349 llcflensi
535 4293 676 4364 episcopio
692 4293 830 4366 praefecit.
848 4294 913 4349 inde
963 4298 1125 4369 descripsit,
1145 4297 1367 4370 postpositisque
1385 4297 1535 4367 mensuris,
1556 4312 1627 4369 quas
1644 4298 1778 4355 liberales

99 4395 166 4464 post
186 4387 295 4459 aliquot
318 4403 407 4442 annos
429 4390 583 4458 promotus,
606 4386 759 4442 venerabili
780 4381 1049 4463 anselmoDAngti
1070 4392 1153 4463 jussu
1176 4391 1299 4447 Eduardi
1322 4391 1399 4463 regis
1422 4391 1539 4463 largiter
1560 4390 1775 4462 distribuerant,

101 4481 296 4555 archipresuli
315 4480 458 4548 successit,
475 4487 503 4536 at
515 4496 618 4536 novem
637 4481 718 4536 annis
734 4481 914 4537 [loroberniae
963 4484 1119 4555 imminuit,
1133 4488 1162 4540 el
1174 4485 1283 4557 regales
1297 4484 1380 4540 fiscos
1394 4483 1577 4540 accvvmulans
1592 4484 1699 4541 colonis
1711 4501 1778 4541 arva

102 4576 254 4649 metropoli
267 4574 390 4647 prefuit.
963 4577 1147 4633 retruncavit.
1170 4577 1253 4634 ituris
1274 4579 1369 4650 itaquo
1387 4576 1455 4633 olim
1475 4575 1580 4632 diutins
1600 4578 1676 4633 nacti
1690 4578 1776 4635 dimi·

135 4672 218 4726 hnno
232 4670 323 4740 [loeo]
334 4665 570 4724 tertioGuillelmi
584 4668 647 4722 llud
658 4667 734 4739 regis
744 4667 913 4738 duginnam,
965 4670 1094 4741 untione,
1111 4676 1140 4726 et
1154 4670 1259 4727 insoliti
1278 4670 1425 4743 vectigalis
1442 4670 1523 4743 gravi
1541 4671 1777 4743 exaggeratione,

100 4760 287 4831 lanfrancus,
317 4762 528 4818 cantuariensis
556 4761 723 4833 metropolis
749 4762 913 4832 episcopus,
964 4765 1104 4835 supplices
1122 4764 1210 4837 regim
1224 4763 1352 4820 fidelitati
1367 4764 1462 4836 plebes
1477 4763 1644 4820 indecenter
1657 4781 1776 4837 oppres·

100 4858 250 4914 defunctus
265 4858 316 4925 est,
328 4860 356 4912 et
368 4855 397 4910 in
411 4854 524 4910 basilica
538 4855 650 4911 Sancte
659 4854 814 4925 Trinitatis,
827 4871 915 4926 quarn
964 4857 1009 4926 sit,
1025 4857 1127 4913 ablatis
1148 4856 1232 4913 rebus
1253 4858 1420 4928 attenuavit,
1437 4863 1466 4913 et
1479 4857 1509 4914 in
1524 4857 1643 4915 nimiam
1662 4866 1776 4932 egesta·

101 4950 162 5023 ipse
186 4950 307 5006 mirifico
327 4965 413 5021 opere
436 4951 641 5014 construxerat,
658 4953 725 5003 ante
747 4948 915 5005 crucifixum
964 4956 1023 5007 tarn
1038 4951 1072 5006 de
1087 4951 1199 5022 ingenti
1211 4951 1290 5024 copia
1306 4950 1427 5023 redegit.

100 5045 226 5115 sepultus
241 5046 293 5099 est.
308 5043 556 5099 Beccensisuutem
568 5042 718 5098 anselmus
729 5042 915 5115 suprascrip·
1000 5045 1086 5115 llujns
1105 5043 1233 5112 consilio,
1247 5043 1363 5115 juvenis
1386 5060 1445 5111 rex,
1465 5043 1654 5100 morientibus
1675 5047 1776 5118 praela-

101 5141 160 5193 tam
182 5136 374 5209 compatriotae
396 5136 439 5192 sni
460 5136 629 5192 memoriam
650 5135 765 5192 heroico
788 5136 914 5192 carmine
963 5138 1010 5206 tis,
1030 5137 1171 5204 ecclesias,
1190 5153 1255 5192 cnm
1278 5136 1501 5207 possessionibus
1525 5137 1592 5193 olim
1614 5137 1668 5194 sibi
1693 5139 1776 5209 datis,

99 5229 238 5286 volumini
255 5228 475 5300 lacrymabiliter
494 5229 607 5296 indidit,
631 5229 737 5301 fletque
760 5232 831 5284 niatu
853 5234 916 5301 post
964 5231 1075 5299 invasit,
1089 5234 1118 5287 et
1131 5237 1188 5286 tam
1206 5230 1236 5285 in
1252 5229 1372 5286 abbatiis
1390 5228 1551 5299 coeuohitas,
1566 5246 1653 5303 quaxn
1666 5231 1696 5287 in
1714 5234 1776 5306 epi·

100 5323 257 5381 trienninm
279 5323 308 5377 iu
332 5322 495 5378 cathedram
515 5323 704 5390 dorobernia,
726 5322 915 5379 ecelesiastica
965 5323 1066 5396 scopiis
1088 5323 1263 5396 episcopales
1286 5323 1405 5379 decanos
1434 5327 1463 5379 et
1485 5323 1639 5380 canonicos
1660 5325 1778 5383 cuilibet

102 5417 241 5474 electione
260 5416 420 5488 promotus,
441 5416 579 5472 ascendit.
601 5417 706 5474 Deinde
724 5416 797 5471 infra
817 5415 914 5472 decem
964 5418 1118 5474 satellitum
1138 5433 1254 5473 suornm
1274 5417 1395 5490 subegit.
1411 5419 1530 5474 Paraam
1547 5423 1648 5475 autem
1666 5419 1704 5475 ad
1719 5421 1776 5476 ric·

101 5526 203 5579 annos,
216 5509 319 5583 quibus
334 5508 517 5580 postmodum
529 5511 661 5583 regnavit
675 5509 847 5566 Gnillelmus
860 5512 917 5567 lin·
965 5514 1027 5566 tum
1040 5527 1123 5568 snum
1144 5510 1377 5569 distributionem
1397 5527 1495 5569 rernm
1514 5511 1555 5569 eis
1572 5511 1736 5585 delegabat,
1749 5518 1778 5570 et

101 5604 157 5676 fus,
170 5603 305 5671 Thomas,
317 5602 502 5660 liboracansis
514 5603 704 5675 metropolita,
714 5602 916 5676 coepiscopum
964 5604 1089 5677 reliquos
1101 5603 1230 5661 redditus
1242 5619 1303 5660 sne
1322 5604 1425 5662 ditioni
1441 5603 1633 5677 mancipabat.
1646 5604 1694 5662 Sic
1707 5621 1777 5663 ava·

102 5713 188 5757 sunm
202 5699 294 5753 morte
309 5698 421 5754 secutus
435 5697 489 5767 ast,
502 5711 570 5753 aum
585 5695 649 5752 aliis
668 5695 766 5753 multis
778 5696 915 5772 episcopis
965 5696 1031 5754 ritia
1047 5697 1124 5771 regis
1136 5696 1166 5753 in
1181 5696 1305 5755 Ecclesia
1317 5696 1368 5754 nel
1382 5696 1469 5755 nimis
1482 5696 1598 5771 exarsit,
1610 5701 1640 5757 et
1652 5698 1778 5759 helanus
