3750 6046
155 198 221 259 ΗΜ
707 202 853 262 ANSELlll
873 200 1172 259 usv'etsstltrm'sls
1188 198 1294 257 terso.
1765 194 1831 252 ttae

154 342 220 383 rum
239 324 387 399 sanguine,
401 327 478 383 illam
499 329 584 384 modo
604 329 777 386 disturbaret
800 331 966 403 pravissimo
976 334 1046 416 Aet
1064 331 1165 401 sopita,
1178 333 1208 384 et
1223 327 1338 401 penitus
1354 325 1501 381 exinanita
1520 327 1587 379 sunt
1605 321 1772 395 serpentina
1785 338 1830 378 re-

154 420 355 477 hereticorum
369 421 518 493 dogmate.
1020 441 1096 479 aena
1121 422 1336 488 hereticorum,
1358 423 1389 475 ut
1405 422 1468 491 J'am
1492 417 1615 490 amplius
1633 417 1665 472 in
1686 416 1766 472 nullo
1786 416 1833 473 Ec·

192 516 321 585 Surgunt
335 517 424 588 igitur
435 516 573 585 haretici,
583 518 778 574 characterem
791 519 889 574 bestiae
902 536 968 591 por·
1018 518 1113 574 clesioe
1125 516 1271 571 catholicas
1282 515 1389 587 angulo
1403 513 1573 585 repullulare
1587 527 1640 566 seu
1653 510 1776 566 ebullire
1787 526 1832 564 au·

154 611 249 665 lantes
268 609 387 665 infixum
409 611 439 666 in
457 610 588 666 cordibus
607 611 675 679 suis,
691 618 720 667 et
738 612 808 667 dum
830 613 859 668 in
882 630 969 669 manu
1019 612 1116 666 deant.
1140 613 1203 680 lpsa
1220 625 1287 664 vero
1309 607 1380 662 tides
1398 606 1556 663 orthodoxa
1576 608 1640 677 post
1662 607 1707 660 tot
1727 603 1830 674 impul-

155 718 209 758 sua
227 703 355 759 dolosam
374 708 508 760 stateram
527 707 697 761 trutinantes
714 706 828 776 habent,
848 709 969 779 aequita·
1019 704 1115 759 siones
1126 704 1199 758 adeo
1214 705 1258 757 cst
1271 702 1413 769 roborata,
1428 708 1457 756 et
1469 699 1600 768 lundata,
1616 702 1645 754 et
1659 697 1794 765 solidata,
1805 702 1832 753 ot

154 802 216 852 tem
235 797 271 852 de
288 798 342 853 tide
355 797 525 870 disputando
540 806 714 871 proponunt,
729 801 777 856 sed
791 801 884 857 minus
902 817 968 856 cau-
1016 801 1077 871 jam
1095 799 1227 870 amplius,
1246 797 1365 853 ltomino
1381 797 1505 865 favente,
1523 811 1641 866 semper
1660 792 1830 859 inconvulsa,

154 894 201 946 tos
219 891 361 947 levissimo
380 893 464 947 unius
482 893 525 947 vel
545 893 656 948 minimi
677 893 755 948 verbi
774 894 901 965 pondere
915 894 968 949 tal·
1019 909 1132 964 semper
1146 892 1313 947 inconcussa
1326 892 1392 962 jure
1409 906 1576 962 permanere
1589 888 1705 956 debeat,
1720 890 1780 941 tota
1791 887 1829 941 in-

154 985 228 1052 lunt,
248 989 277 1040 et
298 985 328 1040 iu
351 990 462 1057 partem
488 987 531 1040 sui
555 988 659 1041 erroris
681 988 852 1058 pertrahunt
871 1005 877 1042 :
894 989 971 1044 inter
1019 991 1111 1059 tegra,
1125 991 1157 1041 ut
1175 987 1246 1041 nihil
1259 986 1295 1040 sit
1311 983 1495 1051 addendum;
1517 988 1548 1039 et
1566 988 1627 1038 tota
1645 980 1791 1049 inviolata,
1803 985 1831 1035 ut

156 1095 228 1150 quos
242 1084 310 1134 sunt
328 1080 421 1147 Arius,
444 1080 595 1151 presbyter
609 1080 656 1136 ille
675 1082 927 1151 nominatissimus,
942 1088 970 1137 et
1019 1081 1091 1136 nihil
1111 1080 1148 1134 sit
1165 1078 1363 1135 auterendum.
1387 1076 1467 1133 Unde
1488 1078 1576 1132 etiam
1588 1093 1606 1130 a
1619 1076 1727 1131 sanctis
1748 1074 1830 1130 Fatn'-

155 1172 355 1228 infestissimus
374 1173 506 1228 Ecclesire
527 1173 577 1227 [tei
593 1173 794 1241 hieresiarcha,
810 1181 838 1230 et
854 1176 916 1247 ejus
928 1193 971 1231 se·
1019 1175 1072 1230 bus
1086 1174 1289 1229 convenienter
1307 1171 1462 1227 inhibitum
1475 1173 1564 1226 estut
1581 1170 1742 1227 decaetero
1755 1185 1830 1224 nemo

155 1281 268 1337 quaces,
289 1266 338 1336 qui
358 1267 394 1321 de
416 1265 720 1322 consubstantialitatis
740 1269 854 1323 nomine
876 1270 970 1341 dispu-
1020 1269 1146 1340 disputet
1159 1266 1270 1338 publice
1285 1267 1320 1321 de
1336 1265 1404 1333 side,
1418 1271 1558 1336 tauquam
1577 1264 1614 1321 de
1631 1263 1762 1336 eoquod
1777 1265 1830 1335 jam

155 1363 259 1427 ranas,
273 1362 302 1414 et
322 1359 357 1414 ob
378 1359 430 1414 hoc
450 1359 486 1413 ab
505 1360 628 1416 Ecclesia
649 1377 678 1417 se
696 1361 861 1429 dividentes,
881 1364 971 1419 diver·
1019 1369 1062 1417 est
1075 1360 1226 1417 definitum
1240 1366 1269 1415 et
1282 1358 1354 1414 nulli
1367 1358 1452 1414 debet
1466 1375 1528 1414 esse
1543 1358 1735 1429 ambiguum;
1750 1358 1830 1430 siqui·

156 1468 201 1506 sas
212 1453 241 1506 in
254 1453 392 1508 Trinitale
408 1454 581 1509 substantias
594 1461 790 1523 numerantes,
804 1457 970 1512 mentiendo
1020 1456 1087 1510 dem
1100 1457 1235 1510 extremae
1250 1453 1401 1509 dementire
1416 1456 1460 1508 est
1475 1452 1505 1507 in
1523 1452 1618 1508 medio
1639 1455 1671 1506 et
1688 1452 1830 1522 perspicuo

155 1546 380 1615 aslirvuavcrunt,
409 1552 541 1619 putantes
574 1548 661 1619 impie
688 1548 727 1602 ibi
755 1549 878 1604 diversas
906 1567 969 1605 esse
1020 1550 1065 1605 die
1079 1548 1312 1604 commentitium
1326 1546 1593 1617 lumen[inquirere.
1608 1546 1746 1617 Quisquis
1760 1546 1828 1600 euin

156 1640 338 1707 substantias,
365 1640 410 1695 ubi
438 1641 484 1712 pie
508 1641 632 1696 divorsas
656 1643 798 1697 credimus
823 1659 967 1715 personas.
1021 1648 1085 1714 post
1113 1643 1264 1697 veritatem
1290 1647 1436 1712 repertam
1462 1639 1570 1712 aliquid
1598 1639 1721 1695 ulterius
1746 1639 1829 1706 discit,

157 1734 221 1788 Fuit
233 1739 261 1789 et
273 1734 418 1800 Sabellius,
434 1735 483 1806 qui
501 1735 635 1806 quoniam
652 1740 728 1791 recte
743 1737 863 1792 credidit
883 1754 970 1792 unam
982 1718 1009 1789 Β
1021 1737 1204 1791 mendacium
1224 1735 1336 1808 quierit,
1358 1738 1388 1789 et
1404 1735 1530 1806 seipsum
1549 1749 1608 1790 nou
1630 1733 1779 1790 immerito
1797 1734 1830 1788 in·

156 1828 187 1883 in
211 1828 348 1883 trinitate
368 1827 570 1898 substantiam,
592 1831 702 1895 putavit
718 1846 830 1901 quoque
852 1831 892 1886 ibi
911 1848 971 1887 esse
1021 1830 1116 1885 volvit.

157 1920 333 1976 credendum
348 1937 433 1976 unam
450 1922 550 1990 trium,
567 1923 657 1976 l‘atris
675 1923 791 1991 scilicet,
807 1928 836 1979 et
855 1925 928 1993 Filii,
942 1927 972 1980 et
1058 1923 1193 1979 lladicata
1212 1922 1308 1993 itaque
1327 1921 1385 1977 lldc
1405 1921 1546 1976 catholica
1567 1920 1603 1976 ad
1624 1920 1830 1977 informandam

157 2013 278 2085 Spiritus
300 2014 389 2068 sancti
412 2030 574 2085 personam.
597 2015 661 2070 Fuit
686 2020 715 2071 ct
739 2017 883 2072 Nestorius
908 2019 969 2089 epi·
1022 2017 1151 2072 Ecclesia
1171 2016 1352 2087 disciplinam
1372 2018 1556 2070 accesserunt
1579 2014 1700 2070 diversos
1718 2016 1828 2086 regula,

156 2124 266 2179 scopus,
282 2108 331 2179 qui
347 2108 501 2163 arbitratus
520 2112 634 2163 estnon
653 2125 735 2180 posse
756 2127 818 2165 esse
838 2114 970 2167 naturam
1021 2128 1093 2182 quas
1113 2110 1180 2182 quia
1200 2109 1291 2164 sancti
1310 2111 1404 2164 l'atres
1421 2111 1590 2175 sanxerunt,
1610 2108 1699 2180 digne
1717 2124 1830 2164 canones

156 2201 309 2273 duplicem,
326 2202 395 2272 quin
416 2218 533 2272 persona
551 2202 638 2257 tuerit
658 2202 761 2274 duplex
778 2222 784 2256 :
801 2207 886 2275 atquc
904 2204 969 2259 ideo
1021 2204 1170 2275 appellatae
1183 2208 1260 2270 sunt,
1274 2203 1303 2257 in
1319 2201 1422 2274 quibus
1442 2203 1584 2273 reperitur
1598 2202 1670 2274 quid
1688 2203 1747 2257 sint
1766 2220 1830 2274 pra·

156 2311 221 2350 cnm
237 2294 265 2349 in
285 2294 396 2350 Christo
413 2297 545 2349 naturam
564 2296 706 2367 duplicem
728 2304 801 2352 recte
820 2297 968 2353 confitere·
1022 2298 1178 2368 captiones,
1196 2295 1416 2369 prohibitiones,
1431 2295 1670 2367 dispensationes,
1684 2297 1774 2368 rigor,
1787 2313 1829 2351 nc·

156 2393 213 2457 tur,
227 2406 283 2443 non
296 2392 373 2443 recte
387 2388 528 2460 duplicem
542 2390 665 2445 credidit
679 2408 740 2446 esse
755 2408 918 2463 personam,
932 2392 970 2447 al·
1022 2392 1146 2458 cessitas,
1170 2390 1361 2462 indulgentia,
1386 2390 1524 2457 remissio,
1548 2394 1654 2460 terror,
1668 2390 1830 2457 admonitio,

155 2488 250 2538 terum
270 2482 329 2551 ltci,
350 2482 471 2537 alterum
491 2483 616 2538 hominis
636 2485 738 2539 Filium
759 2486 851 2540 stulte'
865 2486 969 2557 praedi·
1022 2489 1165 2540 etcaetera
1185 2500 1236 2555 per
1250 2501 1314 2556 quae
1329 2483 1425 2539 omnia
1443 2484 1481 2537 ita
1494 2484 1524 2537 in
1545 2483 1600 2538 hoc
1622 2487 1698 2539 statu
1719 2484 1831 2539 Ecclesia

155 2594 234 2633 cans.
253 2577 315 2631 Fuit
333 2581 362 2631 et
383 2577 521 2648 Eutyches
539 2576 625 2632 abbas
648 2579 896 2647 archimandrites,
920 2580 969 2651 qui
1021 2579 1110 2633 crevit
1126 2577 1247 2632 mirabili
1264 2583 1364 2632 contra
1384 2577 1531 2632 haereticos
1543 2578 1696 2649 supientia,
1719 2578 1830 2633 sicutiu

156 2688 214 2726 non
228 2671 338 2743 putavit
355 2673 486 2725 naturam
504 2671 647 2743 duplicem
662 2688 722 2727 esse
742 2690 822 2744 posse
839 2674 900 2728 sine
918 2674 970 2728 du·
1020 2672 1109 2744 priori
1137 2677 1213 2727 statu
1233 2672 1261 2726 in
1282 2671 1480 2743 persecutione
1503 2677 1665 2742 martyrum
1688 2671 1830 2726 victoriosa

155 2764 307 2836 plicatione
330 2781 484 2837 personae:
508 2768 536 2820 et
554 2783 618 2820 cum
642 2783 698 2821 non
719 2766 903 2821 confiteretur
922 2768 970 2823 du·
1021 2767 1110 2821 crevit
1133 2766 1277 2838 patientia.
1301 2765 1355 2820 Sed
1375 2781 1441 2820 ecce
1463 2765 1501 2820 leo
1521 2766 1634 2834 rupices
1656 2781 1717 2820 non
1738 2770 1829 2830 cessat,

156 2859 258 2930 plicent
286 2859 315 2913 in
342 2859 453 2915 Christo
477 2876 538 2914 esse
565 2875 727 2931 personam,
752 2860 904 2915 arbitratus
928 2866 971 2916 cst
1021 2876 1078 2914 non
1101 2860 1214 2929 dormit,
1238 2860 1286 2913 sed
1300 2858 1394 2914 adhuc
1411 2861 1506 2914 circuit
1519 2874 1642 2929 quarens
1659 2874 1741 2929 quern
1759 2859 1828 2915 dero·

155 2968 333 3024 consequens
346 2968 407 3006 esse
421 2958 452 3006 ut
464 2970 522 3006 unu
535 2951 663 3008 videatur
673 2969 733 3007 esse
746 2955 858 3007 natum.
871 2954 969 3025 ltaque
1020 2959 1061 3008 ret
1076 2956 1096 3024 (l
1108 2956 1191 3016 Petr„
1206 2969 1235 3020 v,
1248 2954 1285 3024 8).

155 3045 298 3102 Nestorius
309 3052 384 3101 recte
394 3046 465 3101 duas
476 3045 504 3100 in
516 3045 628 3102 Christo
638 3046 759 3101 credens
771 3063 830 3101 csse
842 3053 968 3117 naturas,
1305 3063 1500 3121 cgpyygggp
1518 3065 1549 3119 g,

155 3139 282 3194 divinam
297 3139 405 3194 scilicet
419 3144 449 3193 et
463 3139 780 3211 humanum,sacrilego
794 3156 843 3194 ore
858 3142 967 3195 curiles·
1020 3173 1098 3241 Qvod
1114 3174 1143 3227 ,ἢ
1161 3177 1259 3242 qum-30
1276 3177 1351 3226 seam
1365 3172 1490 3225 Ecclesia
1514 3172 1818 3243 exeuntepollv'doepuo

155 3250 201 3288 sus
217 3237 260 3289 cst
273 3234 342 3288 duas
355 3250 414 3288 esse
428 3232 466 3287 ibi
481 3249 627 3303 personas.
641 3234 781 3305 Eutyches
796 3251 860 3289 vero
877 3235 969 3290 rectis·
1054 3257 1083 3308 yn
1095 3255 1176 3321 sagis
1190 3253 1324 3320 [παγίως
1336 3252 1454 3307 5001,ng
1468 3212 1519 3306 p'ffl·
1535 3266 1621 3320 supra
1641 3254 1715 3307 ,syres
1729 3214 1827 3307 yssym:

154 3328 226 3384 sime
240 3327 360 3382 credens
374 3342 460 3381 unam
475 3326 504 3380 in
515 3327 625 3382 Christo
642 3344 702 3383 esse
716 3344 878 3398 personam,
892 3328 970 3384 falla·
1053 3336 1131 3395 serit,
1146 3336 1176 3387 iri
1193 3348 1245 3403 quo
1258 3335 1340 3387 etiarn
1353 3336 1429 3385 stetu
1441 3331 1533 3385 multa
1546 3345 1578 3385 uo
1592 3333 1679 3386 variae
1693 3333 1825 3401 religiones

154 3421 223 3477 citer
237 3420 357 3476 credidit
371 3437 459 3476 unam
480 3437 593 3493 quoque
613 3421 653 3476 ibi
672 3438 730 3476 esse
751 3428 895 3477 naturam.
916 3424 968 3488 Oui
1053 3419 1205 3469 treverum·

153 3515 316 3571 altrinsecus
343 3515 397 3570 sibi
424 3515 547 3586 oppositi
573 3514 744 3570 fallebantur
768 3518 797 3570 et
821 3516 967 3573 fallebant.
1053 3519 1089 3572 Et
1113 3532 1174 3571 cum
1193 3518 1341 3587 operuisset
1363 3515 1483 3583 sigillum
1508 3522 1651 3585 quereiam,
1673 3531 1732 3571 ecce
1754 3529 1827 3586 epum

154 3608 216 3664 Fuit
229 3608 408 3666 llacedonius
422 3610 581 3681 episcopus,
595 3609 733 3679 Spiritum
747 3613 875 3664 sanctum
890 3627 968 3666 crea·
1015 3611 1149 3683 prrtlidus,
1169 3614 1194 3665 ct
1209 3612 1258 3680 qui
1270 3610 1378 3665 sedebat
1395 3625 1477 3680 saper
1495 3625 1564 3673 eam,
1579 3625 1677 3665 nornen
1695 3611 1741 3665 itti
1756 3626 1827 3668 mors.

153 3706 246 3759 turam
262 3709 288 3759 ct
306 3720 364 3759 non
384 3705 475 3758 llcurn
491 3720 553 3757 csse
573 3702 729 3757 infideliter
751 3720 889 3758 asserens.
904 3705 969 3759 Fuit
1018 3712 1043 3760 ct
1057 3707 1180 3772 insertum
1193 3704 1355 3774 sequebatur
1367 3720 1427 3758 cam
1442 3703 1548 3775 (apoc.
1564 3719 1600 3773 vr,
1617 3703 1657 3771 7).
1676 3705 1735 3759 lste
1752 3702 1830 3758 nimi-

154 3798 291 3864 llouutus,
308 3797 408 3852 Filium
430 3798 519 3863 l‘atre,
540 3796 675 3866 Spiritum
697 3800 826 3851 sanctum
847 3801 967 3870 utroque
1017 3815 1082 3853 rum
1103 3803 1219 3870 quartus
1238 3801 1281 3852 est
1299 3796 1429 3852 Ecclesiae
1449 3800 1548 3865 status,
1569 3796 1599 3851 in
1620 3813 1679 3869 quo
1702 3796 1828 3869 gravissi·

153 3892 295 3947 minorem
309 3890 432 3962 superba
446 3890 630 3944 contentione
645 3889 758 3944 doeens.
774 3890 837 3944 Fuit
850 3896 879 3945 et
894 3892 966 3947 Pho·
1017 3909 1098 3949 mum
1116 3898 1143 3946 et
1163 3891 1344 3946 mortiterum
1363 3890 1522 3962 periculum
1538 3893 1581 3944 est
1596 3890 1626 3945 in
1642 3890 1723 3946 talsis
1741 3890 1828 3946 tratri·

152 3985 229 4040 tinus
245 3985 402 4055 cyriscopus,
423 3983 533 4040 Christo
547 4000 564 4038 a
578 3984 662 4040 llario
685 4000 737 4054 per
757 3983 863 4039 coitum
886 3986 966 4056 prin·
1016 3986 1080 4042 bus.
1096 3986 1167 4040 Nam
1180 3986 1252 4040 sicut
1267 3984 1388 4055 pallidus
1407 3984 1483 4039 color
1502 4001 1534 4039 ex
1555 3984 1620 4039 albo
1639 3984 1770 4041 simulet
1787 3986 1827 4041 ni·

153 4077 260 4148 cipium
284 4077 369 4132 nimis
394 4076 535 4148 impudice
556 4077 708 4132 ascribens.
732 4079 795 4132 Fuit
814 4079 907 4133 Manes
931 4079 966 4134 de
1018 4097 1070 4152 gru
1098 4080 1248 4146 miscetur,
1272 4095 1325 4134 nec
1349 4095 1466 4149 prorsus
1490 4078 1586 4133 album
1612 4078 1757 4149 ostendit,
1784 4079 1829 4134 sed

154 4170 277 4235 Perside,
297 4172 371 4226 unde
389 4171 545 4239 llaniehaci,
561 4172 616 4226 duo
633 4171 773 4243 principia
792 4173 965 4228 contumaci·
1016 4179 1171 4244 utrumque
1185 4171 1256 4227 falsu
1270 4171 1368 4240 habet,
1382 4173 1421 4226 ita
1432 4171 1569 4227 nimirum
1582 4170 1647 4227 falsi
1672 4173 1828 4240 christiani,

152 4269 196 4321 ter
208 4265 322 4335 docens,
337 4265 522 4338 Unigenitum
538 4265 589 4320 [tei
602 4270 742 4320 aeternum
756 4282 889 4337 perversa
903 4266 965 4322 doc·
1016 4284 1066 4322 seu
1078 4267 1140 4322 falsi
1157 4267 1268 4334 tratres,
1285 4282 1408 4337 quorum
1425 4265 1644 4321 innumerabilis
1654 4267 1720 4338 jam
1735 4268 1828 4323 multi·

152 4360 225 4415 trino
240 4377 357 4432 negans.
1017 4361 1086 4416 tudo
1110 4364 1163 4429 est,
1185 4360 1328 4415 Christum
1342 4375 1390 4414 ore
1413 4359 1526 4431 publico
1546 4358 1733 4429 confitentur,
1752 4361 1829 4416 tactis

188 4456 313 4510 Fuerunt
327 4458 356 4509 ct
372 4454 420 4508 ulii
438 4453 619 4526 qrramplures
639 4452 778 4520 haeretici,
795 4452 843 4523 qui
861 4452 1005 4527 singulil)
1017 4459 1111 4509 autem
1127 4456 1250 4524 negant3
1267 4452 1414 4507 ecclesiam
1432 4453 1627 4524 frequentant,
1644 4454 1831 4510 ecclesiastica

151 4549 208 4605 suis
229 4549 409 4620 temporibus
428 4547 497 4602 falsa
520 4547 755 4618 dogmatizantes,
779 4551 807 4602 et
830 4552 965 4617 tanquam
1017 4549 1195 4602 sacramenta
1219 4545 1391 4618 suscipiunt,
1415 4546 1536 4616 praelatis
1556 4546 1686 4602 debitam
1704 4565 1829 4604 reveren

150 4643 261 4698 inimici
285 4643 417 4697 homiues
439 4641 603 4712 pestiferam
629 4641 765 4695 zizaniam
791 4640 966 4696 seminantes
1016 4641 1087 4696 tiam
1101 4641 1247 4708 exhibent,
1256 4640 1338 4711 juxta
1350 4640 1515 4711 Apostolum
1528 4640 1635 4696 honore
1646 4657 1678 4696 se
1689 4642 1829 4698 invincem

151 4737 225 4793 iuter
239 4738 365 4791 triticum
385 4736 548 4808 apostolieae
567 4735 715 4802 doctrinae,
731 4734 895 4789 columbani
916 4735 964 4790 ltei
1015 4734 1213 4806 preveniunt,
1239 4733 1370 4789 ecclesias
1396 4734 1546 4802 vedillcant,
1566 4736 1594 4789 et
1617 4751 1664 4790 eas
1694 4737 1780 4792 simul
1805 4742 1831 4792 et

150 4831 310 4903 simplicem
340 4831 369 4884 in
398 4829 463 4889 ilde.
487 4834 614 4884 sanetum
643 4831 671 4883 et
697 4829 909 4883 immaculatam
936 4827 964 4883 in
1015 4828 1164 4884 altariaed
1184 4828 1317 4884 decorem
1335 4827 1437 4883 domus
1456 4828 1507 4884 Dei
1524 4827 1659 4884 decenter
1679 4836 1829 4897 exornant,

150 4942 236 4997 opere
263 4924 414 4980 crudeliter
438 4923 675 4994 deplumaverunt
698 4928 726 4976 et
749 4921 930 4978 laniaverunt
955 4939 962 4978 :
1015 4921 1210 4977 solemnitates
1226 4921 1341 4978 ettesta
1360 4925 1522 4978 sanctorum
1541 4921 1624 4993 quasi
1645 4939 1763 4980 summa
1782 4925 1829 4980 de-

150 5025 249 5075 contra
270 5035 341 5091 quos
362 5017 505 5074 celebrata
525 5017 616 5072 multa
638 5016 754 5071 concilia
773 5016 905 5088 congruis
931 5016 960 5071 in
1013 5015 1126 5071 votione
1146 5015 1301 5082 celebrant,
1318 5016 1404 5086 longa
1421 5015 1572 5071 missamm
1591 5015 1688 5071 officia
1711 5023 1741 5073 et
1758 5018 1829 5075 ordi·

150 5112 218 5168 locis
236 5117 265 5169 ct
278 5112 464 5184 temporibus,
480 5116 509 5168 ct
530 5110 665 5165 damnata
687 5113 729 5166 est
747 5108 880 5165 heretica
897 5126 964 5181 pra·
1014 5115 1094 5165 natas
1118 5093 1188 5164 cleri
1210 5109 1406 5181 processiones
1428 5109 1583 5181 plurimum
1611 5113 1828 5180 commendant,

149 5207 231 5272 vitas,
245 5211 274 5261 et
288 5211 478 5278 expurgatum
492 5207 535 5259 cst
548 5205 722 5260 termentum
738 5202 855 5258 malitie
869 5208 897 5258 et
911 5220 963 5258 ue·
1011 5203 1124 5274 jejunia
1143 5218 1259 5275 quoque
1276 5207 1304 5257 et
1326 5202 1498 5258 cibariorum
1518 5202 1723 5261 discretionem
1743 5205 1830 5262 inter·

150 5300 260 5371 quitiae,
289 5304 318 5355 et
338 5299 457 5354 solidata
479 5303 522 5354 est
546 5303 637 5354 mater
660 5298 780 5354 Ecclesia
804 5296 834 5352 in
859 5297 963 5369 azymis
1014 5297 1082 5353 dum
1096 5295 1150 5352 sibi
1170 5296 1333 5368 imponunt,
1353 5295 1528 5368 pauperibus
1546 5295 1747 5371 eleemosynas
1764 5316 1830 5373 pro·

148 5391 319 5448 sinceritatis
341 5396 370 5448 et
390 5392 524 5448 veritatis.
548 5393 618 5448 llam
643 5391 672 5446 in
697 5390 811 5446 Nicaeno
832 5390 962 5458 concilio,
1013 5390 1082 5461 priis
1099 5389 1230 5446 manibus
1249 5390 1411 5463 porrigunt,
1426 5392 1578 5447 sanctoset
1591 5406 1659 5447 vere
1680 5393 1830 5466 religiosos

149 5491 178 5541 et
198 5484 387 5553 Antiocheno,
412 5490 441 5540 et
462 5485 615 5557 Ephesino,
641 5490 670 5541 et
692 5483 914 5541 chalcedonensi
935 5488 963 5538 et
1013 5483 1098 5551 viros,
1113 5483 1135 5538 si
1153 5483 1227 5538 torte
1247 5483 1301 5538 sibi
1319 5489 1478 5552 occurrant,
1501 5482 1575 5540 elato
1594 5483 1674 5540 intus
1694 5486 1780 5543 corde
1801 5490 1829 5542 et

146 5579 471 5650 Constantinopolitano,
487 5581 516 5634 et
529 5578 559 5634 in
573 5579 635 5634 aliis
648 5577 866 5651 quampluribus
881 5592 961 5633 sauc-
1012 5576 1149 5632 inclinato
1168 5577 1237 5632 loris
1257 5576 1349 5649 capite
1372 5577 1511 5648 salutant,
1535 5582 1564 5634 et
1584 5592 1636 5633 eos
1655 5579 1827 5654 plerunque

148 5680 244 5730 torum
273 5674 389 5728 Petrum
419 5671 602 5745 synodalibus
629 5671 815 5728 conventibus
842 5687 893 5743 per
919 5670 962 5726 di·
1013 5670 1137 5743 hospitio
1152 5675 1280 5743 receptos
1297 5671 1423 5727 humans
1442 5673 1575 5740 tractant,
1594 5676 1625 5729 ot
1645 5688 1749 5731 eorum
1770 5690 1828 5731 oru-

141 5782 237 5825 rerses
251 5766 420 5844 provincias
438 5765 546 5827 trabitis
566 5766 639 5825 adeo
662 5766 765 5841 deleta,
780 5771 808 5824 et
829 5764 962 5836 mntrita,
1013 5763 1181 5823 donibusse
1195 5764 1409 5826 commendant.
1425 5764 1549 5835 Quidam
1562 5764 1654 5827 edan
1669 5767 1827 5847 ponam
