3750 6046
102 142 147 196 llll
540 136 697 198 HISTORIA
716 131 983 197 ECCLESthTlCd.
999 166 1034 183 ·-
1048 139 1134 195 rans
1152 141 1221 196 1.-
1236 130 1300 197 [ΑΒ.
1322 134 1357 195 ll.
1412 204 1416 219 ι
1734 142 1784 201 tes

99 264 172 317 caim
192 278 271 335 opus
291 263 485 320 necessaium
502 263 585 332 daco,
599 281 635 320 ac
655 265 789 320 studiosis
806 264 915 320 clienti·
928 264 1081 350 Aojicere,
1107 263 1156 318 diu
1180 267 1315 335 gyrantes
1337 278 1390 335 per
1411 261 1562 319 circuitum
1581 263 1698 335 januam
1724 283 1782 321 non

100 356 148 410 bus
173 355 230 411 sibi
257 355 379 428 aliisque
406 356 548 413 docilibus
572 357 759 413 commodum
785 361 915 413 autumo.
968 361 1122 428 potnerunt
1143 358 1281 424 invenire,
1301 357 1392 412 donee
1411 356 1559 413 Theodora
1579 373 1631 430 pro
1650 358 1710 414 viro
1729 375 1781 416 sun

97 452 167 517 tam,
182 455 217 506 ut
230 451 370 507 veraciter
383 451 501 507 natatus
515 467 589 520 sum,
603 467 654 522 per
666 451 746 507 mille
760 453 788 507 ct
799 456 916 507 centnm
967 451 1029 506 lusa
1055 450 1178 507 obtinuit
1203 451 1331 507 oratione
1356 455 1388 506 ut
1414 451 1476 523 ipse
1505 466 1572 507 cum
1598 452 1693 523 pueris
1724 454 1782 508 suis

97 559 196 610 annos,
217 560 253 600 ex
275 561 333 617 qao
352 545 434 601 lortis
454 545 621 600 Emmanuel
643 561 694 616 per
713 545 916 601 intemeratam
965 543 1033 599 inde
1053 544 1192 615 potuisset
1209 544 1296 601 crire.
1313 545 1364 601 llle
1383 544 1501 600 tandem
1520 544 1555 600 ad
1576 545 1694 602 domum
1715 562 1779 619 per·

98 637 246 708 Virginem
269 638 346 694 nubo
365 638 460 694 earnis
480 637 626 693 trabeatus
647 638 726 694 venit
745 638 780 693 ad
802 653 865 707 uos,
886 637 916 693 in
966 637 1076 707 ductus,
1099 639 1129 693 in
1153 638 1278 695 caecitate
1304 636 1471 709 permansit,
1492 642 1521 693 et
1543 639 1695 696 Theodora
1716 646 1782 713 post

97 729 163 785 arbe
176 731 356 804 Romalqure
368 731 405 787 ab
416 731 476 803 ipso
488 731 533 786 sui
545 730 705 802 primordio
717 747 916 803 superomues
965 731 1063 785 missas
1086 736 1183 786 sancto
1206 729 1346 787 Clementi
1368 747 1451 802 papae
1476 731 1605 788 ordinem
1630 732 1671 789 rei
1694 737 1781 805 gestae

97 824 204 878 ricinos
223 824 324 881 molita
343 828 388 880 est
404 824 505 881 efferre
519 824 609 880 fasces
624 841 701 893 suos,
721 830 748 880 et
769 839 860 897 usque
880 824 915 880 ad
965 822 1129 879 insinuavit.
1151 825 1214 896 lpse
1234 839 1301 879 sero
1322 824 1473 895 populum,
1493 827 1526 879 ut
1544 826 1634 881 Deum
1654 832 1781 897 orarent,

97 916 274 988 Euphratem
288 918 501 991 Omenumque,
515 918 685 990 disponente
701 919 770 985 beo,
786 917 917 974 dilatavit
964 917 1125 974 admonuit.
1144 916 1253 972 tteindo
1274 933 1341 973 cum
1361 917 1483 973 muliere
1501 917 1536 973 ad
1554 923 1697 990 egrotum
1719 938 1784 994 per·

96 1010 165 1065 lines
183 1012 266 1081 snos)
285 1011 392 1082 plures,
411 1011 569 1082 opitulante
589 1012 659 1080 Deo,
681 1010 780 1067 eximii
799 1012 915 1067 athleta
964 1011 1047 1081 rexit,
1068 1017 1095 1065 et
1119 1011 1277 1067 orationem
1298 1011 1417 1078 iaciens,
1439 1011 1530 1066 risum
1551 1016 1581 1067 et
1599 1013 1733 1070 auditum
1754 1018 1781 1071 ei

96 1110 253 1159 uenerunt
276 1105 459 1161 ecclesiastici
482 1105 632 1178 regiminis
658 1104 766 1173 lrenos,
789 1121 913 1177 quoram
964 1104 1062 1159 statim
1076 1103 1210 1160 restituit.
1228 1104 1278 1159 llle
1289 1107 1385 1170 autem
1398 1105 1521 1176 receptis
1534 1105 1663 1163 sensibus
1678 1124 1779 1181 corpo·

95 1197 285 1269 triumphales
295 1214 397 1254 cursus
410 1198 583 1271 perscrutari
597 1197 680 1255 bonis
692 1198 859 1255 delectabile
872 1202 915 1254 ost
963 1196 1002 1251 ris
1025 1213 1125 1254 amens
1151 1197 1243 1253 lactus
1270 1203 1322 1266 est,
1348 1201 1376 1253 ct
1399 1198 1577 1254 Clementem
1604 1201 1779 1273 episcopum,

95 1291 295 1347 intertinctus
317 1293 490 1360 mundanos,
511 1295 553 1358 ut,
576 1308 629 1365 per
651 1292 772 1349 heroum
793 1292 915 1365 vestigia
963 1290 1104 1362 quemad
1124 1291 1277 1363 conjugem
1297 1307 1378 1347 suam
1392 1291 1555 1363 ingressum
1572 1309 1633 1350 esse
1648 1296 1779 1367 putabat,

94 1384 270 1456 gradientes,
289 1387 430 1443 desudent
449 1386 556 1442 imitari
575 1390 709 1442 strenuos
728 1391 806 1442 actas
827 1389 914 1458 atque
964 1383 1055 1438 maeri
1081 1389 1109 1439 et
1133 1383 1208 1439 trahi
1231 1383 1377 1456 precepit.
1402 1384 1481 1440 servi
1507 1402 1574 1442 sero
1598 1387 1660 1457 ejus
1683 1404 1781 1446 sucas

92 1479 246 1536 salvificos.
963 1477 1112 1532 columnas
1138 1476 1277 1548 ligabant,
1304 1481 1333 1541 et
1356 1493 1432 1533 nnuc
1456 1477 1570 1533 deintus
1595 1480 1680 1548 toras,
1702 1499 1781 1540 nunc

127 1572 231 1628 Beatus
245 1572 346 1629 Simon
359 1574 469 1642 Petrus,
479 1573 611 1647 princeps
622 1572 825 1644 apostoloram,
839 1572 914 1628 iilius
963 1568 1070 1625 deforis
1083 1570 1161 1625 intus
1179 1570 1339 1626 trahebant.
1355 1570 1480 1627 sisinnio
1494 1572 1591 1644 itaque
1610 1590 1675 1630 cum
1693 1578 1781 1632 serris

92 1664 217 1733 loannis,
241 1666 305 1722 rico
330 1666 481 1723 Bethsaida
503 1665 659 1738 provincie·
680 1665 801 1721 Calilrece
823 1668 912 1735 ortas,
923 1668 952 1741 Β
963 1663 1021 1718 suis
1039 1662 1212 1733 insaniente,
1230 1664 1361 1719 Clemens
1379 1665 1504 1733 recesut,
1518 1671 1547 1721 et
1562 1667 1714 1726 Theodora
1729 1688 1781 1743 pro

93 1759 218 1830 primum
239 1758 270 1815 in
290 1759 444 1815 Antiochia
463 1775 498 1815 ιιι
521 1759 604 1814 annis
624 1758 713 1826 sedit;
735 1758 840 1815 deinde
861 1757 914 1814 snb
963 1756 1066 1812 ararito
1086 1772 1137 1811 suo
1159 1761 1218 1812 tota
1232 1756 1279 1812 die
1299 1773 1365 1812 enm
1386 1758 1519 1831 lacrymis
1537 1761 1638 1816 oravit.
1653 1763 1779 1820 Tandem

91 1852 206 1909 Claudio
227 1856 329 1908 eontra
351 1853 501 1909 simonem
525 1853 641 1924 llagum
663 1853 784 1907 Romam
807 1851 912 1923 pergit,
964 1848 1000 1904 ad
1015 1865 1168 1920 vesperum
1186 1852 1286 1906 Petrus
1304 1852 1446 1923 apostolus
1464 1851 1491 1907 ei
1510 1853 1653 1924 apparuit,
1666 1861 1695 1911 et
1711 1873 1779 1913 con·

93 1945 187 2017 ibique
205 1962 261 2002 xxv
275 1946 359 2001 annis
376 1945 566 2017 Evangelium
586 1945 744 2017 predicans
759 1946 913 2002 Ecclesiam
962 1942 1070 1998 fortans
1087 1943 1148 1999 ait:
1168 1964 1182 1994 a
1202 1945 1256 1999 Per
1275 1949 1304 2001 te
1318 1945 1410 2001 salvus
1430 1945 1485 2001 erit
1506 1946 1659 2019 sisinnius,
1675 1955 1708 2006 ut
1722 1949 1779 2007 im·

93 2039 171 2093 rexit.
188 2039 299 2095 Contra
314 2039 462 2097 Simonem
478 2039 621 2095 multoties
636 2055 735 2095 coram
755 2039 867 2095 Nerone
885 2043 915 2094 et
963 2035 1075 2107 pleatnr
1091 2037 1145 2093 hoc
1162 2037 1241 2109 quod
1256 2037 1328 2093 dixit
1347 2038 1436 2094 irater
1450 2056 1531 2097 meus
1545 2042 1649 2097 Paulus
1664 2050 1778 2115 aposto·

94 2133 196 2204 populo
218 2132 383 2205 disputarit,
403 2139 442 2201 et,
463 2149 498 2189 eo
521 2132 641 2201 devicto,
661 2149 679 2187 a
698 2133 812 2189 Nerone
833 2148 913 2187 ιιιιι
962 2129 1007 2185 lus
1021 2131 1258 2200 :sanctificabitur
1269 2133 1314 2187 cir
1325 2133 1442 2201 infidelis
1456 2149 1507 2205 per
1517 2135 1623 2204 fidetem
1640 2139 1779 2195 mulierem

95 2242 170 2281 anno
189 2243 207 2281 a
228 2227 363 2299 passione
383 2226 496 2283 Domini
517 2242 547 2283 ιιι
567 2226 630 2283 llal.
645 2226 723 2295 tulii,
742 2242 807 2282 cum
827 2227 913 2283 Panlo
963 2224 984 2294 il
999 2226 1071 2287 Cor..
1090 2240 1136 2293 vn,
1158 2224 1213 2293 ld).
1230 2246 1244 2274 ι
1259 2225 1362 2280 Statim
1380 2226 1528 2296 sisinnius,
1548 2235 1663 2302 recepto
1683 2247 1778 2303 sensu,

98 2320 309 2390 martyrizatur.
474 2312 478 2319 '
964 2334 1015 2389 per
1027 2317 1206 2373 Theodoram
1225 2319 1400 2376 Clementem
1419 2320 1557 2389 accersiit,
1572 2328 1601 2378 et
1620 2326 1778 2381 amentiam

129 2414 213 2469 Linru
234 2414 271 2469 de
291 2413 402 2482 Tuscia,
421 2430 454 2470 ex
474 2417 555 2487 patre
576 2414 749 2482 llercalaao,
769 2415 843 2471 sedit
860 2431 911 2471 an·
961 2427 1044 2467 suam
1058 2411 1213 2484 confessus,
1228 2413 1417 2484 omnipotenti
1432 2414 1490 2469 lieo
1502 2415 1631 2485 credidit,
1645 2423 1672 2473 et
1687 2434 1779 2475 corro-

98 2507 139 2561 ais
155 2523 182 2561 rr
200 2507 350 2563 mensibus
367 2524 409 2578 ιιι,
428 2507 528 2564 diebus
548 2525 595 2577 ιιι,
609 2513 640 2565 et
655 2509 853 2580 martyrizatus
871 2513 913 2564 est
961 2504 1078 2561 berctus
1103 2506 1237 2577 proximo
1260 2508 1365 2563 Pascha
1389 2523 1455 2564 eum
1481 2523 1597 2565 cccxxnr
1621 2513 1777 2581 promiscui

101 2616 123 2652 vr
139 2599 199 2656 lial.
217 2601 394 2658 Decembris.
410 2602 460 2657 llio
478 2618 514 2657 ex
532 2606 676 2675 precepto
696 2603 772 2658 Petri
790 2603 913 2675 apostoli
962 2616 1044 2654 sexus
1056 2599 1234 2671 baptismum
1247 2601 1382 2673 suscepit.
1397 2601 1475 2658 ldulti
1487 2602 1600 2658 nobiles
1612 2609 1640 2660 et
1652 2606 1777 2663 illustres

100 2694 242 2749 constituit
271 2698 304 2749 ut
329 2695 434 2751 mulier
459 2695 489 2751 in
516 2695 668 2752 ecclesiam
699 2696 790 2752 velato
820 2696 912 2768 capite
961 2693 1084 2749 Domino
1111 2709 1163 2766 per
1189 2711 1255 2751 eum
1282 2694 1485 2764 crediderunt,
1513 2703 1543 2752 et
1567 2714 1661 2754 veram
1691 2701 1777 2757 iidem

101 2786 226 2844 intraret.
962 2786 1150 2859 suscipientes
1164 2787 1297 2860 baptizati
1309 2791 1386 2843 sunt.

50 2932 52 2943 ,
130 2881 224 2937 metus
247 2881 397 2939 Romanus
416 2882 490 2939 aedit
509 2883 593 2939 annis
614 2900 662 2948 ιιι,
685 2899 784 2940 mansa
808 2901 827 2953 1,
850 2884 910 2940 die·
997 2879 1112 2935 Publius
1132 2881 1328 2952 Torqueanus,
1352 2898 1496 2938 sacrorum
1518 2900 1623 2953 eomes,
1647 2886 1776 2944 multita-

101 2974 146 3029 bus
163 2992 202 3045 ιι,
221 2978 251 3030 et
270 2974 325 3031 sab
345 2976 506 3033 Domitiano
526 2994 626 3049 passas
643 2981 685 3034 est
707 2994 733 3034 ιι
754 2979 816 3034 llal.
836 2978 911 3045 ldaii,
962 2972 1022 3029 dini
1037 2973 1264 3031 Christianorum
1276 2974 1391 3044 invidit,
1406 2976 1531 3049 dataque
1546 2980 1668 3050 pecunia
1684 2985 1777 3052 patro-

102 3072 126 3122 et
144 3069 264 3125 cessarit
287 3069 471 3143 episcopatus
493 3069 594 3126 diebus
607 3086 652 3127 xx.
675 3071 804 3140 Rufinus,
827 3039 949 3145 aqui-C
963 3068 1007 3122 nis
1020 3067 1181 3140 regionum,
1197 3069 1306 3124 nomini
1318 3069 1479 3126 Christiano
1492 3072 1662 3128 seditionem
1675 3077 1778 3133 excita-

101 3161 204 3218 telensis
214 3163 378 3236 presbyter,
389 3163 424 3220 de
435 3163 506 3220 bino
517 3170 546 3220 et
557 3164 634 3220 Cleto
647 3164 717 3221 dicit
729 3165 759 3220 in
773 3166 911 3237 prooemio
960 3161 1010 3217 vit.
1028 3162 1252 3218 administrante
1272 3163 1439 3220 llamertino
1459 3165 1659 3235 prefecturam
1678 3172 1777 3242 populi

100 3254 218 3313 historice
227 3256 386 3315 Clementis
398 3257 474 3329 quod
482 3257 548 3331 ipsi,
558 3257 671 3315 virente
681 3260 764 3315 Petro
772 3259 909 3331 apostolo,
962 3255 1091 3322 Romani,
1120 3255 1222 3313 seditio
1248 3257 1321 3312 sacia
1345 3262 1404 3327 est;
1430 3263 1458 3313 et
1484 3259 1583 3316 Publio
1609 3261 1777 3338 Torqueano

101 3350 324 3408 ministraverint
351 3350 464 3424 sibique
488 3352 683 3409 successerint.
709 3353 794 3409 Valde
822 3353 912 3409 miror
957 3349 1088 3420 jubente,
1110 3350 1246 3407 Clemens
1268 3355 1378 3407 secreto
1400 3351 1436 3407 ad
1459 3369 1527 3409 eum
1551 3355 1705 3425 perductus
1724 3362 1776 3428 est,

99 3444 166 3516 quod
181 3451 245 3501 tem
260 3444 391 3518 prudens
409 3445 548 3521 interpres
567 3451 595 3502 et
608 3447 868 3520 historiographus,
883 3453 912 3503 et
959 3443 1114 3516 ipsumque
1124 3443 1254 3515 indicem
1270 3444 1455 3502 rationalibus
1470 3448 1614 3520 responsis
1630 3451 1665 3506 ad
1680 3467 1777 3508 veram

100 3543 150 3594 tam
168 3540 278 3596 Graecis
294 3556 382 3612 quam
401 3541 507 3597 Latinis
524 3540 683 3597 admodum
701 3541 839 3611 eruditus,
853 3557 910 3597 non
959 3535 1048 3593 iidem
1080 3536 1227 3592 inllectere
1258 3542 1377 3594 conatus
1401 3543 1455 3595 est.
1482 3540 1609 3613 lienique
1640 3544 1778 3601 seditiosis

99 3633 320 3690 consideraverit
332 3634 410 3706 quod
424 3634 508 3690 ambo
519 3634 632 3692 lelieem
645 3651 760 3690 cursum
774 3634 911 3706 martyrio
960 3630 1212 3700 tumultuantibus,
1228 3631 1262 3687 ad
1277 3633 1398 3688 Nervam
1414 3634 1523 3705 pariter
1536 3641 1565 3690 et
1577 3636 1726 3707 Trajanam
1742 3640 1776 3694 de

101 3727 366 3796 consummaverint,
381 3744 435 3784 nec
448 3728 537 3801 aliqui
550 3728 778 3801 persecutionem
796 3728 825 3784 in
839 3727 910 3784 urbe
959 3723 1008 3779 illo
1036 3724 1139 3780 relatio
1167 3724 1253 3780 missa
1281 3730 1333 3780 est.
1358 3726 1497 3798 Traianus
1523 3744 1592 3784 vero
1620 3731 1777 3788 rescribens

101 3836 143 3890 pro
167 3822 285 3877 Christo
309 3837 400 3893 nsque
424 3822 459 3877 ad
484 3821 601 3878 tertium
625 3822 770 3879 decimum
792 3823 910 3879 Neronis
956 3817 1048 3889 jubet,
1067 3817 1090 3872 si
1109 3818 1243 3874 Clemens
1262 3818 1419 3875 sacrificare
1438 3821 1536 3890 nollet,
1554 3827 1634 3878 trans
1653 3826 1775 3882 Pontum

102 3929 211 3983 mnam,
234 3920 300 3987 post
321 3915 446 3972 simonis
463 3916 536 3989 llagi
556 3916 759 3989 precipitium,
780 3916 909 3990 perpessi
960 3911 1057 3981 maris,
1072 3911 1149 3984 quod
1161 3911 1266 3967 civitati
1279 3913 1408 3969 Cersouoe
1422 3914 1544 3986 adjacet,
1558 3917 1687 3973 exsilium
1702 3920 1777 3976 subi·

103 4008 210 4064 inerim.
230 4010 322 4065 Linus
342 4009 449 4082 quippe
471 4015 601 4082 tempore
621 4011 797 4082 Vespasiani,
816 4011 909 4068 Cletas
958 4011 1017 4074 ret3
1033 4010 1141 4061 tautam
1162 4006 1282 4078 gratiam
1304 4008 1445 4070 Dominus
1463 4010 1548 4065 beato
1565 4011 1703 4067 Clementi
1724 4015 1775 4070 tri·

103 4118 159 4159 roro
172 4103 376 4176 persecutione
391 4120 487 4175 passus
500 4110 543 4159 est
555 4104 717 4160 Domitiani.
958 4099 1022 4155 buit
1043 4105 1074 4156 ut
1091 4101 1198 4172 pagani
1218 4099 1306 4156 otiam
1324 4101 1462 4172 presides
1481 4120 1568 4175 super
1589 4105 1639 4161 illo
1662 4106 1775 4165 llerent.

129 4197 262 4255 Clemens
287 4198 432 4253 Romanus
456 4197 490 4253 de
514 4197 601 4255 Coelio
630 4201 737 4265 monte,
766 4214 798 4253 ex
827 4204 909 4270 patre
957 4193 1087 4249 lulianus
1107 4210 1212 4266 preses
1232 4193 1312 4249 illum
1335 4196 1391 4250 neo
1416 4196 1531 4267 plorans
1551 4202 1775 4271 commendavit,

105 4290 238 4361 laustino,
255 4290 331 4348 sedit
349 4291 432 4347 annis
450 4307 479 4358 x,
499 4291 645 4348 mensibus
667 4309 698 4360 ιι,
716 4291 818 4348 diebus
837 4309 866 4360 x,
882 4299 909 4347 et
958 4286 1041 4359 eique
1065 4303 1168 4343 navem
1194 4287 1327 4343 omnibus
1353 4290 1517 4346 necessariis
1541 4297 1673 4350 onustam
1697 4296 1775 4353 dele·

104 4385 145 4440 snb
162 4386 286 4458 Trajano
305 4385 336 4441 in
359 4401 438 4440 marc
456 4385 650 4458 precipitatus
669 4390 712 4441 est
731 4402 758 4441 ιι
779 4387 840 4442 llal.
856 4381 1043 4486 lle-Dgavit.
1067 4382 1146 4437 llutti
1168 4398 1235 4437 eum
1258 4382 1386 4453 religiosi
1409 4384 1461 4439 viri
1485 4385 1518 4440 de
1543 4386 1625 4458 plebe
1650 4395 1678 4444 et
1699 4391 1775 4448 clero

104 4479 224 4547 cembris,
251 4485 281 4534 et
307 4479 426 4534 cessavit
451 4478 631 4551 episcopatus
654 4480 754 4535 diebus
780 4496 834 4535 ιιι.
860 4480 909 4535 llic
960 4475 1046 4530 secuti
1061 4478 1137 4530 suut.
1154 4477 1183 4530 ln
1199 4475 1298 4531 exsilio
1317 4479 1380 4547 plus
1396 4493 1482 4549 quam
1501 4480 1557 4535 duo
1573 4482 1664 4536 millia
1679 4484 1774 4540 Chris·

104 4570 271 4644 disciplinam
290 4572 367 4639 beati
385 4573 460 4629 Petri
481 4572 603 4644 apostoli
623 4576 744 4641 secutus,
766 4575 910 4631 boaomm
959 4568 1102 4623 hunorum
1125 4569 1161 4624 ad
1186 4586 1329 4624 marmora
1355 4571 1475 4626 secanda
1501 4572 1649 4629 damnatos
1674 4576 1776 4632 beatus

103 4667 273 4723 ornamentis
293 4683 407 4723 moram
428 4667 581 4738 insigniter
599 4666 735 4740 pollebat,
753 4673 782 4723 et
802 4667 838 4723 ob
855 4668 910 4723 hoc
960 4679 1033 4734 pape
1049 4662 1170 4732 iuvenit3
1184 4679 1255 4735 qnos
1273 4679 1340 4719 cum
1357 4680 1409 4735 pro
1428 4665 1478 4720 liei
1494 4667 1611 4722 nomine
1631 4671 1775 4741 relegatos

101 4761 197 4818 iudeis
208 4767 240 4817 et
253 4761 408 4833 gentilibus
419 4763 448 4816 et
463 4761 594 4817 omnibns
605 4761 773 4819 Christianis
787 4762 910 4832 comple·

101 4857 181 4927 cebat,
196 4872 322 4930 quorum
337 4855 435 4927 inopes
448 4854 618 4912 nominatim
637 4855 756 4928 scriptos
775 4855 909 4923 habebat,

100 4965 142 5007 nec
165 4949 393 5007 sanctificatione
413 4949 590 5022 baptismatis
611 4950 766 5006 mandatos
789 4949 910 5022 publicas

98 5044 271 5102 mendicitati
290 5042 435 5115 subjectos
452 5059 513 5100 esse
530 5043 651 5100 sinebat.
672 5043 794 5099 Flauiam
811 5044 908 5100 Domi·

97 5139 162 5195 tiam
175 5138 330 5211 virginem,
341 5137 494 5197 Domitiani
505 5137 623 5194 Caesaris
636 5143 755 5211 neptem
767 5140 797 5193 et
805 5138 910 5195 Aurelii

95 5250 237 5305 sponsam,
256 5248 337 5288 sacro
357 5232 500 5289 velamine
519 5232 707 5302 consecrarit3
731 5237 761 5287 et
777 5232 909 5288 Theodo-

94 5344 164 5399 ram,
179 5326 300 5385 sisinnii
313 5325 426 5383 comitis
440 5326 604 5399 conjugem,
620 5326 650 5382 in
666 5326 812 5398 proposito
826 5328 908 5382 casti·

93 5423 155 5479 tatis
167 5420 363 5481 confirmavit.
379 5420 471 5486 Onam
485 5421 529 5475 ιίι
543 5437 610 5476 suae
627 5421 686 5476 zelo
700 5419 803 5476 ductus
819 5422 909 5477 eccle·

92 5519 163 5573 siam
183 5517 343 5574 intrantem
360 5517 470 5571 occulte
487 5521 653 5588 prosecutus
674 5519 730 5584 est;
745 5515 794 5571 sed
814 5531 831 5571 a
848 5515 909 5571 Cle-

90 5616 189 5668 mente
202 5612 281 5669 lacta
294 5610 433 5679 oratione,
448 5610 542 5666 statim
559 5625 649 5666 cacus
664 5612 693 5666 et
708 5609 813 5665 surdas
825 5608 909 5666 ellec-

959 4756 1148 4828 cognovisset,
1173 4756 1334 4825 exsultavit,
1358 4758 1456 4829 eisque
1481 4760 1624 4831 copiosam
1649 4762 1686 4818 de
1713 4781 1773 4821 ser·

959 4849 1052 4905 canda
1064 4850 1119 4906 ilde
1134 4855 1164 4905 et
1176 4849 1316 4922 patientia
1330 4851 1492 4908 doctrinam
1506 4856 1641 4926 erogarit.
1656 4858 1774 4931 Deinde,

960 4950 991 5001 at
1004 4945 1137 5017 cognovit
1154 4943 1231 5016 qnod
1247 4960 1351 5017 aquam
1367 4946 1495 5014 hameris
1509 4949 1567 5005 suis
1583 4959 1693 5008 ssexto
1709 4955 1774 5011 mil·

959 5039 1042 5095 llario
1061 5040 1255 5111 deportarent,
1273 5040 1426 5095 llominum
1447 5043 1537 5099 orarit
1555 5047 1584 5100 et
1598 5060 1703 5117 aquam
1722 5066 1775 5120 pa-

959 5122 1014 5190 tiit.
1030 5134 1178 5205 Compteta
1191 5150 1257 5190 vero
1273 5134 1413 5203 oratione,
1426 5151 1533 5207 agnum
1551 5143 1672 5196 staulam
1691 5159 1777 5215 super

960 5230 1088 5284 montem
1107 5228 1185 5296 vidit,
1205 5231 1235 5283 et
1256 5229 1350 5284 locum
1371 5246 1459 5302 quem
1479 5248 1571 5303 agnus
1589 5238 1683 5291 erecto
1704 5239 1775 5308 pede

960 5322 1061 5379 dextro
1077 5327 1292 5391 monstraverat,
1311 5323 1391 5379 brevi
1409 5326 1522 5381 sarculo
1543 5327 1641 5383 leviter
1660 5346 1774 5400 percus·

959 5417 1006 5486 sit,
1025 5421 1054 5472 ct
1071 5417 1181 5471 iontem
1202 5416 1385 5473 affluentibus
1404 5419 1482 5474 venis
1501 5426 1634 5477 ornatum
1653 5427 1775 5497 aperuit,

961 5510 1010 5582 qui
1029 5510 1122 5566 subito
1143 5509 1254 5582 impetu
1274 5527 1393 5567 vomens
1413 5512 1529 5569 lluvium
1550 5515 1625 5571 lecit.
1645 5519 1685 5575 Ad
1702 5520 1777 5577 hanc

959 5605 1070 5660 lamam
1084 5605 1220 5660 conflarit
1235 5605 1329 5661 omnis
1343 5606 1597 5681 provinciamque
1613 5610 1776 5673 doctrinam

90 5710 136 5763 tus
149 5710 202 5763 est.
215 5708 347 5778 Cumque
365 5704 438 5760 servi
458 5703 638 5779 ejosvotrem
656 5720 722 5760 eum
741 5703 912 5760 deecclesia
960 5699 1050 5759 sancti
1073 5699 1230 5756 Clementis
1251 5701 1376 5774 suscepit
1400 5701 1553 5760 multitudo
1575 5707 1713 5775 maxima;
1734 5709 1775 5767 ita
