3750 6046
155 216 208 271 aaa
503 200 506 205 ’
838 206 1001 267 unaarum
1021 211 1148 267 vuius
1776 212 1818 269 ru

152 337 374 405 dimicaverunt3
390 334 449 402 sed,
469 350 620 390 numerosa
633 334 758 389 hostium
776 334 879 389 virtute
893 350 964 406 prae-
976 345 1006 419 Α
1017 336 1046 389 in
1065 336 1144 391 brevi
1165 336 1341 407 aggregavit,
1357 338 1385 391 et
1399 331 1531 391 hostilem
1545 333 1723 407 provinciam
1743 334 1819 405 depo·

150 431 275 499 valente,
289 430 320 485 in
333 428 434 485 urbem
448 429 553 501 repulsi
574 435 649 484 sunt.
668 430 745 484 Tunc
767 428 854 485 etiam
867 430 963 483 hostes
1011 429 1140 504 palatum
1154 430 1304 485 festinavit.
1318 431 1430 499 Agmcn
1440 444 1557 501 quoque
1566 428 1695 484 bostium
1704 428 1822 483 cumite-

150 540 215 580 cum
235 524 344 580 eisdem
370 523 492 596 ingrcssi
512 525 587 589 sient,
612 522 688 594 quia,
711 538 809 578 eorum
832 521 964 577 violentia
1013 524 1051 580 lia
1064 523 1134 579 duce
1147 540 1209 591 suo,
1226 523 1324 579 statim
1336 528 1369 579 ut
1383 538 1483 595 regem
1501 523 1571 577 citra
1589 523 1698 579 iratum
1712 520 1816 577 venisse

50 686 53 693 Ι
151 617 278 686 coerciti,
302 616 461 688 municipes
482 621 576 688 portas
598 615 729 671 claudere
752 616 962 688 nequiverunt3
1012 618 1162 689 comperit,
1177 617 1284 689 absque
1298 616 1549 688 procrastinatione
1558 616 1684 688 fugiens,
1699 614 1823 671 invasam

90 726 94 735 ’
151 711 202 767 sed
222 728 275 784 per
291 710 394 766 urbem
416 710 569 782 fugientes,
592 708 639 764 vix
660 708 690 764 in
710 724 815 778 arcem,
836 709 963 781 aliasque
1014 711 1235 777 urben1‚multo
1257 710 1388 783 pejorem
1405 726 1491 781 quam
1513 709 1674 780 invenerat,
1695 708 1823 765 deseruit.

47 806 50 811 '
151 805 327 861 munitiones
350 804 470 860 introire
485 805 649 875 potuerunt.
665 803 745 859 Cives
762 802 839 858 enim
855 804 964 859 Heliam
1012 804 1169 860 ildebertus
1183 804 1308 875 pontifex
1326 802 1355 859 in
1370 802 1544 859 Narmaunia
1565 818 1665 875 regem
1682 801 1825 857 humiliter

151 899 274 955 multum
289 898 456 970 diligebant,
468 897 592 967 ideoque
604 896 785 953 dominatum
800 897 861 969 ejus
872 897 963 969 magis
1014 904 1223 970 aggressusest,
1232 898 1303 953 ctab
1312 894 1826 967 aautiamilian‘samicusbenigniter

151 1010 240 1066 quam
251 994 483 1048 Narmannorum
496 991 671 1047 annuunt.
687 991 843 1064 Municipes
856 996 963 1059 autem,
1013 997 1159 1063 susceptus
1173 996 1225 1047 cst.
1240 993 1302 1047 Nan
1322 991 1400 1046 eninr
1419 991 1545 1060 consilio,
1566 1006 1661 1062 neque
1676 989 1826 1061 praesentia

151 1087 201 1159 qui
213 1086 393 1143 munimenta
399 1086 475 1158 regis
483 1085 645 1155 servabant,
657 1084 789 1142 amnibus
797 1085 963 1141 necessariis
1013 1086 1056 1140 sui
1072 1084 1213 1157 praedictis
1226 1085 1486 1156 perturbationibus
1504 1084 1689 1140 interfuerat.

151 1181 275 1253 pleniter
295 1179 492 1251 abundabant,
512 1183 541 1235 et
563 1179 667 1235 idcirco
682 1179 819 1252 usquead
840 1183 963 1235 mortem
1049 1179 1201 1234 animosus
1213 1184 1307 1234 autem
1321 1195 1381 1248 rex,
1395 1177 1522 1234 hostium
1537 1177 1636 1233 audito
1646 1192 1772 1243 recessu,
1784 1192 1828 1249 pe·
1870 1158 1873 1227 i

151 1290 204 1346 pro
215 1273 327 1331 domini
340 1273 382 1329 sai
395 1273 529 1329 lidelitate
541 1273 666 1344 praeliari
675 1272 852 1344 satagebant.
866 1273 962 1342 Porro,
1015 1272 1151 1328 detentim
1171 1288 1220 1328 cos
1235 1274 1357 1326 sectatus
1375 1274 1427 1338 est,
1446 1274 1475 1326 et
1487 1270 1682 1326 cenomannis
1699 1286 1756 1325 nec
1777 1286 1829 1325 una

150 1368 269 1423 lieiiasa
283 1367 472 1440 gaudentibus
492 1367 609 1423 urbanis
629 1367 659 1421 in
680 1365 792 1422 civitate
816 1371 964 1439 susceptus
1014 1369 1096 1420 nocte
1121 1369 1187 1420 tunc
1208 1365 1345 1437 hospitari
1366 1365 1568 1437 dignatusest.
1588 1365 1697 1419 Verum
1714 1379 1827 1419 concre-

150 1468 207 1527 cst;
224 1461 274 1516 sed
289 1461 422 1517 omnibus
437 1461 493 1516 illis
506 1477 591 1531 grave
607 1460 810 1516 detrimentum
821 1461 888 1515 inde
901 1477 964 1531 pro·
1014 1463 1121 1514 nautam
1137 1459 1236 1513 urbem
1258 1458 1453 1529 pertransiens
1474 1458 1553 1525 vidit,
1572 1462 1600 1512 et
1618 1458 1696 1512 ultra
1714 1463 1828 1529 panteni

140 1555 228 1610 -tinus
243 1560 373 1611 exartum
389 1560 440 1609 est.
460 1554 621 1609 Gualterius
633 1555 721 1622 errim,
738 1554 866 1626 ansgerii
880 1554 963 1622 idias,
1014 1553 1148 1623 Egueniur
1163 1554 1192 1608 iu
1203 1552 1330 1625 epitimio
1342 1552 1467 1623 spatioso
1481 1552 1602 1607 tentoria
1617 1550 1670 1622 ligi
1686 1551 1828 1623 praecepit.

150 1653 244 1704 custos
268 1650 349 1719 arcis,
370 1649 456 1720 jussit
477 1647 574 1716 fabris,
604 1664 676 1719 quos
700 1664 797 1703 secum
827 1647 963 1716 habebat,
1014 1649 1042 1702 ln
1057 1646 1214 1701 crastinum
1229 1645 1348 1717 iujurias
1363 1662 1426 1701 suas
1440 1646 1518 1700 ferro
1533 1648 1562 1701 ct
1576 1644 1696 1699 flamma
1709 1645 1829 1715 graviter

150 1744 275 1815 operari,
298 1742 420 1798 scoriam
444 1758 559 1813 quoquc
585 1743 755 1798 candentem
781 1759 867 1814 super
893 1742 1089 1818 tectassultus
1109 1746 1161 1795 est.
1181 1741 1278 1809 Porro,
1302 1744 1458 1811 autequam
1479 1756 1527 1794 rex
1547 1738 1585 1794 ad
1608 1738 1721 1793 inimici
1741 1740 1829 1793 castra

151 1837 304 1893 domorum
321 1853 338 1890 a
353 1835 505 1892 balistariis
520 1835 676 1907 impetuose
687 1836 796 1907 jactari.
1014 1835 1144 1901 venisset,
1155 1834 1317 1904 eademque
1329 1833 1389 1905 igni
1399 1833 1509 1888 tradere
1522 1832 1671 1903 patuisset,
1688 1832 1752 1903 ipsa
1764 1832 1826 1886 boe-

186 1931 265 1986 lunc
277 1930 382 1986 rutilus
396 1930 476 1983 Titan
490 1928 625 1984 sublimes
638 1929 769 1986 Geminos
783 1929 962 2002 peragrabat,
1014 1928 1071 1983 tilis
1082 1944 1184 1983 mauras
1195 1926 1292 1983 amnia
1301 1926 1479 1994 incendebat,
1490 1942 1669 1998 amnemque
1681 1926 1827 1997 regionem

149 2026 178 2079 et
200 2023 312 2095 ingenti
332 2022 456 2078 siccitate
475 2023 601 2078 mundus
624 2022 731 2093 arebat,
756 2024 963 2095 llammeusquc
1013 2039 1094 2077 suam
1115 2023 1189 2077 ultro
1212 2021 1389 2090 denudabat3
1407 2036 1444 2076 nc
1465 2019 1599 2075 malevoli
1621 2020 1774 2091 predones
1793 2018 1827 2074 ad

150 2116 236 2174 turbo
265 2116 432 2172 imbricibus
457 2115 585 2172 aularum
609 2116 761 2173 insidebat.
788 2117 833 2173 Sic
860 2117 964 2173 nimius
1014 2116 1206 2187 diripiendum
1219 2114 1327 2187 aliquid
1343 2114 1515 2182 invenirent,
1531 2130 1584 2169 nec
1599 2113 1717 2170 domata
1732 2114 1780 2167 ubi
1793 2112 1828 2167 ad

151 2210 227 2281 ignis
247 2226 382 2266 accensus
404 2213 456 2278 ast,
475 2226 531 2281 quo
554 2209 676 2265 nimium
700 2212 881 2282 praevalente,
904 2215 965 2266 tota
1014 2210 1218 2280 capessendam
1242 2208 1367 2281 quietem
1388 2212 1473 2263 strata
1496 2208 1549 2264 sibi
1576 2212 1756 2279 coaptarent.
1784 2206 1827 2263 Sic

149 2303 246 2359 civitas
267 2304 415 2360 cumbusta
427 2306 479 2359 est.
502 2303 714 2359 clarembaldus
725 2305 761 2360 de
780 2304 902 2361 lusoriis
935 2307 964 2359 et
1013 2304 1140 2374 prolecto
1151 2303 1244 2359 Valles
1257 2308 1284 2358 et
1295 2302 1471 2358 Ostilliacum
1484 2305 1656 2374 consumpta
1671 2305 1750 2368 sunt,
1761 2301 1826 2355 alia-

153 2397 327 2465 Gualterius,
342 2397 448 2470 aliique
460 2397 598 2453 satellites
618 2398 799 2454 munimenta
812 2398 965 2469 diiigenter
1013 2414 1068 2469 que
1091 2397 1301 2469 quamplurima
1315 2396 1418 2469 oppida
1440 2400 1469 2451 et
1492 2414 1559 2451 rura
1573 2396 1691 2467 penitus
1705 2411 1828 2467 pessum·

148 2494 345 2547 servaverunt.
360 2490 453 2547 ileliae
468 2507 533 2546 vero
558 2495 587 2547 et
605 2491 648 2547 sui
662 2492 766 2548 frustra
778 2492 920 2547 machinis
935 2496 964 2547 et
1014 2490 1080 2547 data
1094 2497 1169 2547 siant.

149 2584 300 2641 assultibus
314 2585 393 2640 valde
413 2584 623 2655 laboraverunt,
640 2585 689 2641 scd
709 2589 810 2641 contra
824 2586 962 2659 inexpug·
1050 2585 1211 2641 liodbertus
1223 2585 1259 2642 de
1279 2584 1452 2653 ltouteiorti,
1472 2584 1606 2657 princeps
1626 2583 1748 2653 militiae,
1765 2600 1828 2641 cum

151 2679 260 2734 nabiles
285 2678 460 2735 munitiones
474 2678 544 2733 nibil
567 2680 786 2750 praevaluerunt.
804 2680 963 2735 Radbertus
1014 2680 1181 2752 quingentis
1204 2679 1342 2735 militibus
1364 2680 1481 2751 agmina
1494 2678 1649 2750 precessit,
1664 2678 1828 2735 incendium

147 2774 244 2828 auum
255 2773 441 2829 belesmensis
454 2773 607 2827 Buteonem
618 2772 749 2839 munivit,
761 2788 963 2845 cursoremque
1013 2772 1096 2829 castri
1110 2774 1144 2829 de
1158 2774 1283 2830 vallibus
1298 2772 1439 2842 exstinxit,
1451 2772 1701 2846 munitionemque
1711 2772 1747 2828 ad
1760 2788 1828 2845 opus

148 2883 231 2922 suum
246 2865 422 2937 amalgisum
438 2865 589 2921 contestim
614 2866 652 2921 ad
672 2882 768 2939 regem
790 2868 818 2923 in
831 2867 964 2939 angliam
1014 2868 1091 2940 regis
1103 2867 1291 2923 confirmavit.
1313 2870 1390 2922 Tunc
1409 2868 1500 2923 Helias
1514 2883 1580 2923 cum
1599 2866 1714 2938 ingenti
1727 2866 1828 2922 militia

149 2961 260 3016 direxit.
275 2963 362 3015 Porro
374 2960 432 3027 ille,
448 2960 522 3015 mari
538 2960 730 3029 transfretato,
753 2960 963 3017 Clarcndanam
1014 2969 1106 3021 castro
1131 2967 1224 3039 ligeri
1240 2966 1414 3034 morabatur,
1429 2981 1547 3037 seseque
1561 2966 1596 3022 ad
1619 2965 1744 3022 meliora
1757 2971 1827 3021 tem·

148 3048 237 3119 venit,
252 3049 313 3122 regi
333 3066 399 3105 cum
416 3048 606 3107 familiaribus
627 3050 685 3104 suis
699 3050 728 3104 in
743 3050 961 3105 Novum-Fores·
1013 3073 1084 3129 pora
1093 3072 1252 3125 reservans,
1267 3055 1374 3112 exitum
1389 3056 1431 3111 rei
1441 3054 1669 3127 praestolabatur.
1685 3054 1827 3126 Denique,

148 3148 205 3201 tam
232 3143 371 3215 equitanti
389 3142 521 3210 obviavit,
544 3146 573 3198 et
593 3143 723 3199 alacriter
743 3144 899 3216 inquirenti
919 3118 1135 3222 rectoriam,
1150 3167 1200 3206 rex
1222 3149 1358 3205 Maurum
1382 3149 1501 3217 obsedit,
1517 3154 1546 3205 et
1568 3149 1596 3204 in
1612 3147 1771 3203 crastinum
1783 3164 1827 3203 ex·

149 3254 255 3304 mores,
272 3236 437 3309 respondit:
454 3236 635 3294 Cenomrurna's
645 3253 696 3308 per
709 3239 889 3308 proditionem
903 3242 963 3298 sab·
1012 3261 1142 3318 pugnare
1148 3249 1271 3300 castrum
1284 3244 1422 3301 exercitui
1430 3243 1525 3316 jussit.
1537 3244 1681 3299 Ceterum
1692 3242 1826 3311 Sabbata,

145 3339 223 3403 repta
241 3337 291 3386 est.
315 3334 416 3387 Veram
437 3332 562 3386 domiuus
586 3346 658 3387 mnas
673 3333 816 3389 Balaomm
834 3337 960 3400 autumi,
1013 3339 1081 3394 dum
1096 3339 1249 3395 bellatores
1263 3338 1392 3395 certatim
1416 3341 1608 3408 armarentur,
1624 3340 1654 3394 et
1669 3354 1768 3394 acrem
1782 3354 1825 3392 as-

146 3431 172 3481 ct
195 3427 294 3496 rapidis
315 3426 426 3494 (nmilia
447 3440 534 3481 omues
553 3427 716 3481 mianitioars
738 3428 790 3481 sili
808 3432 962 3500 assignatas
1012 3433 1117 3488 saltum
1138 3432 1327 3489 castrensibus
1347 3433 1416 3489 dare
1435 3432 1616 3503 molirentur,
1633 3448 1683 3487 rex
1697 3431 1826 3488 consultu

146 3521 256 3575 urerer
272 3520 434 3583 obseruabat,
453 3520 640 3589 auxiliumque
655 3521 755 3590 regalis
766 3526 897 3592 potentia
915 3541 960 3580 ue·
1011 3527 1171 3598 sapientum
1194 3529 1250 3584 beo
1275 3528 1394 3599 gloriam
1420 3527 1506 3596 dedit,
1530 3531 1569 3597 et,
1591 3542 1645 3599 pro
1666 3524 1827 3583 reverentia

145 3614 278 3669 baneater
294 3614 440 3676 desiderat,
463 3615 492 3668 iu
510 3614 605 3670 hastile
621 3616 715 3678 robur,
728 3617 801 3685 quod
819 3632 862 3672 cas
876 3619 959 3673 uadi·
1010 3621 1165 3677 flaminicae
1180 3623 1334 3693 sepulturae
1348 3638 1380 3677 ac
1394 3620 1618 3689 resurrectionis,
1633 3620 1767 3677 hostibus
1777 3636 1824 3693 pe·

145 3724 198 3778 qae
209 3708 329 3763 includit
341 3712 367 3762 et
380 3710 532 3778 impugnet.
545 3707 593 3762 liis
606 3708 720 3777 auditis,
734 3725 783 3764 rcx
798 3710 869 3766 dixit
883 3729 890 3766 :
904 3714 957 3768 Eu·
1011 3714 1111 3787 percit,
1127 3715 1224 3787 eisque
1247 3715 1349 3771 trevias
1362 3732 1451 3787 usque
1472 3715 1501 3771 in
1522 3715 1598 3769 lunae
1619 3714 1697 3770 diem
1715 3716 1825 3772 anuuit.

144 3808 289 3857 mestruas
301 3818 376 3857 ruere
390 3808 495 3857 nostros
514 3801 668 3871 rrrljueare!
682 3801 786 3859 Eodem
801 3811 957 3874 momento,
1009 3810 1121 3864 interca
1130 3809 1184 3880 ipsi
1197 3814 1322 3864 castrum
1331 3809 1452 3864 interius
1462 3812 1521 3864 tota
1530 3808 1630 3864 adnisu
1644 3807 1825 3878 munierunt,

146 3895 311 3951 inconsullis
338 3895 488 3963 orrinibus,
517 3911 623 3966 equum
652 3895 771 3952 habenis
799 3900 957 3971 regyravit,
1011 3905 1040 3957 ct
1055 3904 1083 3958 in
1099 3903 1235 3957 assultum
1252 3904 1365 3975 virgeas
1380 3906 1471 3959 crates
1493 3902 1595 3958 ictibus
1615 3902 1770 3958 missilium
1783 3902 1822 3957 la·

145 3989 297 4059 ipsumque
311 3988 466 4043 calcaribus
480 4004 598 4059 urgens,
617 3989 651 4045 ad
672 3994 790 4061 pontum
805 3992 958 4063 festinavit,
1009 3996 1167 4069 pidumque
1180 4002 1385 4068 opposuerunt.
1400 3997 1575 4052 Erantenim
1585 3996 1639 4052 viri
1649 4000 1824 4067 constantes3

145 4084 174 4136 et
197 4082 225 4135 in
239 4082 392 4153 quamdam
416 4086 554 4136 vetustam
569 4082 675 4149 navim,
690 4099 776 4155 quam
792 4085 866 4141 torte
880 4086 957 4143 inve·
1010 4089 1186 4163 dominoque
1197 4107 1246 4145 suc
1255 4090 1363 4161 fideles,
1377 4090 1497 4162 ideoque
1510 4089 1697 4161 pertinaciter
1711 4106 1765 4162 pro
1778 4089 1825 4146 iilo

145 4176 197 4243 nil,
211 4176 272 4231 sine
286 4175 364 4247 regio
381 4181 530 4246 apparatu,
557 4176 634 4231 velut
649 4175 779 4248 plebeius
793 4179 918 4251 intravit,
932 4188 960 4240 et
1009 4184 1148 4255 usquead
1168 4190 1290 4239 martem
1305 4200 1457 4256 pugnaces,
1480 4189 1508 4240 et
1521 4184 1651 4255 exemplu
1667 4183 1826 4257 probabitis

143 4268 287 4341 remigare
298 4268 430 4340 protinus
443 4268 604 4339 imperarit.
621 4269 666 4326 Sic
679 4270 815 4327 nimirum
829 4290 882 4329 nec
894 4290 959 4330 con·
1009 4277 1155 4349 probitatis
1170 4277 1373 4349 predicabiles.
1386 4281 1515 4351 Cumque
1528 4278 1662 4335 forinseci
1683 4283 1827 4351 pugnata·

145 4367 298 4436 gruentcm
310 4361 424 4430 ilatum,
439 4378 490 4417 nec
505 4363 604 4430 socios,
623 4380 678 4419 nee
692 4363 757 4431 alia,
771 4382 836 4438 quse
849 4368 959 4440 regiam
1009 4387 1053 4427 res
1069 4371 1225 4427 admodum
1237 4371 1404 4427 insudarent
1418 4378 1448 4427 ut
1458 4371 1574 4444 ingenti
1585 4377 1664 4428 strue
1677 4372 1827 4445 lignorum

146 4457 319 4529 dignitatem
333 4456 484 4525 decebant,
500 4458 690 4528 cxsqiectavit3
705 4458 766 4527 sed,
788 4462 881 4516 omnis
896 4478 957 4518 me·
1009 4465 1170 4537 cingentem
1184 4466 1287 4520 iussam
1301 4465 1463 4538 implerent,
1477 4466 1607 4539 viamque
1621 4465 1675 4521 sibi
1689 4482 1783 4539 usque
1792 4466 1827 4521 ad

142 4558 189 4607 tus
204 4566 315 4622 expers,
330 4550 454 4606 fortunae
467 4554 496 4606 et
510 4550 614 4622 pelago
631 4568 691 4607 sese
706 4555 858 4624 eonrmisit,
870 4559 899 4611 et
913 4574 957 4612 se·
1010 4560 1104 4631 palum
1115 4558 1243 4630 pluribus
1256 4560 1488 4616 sustentamentis
1506 4576 1685 4632 magnopere
1698 4561 1825 4616 substra-

142 4646 243 4719 qaeuti
261 4645 322 4700 luce
345 4644 378 4699 ad
408 4648 520 4715 portum
539 4644 662 4713 Tolchm,
685 4648 742 4702 Deo
766 4647 848 4718 duce,
869 4652 959 4706 salvus
1009 4652 1045 4707 tis
1059 4651 1170 4723 publice
1185 4659 1387 4725 praepamrent,
1402 4653 1538 4726 oppidani
1549 4653 1649 4709 tlascas
1660 4652 1765 4725 prunis
1780 4671 1825 4710 ar·

142 4739 287 4812 applicuit.
304 4738 355 4808 lbi,
370 4741 402 4792 ut
417 4737 506 4792 moris
519 4741 563 4793 cst
575 4738 604 4793 iu
618 4742 728 4809 aestatc,
745 4742 840 4812 plures
854 4745 956 4799 utrius·
1009 4746 1141 4801 dentibus
1155 4748 1255 4817 plenas
1269 4746 1394 4819 desuper
1408 4747 1601 4815 dimittebant,
1617 4753 1647 4803 et
1659 4750 1824 4821 congestio-

145 4850 202 4906 que
216 4831 324 4888 ordinis
348 4830 487 4897 astabant,
505 4836 534 4886 et
547 4831 604 4886 visa
629 4838 688 4888 rate
703 4834 737 4890 de
757 4836 859 4908 anglia
874 4839 958 4893 velill—
1008 4856 1059 4895 nes
1069 4856 1250 4912 rerumquae
1260 4842 1343 4897 adsui
1352 4841 1491 4897 damnum
1499 4843 1689 4899 accumulatae
1699 4844 1824 4913 luerunt,

143 4934 235 4995 cante,
248 4930 282 4983 ut
294 4924 400 4998 aliquid
415 4923 482 4980 aovi
503 4923 672 4993 ediscerent,
689 4928 795 4984 alacres
810 4934 956 5003 exspecta·
1007 4934 1228 4990 adminiculante
1243 4935 1296 4990 sibi
1309 4936 1405 4992 aestivo
1417 4941 1559 5006 raunrato,
1574 4952 1694 5008 prorsus
1707 4954 1824 4993 cancre·

143 5022 224 5077 bant.
249 5023 279 5077 ln
306 5018 406 5091 primis
427 5018 540 5090 dercge
564 5020 782 5095 sciscitantibus,
791 5024 849 5096 ipse
866 5032 958 5082 certus
1007 5028 1134 5083 mabant.
1152 5029 1318 5100 liujusmodi
1338 5030 1471 5085 contlictu
1493 5029 1562 5085 teria
1585 5046 1606 5085 n
1622 5034 1725 5086 mutua
1740 5046 1825 5086 vexa-

143 5118 178 5171 de
193 5132 222 5170 se
235 5113 327 5170 adluit
342 5111 469 5168 nuntius.
482 5114 515 5168 Et
525 5114 592 5186 quia
604 5131 639 5170 ex
654 5115 798 5188 insperato
809 5120 958 5192 respondit
1006 5120 1122 5191 bantur,
1136 5128 1164 5178 et
1175 5123 1235 5177 hac
1244 5124 1344 5179 videns
1357 5140 1406 5180 rex
1421 5124 1508 5180 nimis
1522 5124 1707 5182 anxiabatur.

135 5209 238 5266 ridens
261 5205 520 5279 percunctantibus,
540 5208 693 5265 admiratio
708 5216 808 5266 exorta
830 5216 873 5269 est
890 5229 957 5269 mox
1043 5221 1138 5287 Porro,
1155 5219 1224 5275 dum
1238 5221 1278 5275 ira
1298 5224 1327 5275 ct
1341 5220 1438 5276 dolore
1459 5225 1651 5293 torqueretur,
1665 5223 1744 5295 quod
1763 5239 1823 5279 om·

144 5307 172 5359 et
197 5300 297 5358 laetitia
317 5297 457 5354 omnibus.
482 5300 601 5370 Deinde,
628 5303 775 5375 cujusdam
800 5307 956 5379 presbyteri
1007 5328 1058 5367 nes
1078 5312 1184 5369 ibidem
1207 5314 1414 5369 conatusillius
1435 5319 1623 5385 cassarentur,
1644 5314 1765 5389 quidam
1788 5317 1825 5373 ad

142 5400 333 5469 equarectus,
348 5408 412 5448 cum
426 5408 534 5465 magno
548 5401 621 5451 caetu
637 5398 803 5455 clericorum
829 5404 857 5457 ct
871 5402 955 5458 rusti·
1008 5404 1089 5461 illum
1109 5406 1144 5462 de
1167 5406 1282 5463 sublimi
1302 5410 1363 5463 zeta
1382 5408 1509 5481 lapidem
1531 5408 1663 5481 projecit,
1684 5414 1756 5467 nutu
1776 5410 1825 5467 liei

141 5504 251 5559 corum,
266 5487 316 5561 qui
330 5485 439 5559 pedites
454 5502 520 5542 eum
535 5504 600 5544 eum
614 5491 724 5564 ingenti
738 5493 840 5566 plausu
855 5495 957 5552 condu-
1007 5515 1066 5556 non
1086 5500 1178 5571 illum,
1198 5500 1247 5556 sed
1272 5501 1389 5557 astantis
1410 5502 1527 5559 atbletae
1544 5508 1633 5577 caput
1657 5502 1827 5560 immaniter

141 5584 253 5654 cebant,
267 5578 725 5658 sonamvillamexpeuu,suique
738 5588 890 5660 presentia
905 5590 958 5646 ini·
1007 5593 1157 5666 percussit,
1172 5600 1200 5649 et
1214 5611 1275 5650 ossa
1295 5594 1413 5651 cerebro
1434 5612 1492 5652 nan
1514 5600 1649 5670 parcente
1671 5598 1731 5655 ictu
1748 5614 1826 5655 cam·

140 5680 231 5737 mices
243 5678 274 5733 in
290 5674 409 5732 circuitu
428 5674 570 5736 Ncuslrire
588 5680 735 5737 saevientes
746 5681 829 5738 valde
843 5684 954 5742 terruit.
1006 5686 1132 5743 miscuit.
1148 5688 1410 5761 llloitaquecoram
1421 5704 1491 5763 rege
1502 5690 1826 5749 miserabiliteroaeum·

136 5772 273 5847 Tandem,
291 5774 406 5833 directis
416 5772 622 5853 legationibus,
635 5774 784 5849 ingentem
797 5776 955 5835 exercitum
1004 5779 1101 5851 bento,
1116 5780 1301 5839 subsannatio
1317 5781 1505 5840 custmnsium
1518 5784 1659 5843 mutinae
1682 5784 1761 5845 lama
1770 5790 1824 5863 set,
