3750 6046
47 224 120 286 ttae
550 229 723 291 EPlSTOLAE
743 232 786 292 ET
810 231 1012 290 eurvltectn.
1032 229 1233 288 -nu-uso.
1665 229 1733 284 raso

49 354 134 409 rabili
153 353 235 409 fratri
252 356 367 412 llruxruo
386 356 870 430 Trevireusiarcbiepiscopo,apo·
881 356 1129 445 Asuccessoribus
1162 353 1296 410 canonice
1328 351 1544 420 substituendis,
1577 353 1606 407 in
1631 367 1734 424 parpe-

31 448 158 526 'scotice
170 448 243 503 sedis
259 449 363 520 legato,
380 451 502 507 salntem
519 455 547 506 et
569 453 756 524 apostolicam
779 452 867 509 bene·
920 458 1013 509 tuum.

51 541 222 598 dictionem.
955 549 1074 612 Quanta
1101 543 1249 616 dignitatis
1270 548 1298 598 et
1325 542 1424 614 gloriae
1453 541 1586 596 Toletana
1611 540 1735 598 Ecclesia

86 635 183 692 Gravia
199 636 330 708 quaedam
347 641 376 692 ct
388 654 453 710 quae
467 655 522 694 nec
532 640 594 695 sine
611 640 805 696 admiratione
816 656 869 696 au·
920 642 974 697 fuit
984 657 1018 696 ex
1032 640 1160 712 antiquo,
1179 641 1277 693 ettam
1292 638 1320 692 iu
1338 636 1468 709 Hispanis
1483 652 1570 706 quam
1584 635 1613 689 in
1624 634 1735 691 Gallicis

49 729 153 798 dimus,
167 746 219 784 nec
232 731 292 786 sine
313 734 417 786 mentis
433 733 522 788 nimio
540 733 639 788 dolore
655 735 807 790 referimus
831 734 869 789 de
920 735 1085 806 regionibus
1099 749 1185 805 qnam
1208 732 1315 786 famosa
1336 730 1486 799 exstiterit,
1503 745 1588 800 quam
1611 729 1735 795 illustris,

51 824 205 878 venerabili
223 824 310 879 fratrc
329 831 437 881 nostro.
463 829 509 883 hr.
532 828 699 899 Magantino
726 828 867 900 archiepi·
920 832 989 901 quot
1002 829 1086 882 etiam
1102 843 1154 898 per
1167 842 1230 880 enm
1243 823 1441 880 ecclesiasticis
1452 823 1576 894 negotiis
1589 821 1734 888 utilitates,

51 933 136 988 scopo
157 917 193 972 ad
217 923 345 974 nostram
369 919 547 976 audientiam
574 927 781 991 pervenerunt,
805 938 869 993 qnae
920 929 948 976 et
978 922 1150 976 incrementa
1179 918 1359 990 pervenerint
1384 934 1390 971 :
1419 917 1551 972 omnihus
1577 915 1625 987 qui
1651 931 1735 986 syno-

53 1012 190 1082 raquisita
213 1018 241 1066 et
263 1013 417 1068 incorrecta
441 1029 492 1068 nec
520 1015 682 1085 apostolica.
706 1015 789 1083 sedis,
813 1016 868 1082 cui,
922 1015 1027 1069 delium
1054 1013 1233 1069 decretorum
1257 1012 1384 1066 instituta
1409 1010 1654 1065 scrutantursatis
1676 1024 1736 1063 esse

55 1105 114 1158 lleo
130 1108 255 1172 auctore,
271 1107 459 1176 presidemus
472 1108 638 1176 auctoritas,
653 1108 868 1181 necaequitatis,
919 1109 1061 1162 credimus
1090 1107 1282 1162 manifestum.
1313 1106 1367 1161 Sed
1392 1121 1427 1159 ex
1447 1120 1514 1177 qno,
1541 1103 1662 1174 peccatis
1688 1119 1736 1174 po-

54 1202 84 1251 ot
94 1198 212 1268 justitiae
225 1200 305 1270 vigor
325 1201 489 1272 relinquere
511 1218 561 1255 nos
583 1202 732 1273 permittit.
748 1202 868 1257 Venien·
921 1201 981 1273 puli
1010 1200 1200 1272 exigentibus,
1229 1200 1362 1255 Toletana
1389 1198 1495 1263 civitas,
1523 1214 1587 1268 quae
1614 1196 1735 1268 insignis

54 1296 98 1346 tes
114 1291 254 1364 siquidem
278 1293 313 1347 ad
335 1300 462 1349 nostram
486 1296 665 1366 presentiam
682 1298 711 1352 L.
739 1298 802 1350 tlcr.
825 1296 867 1350 Ul.
919 1296 1077 1366 quondam,
1094 1298 1122 1349 et
1143 1295 1219 1349 inter
1238 1293 1438 1365 Hispaniarum
1462 1292 1544 1347 urbes
1568 1291 1667 1363 magni
1682 1307 1735 1346 no-

55 1390 86 1440 et
104 1384 134 1440 B.
152 1388 281 1441 canonici
306 1388 431 1443 ecclesiae
455 1391 548 1445 Sancti
570 1389 681 1445 ldartini
702 1389 737 1444 de
757 1389 869 1444 civitate
921 1389 1008 1443 minis
1023 1389 1193 1455 habebatur,
1210 1388 1419 1443 Saracenorum
1434 1387 1660 1457 violentiacapta
1673 1389 1735 1441 est:

54 1480 869 1554 ldaguntina,eumpraebendamipsoruminbeuefrcium
919 1483 959 1538 ita
984 1482 1023 1536 ibi
1048 1482 1215 1539 Christianae
1240 1481 1386 1552 religionis
1409 1482 1527 1536 libertas
1551 1480 1586 1535 ad
1612 1481 1735 1535 nihilum
1785 1500 1788 1505 ·
1854 1470 1860 1479 ’

54 1573 132 1627 laicis
155 1574 221 1644 ipsis
246 1576 435 1630 retinentibus
461 1577 603 1645 tribuisse,
628 1582 657 1632 et
681 1594 793 1645 aurum,
822 1593 868 1631 ar·
920 1583 962 1632 est
984 1577 1107 1643 redacta,
1124 1577 1200 1647 qrrod
1219 1591 1271 1646 per
1297 1575 1387 1629 multa
1406 1574 1544 1629 curricula
1561 1579 1736 1645 temporum,
1824 1562 1828 1567 ¹
1862 1576 1864 1581 '

54 1670 173 1737 gentum
188 1672 216 1721 et
228 1668 281 1721 alia
296 1674 466 1724 ornamenta
478 1670 604 1725 ecclesia
623 1671 781 1726 inconsulto
795 1671 869 1725 clero
921 1671 1000 1725 nulla
1027 1669 1084 1723 illic
1116 1668 1304 1740 perhibeatur
1327 1668 1477 1738 pastoralis
1503 1668 1587 1721 officii
1613 1667 1738 1739 dignitas

55 1776 89 1814 ac
116 1760 221 1831 populo
249 1762 424 1829 distraxisse,
446 1780 478 1818 ac
505 1770 569 1834 post
594 1765 815 1836 appellationem
837 1763 1055 1837 adssviguisse.
1072 1765 1172 1818 Postea
1190 1778 1267 1826 vero,
1282 1761 1355 1816 sieut
1375 1761 1478 1815 divinae
1493 1761 1579 1815 voluit
1594 1761 1736 1815 miseratio

53 1869 108 1908 nos
122 1853 236 1920 factam,
254 1856 343 1910 multa
367 1855 502 1911 debonis
523 1856 581 1912 suis
595 1858 635 1912 eis
655 1857 804 1912 abstulisse
824 1857 867 1912 di·
920 1857 1086 1928 majestatis,
1104 1855 1199 1911 studio
1224 1855 1340 1909 illustris
1362 1858 1391 1908 et
1413 1854 1560 1925 magnifici
1581 1854 1634 1907 viri
1656 1853 1732 1925 regis
1777 1876 1780 1883 ·

56 1954 169 2017 xerunt,
182 1949 346 2018 adjicientes
358 1949 444 2004 etiam
454 1951 717 2007 eumdemfretrem
728 1954 868 2020 nostrum,
920 1951 1066 2018 lldefonsi,
1093 1956 1120 2005 et
1146 1950 1242 2004 labore
1269 1948 1422 2005 Christiani
1447 1948 1564 2019 populi,
1591 1948 1737 2003 Saracenis

56 2043 453 2113 convocatasyuodo,feeissc
475 2044 587 2115 publice
605 2045 871 2117 interdici,nequis·
920 2045 1057 2116 explosis,
1090 2043 1317 2099 Christianourm
1345 2042 1406 2113 juri
1431 2042 1547 2112 praefata
1574 2045 1616 2096 est
1639 2041 1737 2096 civitas

56 2135 190 2206 quemad
205 2137 367 2207 apostolico,
381 2137 457 2191 sedis
466 2137 607 2209 judicium
622 2144 809 2209 praesumeret
822 2155 869 2210 ap·
920 2138 1060 2193 restituta.
1075 2137 1146 2201 Quia
1161 2152 1227 2191 varo
1241 2136 1362 2206 dignum
1386 2138 1445 2190 erat
1465 2141 1493 2189 et
1511 2139 1737 2190 consentaneum

56 2229 171 2300 pellace.
199 2230 266 2293 Quae
292 2230 409 2301 quidem
435 2231 458 2284 si
485 2231 514 2285 in
541 2232 660 2286 veritate
696 2232 868 2302 subsistunt,
921 2231 1013 2286 modis
1028 2231 1161 2285 omiiibus
1174 2230 1286 2297 rationi,
1303 2233 1336 2283 ut
1354 2232 1506 2301 postquam
1521 2229 1623 2284 eadem
1640 2229 1737 2283 civitas

56 2328 137 2377 tauto
153 2322 276 2393 amplius
290 2340 342 2378 nos
357 2325 536 2392 contristant,
555 2331 663 2396 quanto
679 2325 773 2380 minus
788 2326 823 2380 ab
837 2341 870 2381 eo
921 2325 950 2379 in
964 2324 1097 2379 amissam
1113 2323 1273 2394 respirabat
1294 2323 1467 2389 libertatem,
1482 2323 1554 2394 ipsa,
1569 2328 1598 2377 ot
1617 2321 1737 2376 ccclesia

56 2416 113 2471 tale
133 2416 239 2487 aliquid
262 2416 450 2472 credebamus
473 2419 623 2473 adversum
649 2436 710 2486 nos,
733 2424 761 2473 et
778 2435 870 2473 sacro·
922 2419 949 2473 in
966 2423 1071 2472 statum
1086 2417 1271 2472 reduceretur
1294 2415 1422 2488 pristina
1442 2416 1607 2486 dignitatis:
1632 2417 1739 2486 praede-

56 2513 184 2564 sauctam
211 2510 367 2565 Romanam
392 2512 542 2567 Ecclesiam
558 2512 700 2567 attentari.
724 2513 870 2584 Quaprop-
922 2511 1307 2581 cessornosterdivae[0m·.,
1324 2510 1413 2564 beatre
1438 2510 1587 2565 memoriae
1610 2509 1738 2564 Urbanus

56 2606 101 2658 ter
127 2606 157 2657 ut
180 2621 244 2676 quae
267 2605 340 2659 dicta
357 2606 466 2659 suntin
488 2607 579 2661 lucem
603 2606 715 2661 valeant
736 2606 871 2661 devenire
922 2622 1008 2677 papa,
1030 2606 1111 2677 quus
1134 2604 1313 2676 temporibus
1332 2620 1348 2658 a
1371 2604 1577 2660 Saracenorum
1608 2603 1739 2658 manibus

55 2704 216 2769 pernostra
231 2699 255 2752 ei
270 2699 371 2770 scripta
399 2699 599 2754 mendavimus
617 2703 658 2766 ut,
672 2700 717 2754 rel
740 2700 776 2755 ad
799 2716 871 2772 prne·
922 2699 1020 2755 eivitas
1046 2707 1089 2755 est
1114 2705 1223 2770 erepta,
1245 2701 1277 2752 ut
1299 2698 1338 2752 ibi
1360 2699 1442 2753 sedes
1466 2701 1541 2752 esset
1566 2697 1734 2769 pontificalis

56 2791 177 2845 sentiam
192 2797 269 2846 tuam
286 2792 411 2860 accedat,
428 2799 611 2848 excusaturus
626 2793 648 2847 si
664 2795 769 2866 poterit
788 2794 871 2849 iuno-
923 2793 1058 2859 instituit,
1082 2799 1110 2847 et
1132 2792 1160 2846 in
1184 2792 1319 2863 praedicta
1339 2792 1466 2859 ecclesie,
1484 2791 1556 2846 sicut
1579 2791 1738 2863 antiquitus
1836 2792 1842 2805 '

57 2886 180 2940 centiam
195 2902 287 2954 suani,
302 2893 330 2942 et
344 2886 523 2942 exhibiturus
538 2887 594 2941 illis
609 2887 661 2942 sub
676 2891 724 2942 tuo
742 2889 872 2943 examine
922 2888 1025 2956 fuerat,
1049 2887 1200 2959 praesulem
1217 2886 1369 2941 ordinavit.
1388 2887 1442 2939 h'os
1464 2902 1543 2956 ergo,
1557 2886 1604 2957 qui
1628 2886 1653 2939 ei
1672 2886 1740 2940 licet

54 2977 172 3049 justitiae
187 2979 873 3051 complementum,velproximafestivitatcheati
922 2982 1033 3053 indigui
1059 2971 1255 3048 successimus,
1272 2981 1320 3051 jus
1340 2979 1428 3051 ipsius
1452 2979 1578 3034 ecclesias
1607 2979 1637 3033 iu
1659 2979 1738 3033 nullo

58 3072 140 3126 Lucre
154 3078 250 3127 nostro
264 3089 292 3126 sc
307 3073 475 3145 conspectui
494 3079 691 3145 repraesentet,
708 3075 759 3129 snb
775 3082 872 3130 nostro
924 3076 1079 3142 minorare,
1103 3074 1153 3130 sed
1182 3074 1277 3145 potius
1300 3078 1487 3145 augmentare
1510 3073 1646 3142 volentes,
1668 3074 1740 3143 ejus·

59 3165 95 3220 de
110 3165 154 3219 bis
168 3167 300 3220 omnihus
321 3167 429 3236 judicio
451 3184 647 3239 responsurus.
670 3170 807 3234 Quocirca
824 3145 911 3240 perC
924 3170 989 3223 dem
1009 3168 1087 3222 urbis
1109 3174 1223 3236 emtum,
1237 3170 1375 3238 quantum
1399 3167 1435 3221 ad
1460 3172 1568 3221 nostras
1589 3171 1632 3220 est
1653 3166 1740 3221 facul·

59 3259 214 3330 apostolica
227 3261 332 3332 scripta
346 3262 517 3317 fraternitati
533 3267 589 3316 tuae
602 3262 784 3332 mandamus,
802 3279 871 3334 qna·
922 3266 1003 3328 tates,
1028 3261 1057 3315 in
1086 3261 1280 3316 ecclesiastice
1307 3260 1456 3332 dignitatis
1484 3259 1573 3330 gloria
1598 3258 1736 3327 stabilire,

58 3357 212 3408 tenuatam
227 3355 376 3424 praedictos
391 3355 543 3412 canonicos
567 3360 595 3410 et
614 3356 683 3411 alios
705 3356 754 3427 qui
777 3357 874 3411 adver·
922 3355 1071 3425 adjuvante
1085 3354 1213 3423 Domino,
1233 3358 1434 3425 praeoptamus.
1457 3353 1666 3407 confirmamus
1691 3353 1742 3406 ita-

59 3465 106 3501 sus
119 3448 273 3502 antefatum
294 3449 412 3503 fratrem
436 3454 569 3505 nostrum
585 3450 614 3504 in
631 3450 685 3505 hac
700 3467 785 3505 carisa
799 3455 873 3506 stare
924 3465 979 3520 quc
993 3451 1051 3502 tam
1066 3447 1209 3519 tibiquam
1220 3446 1494 3501 tuissuccessoribus
1509 3445 1537 3499 in
1552 3448 1736 3516 perpetuum,

59 3542 211 3607 actitarint,
223 3543 448 3613 quemcumdem
461 3545 873 3599 fratremnostrumantetuam
924 3549 952 3598 et
966 3558 1017 3615 per
1029 3557 1080 3596 vos
1095 3540 1219 3595 ecclesiae
1237 3541 1389 3602 'toletanae
1405 3541 1641 3610 Complutensem
1655 3556 1738 3610 paro-

59 3635 238 3706 praesentiam
263 3651 379 3703 evoces,
406 3641 435 3692 et
459 3637 663 3692 canonicorum
690 3636 875 3708 impetitioui·
905 3638 908 3643 '
924 3635 1016 3691 chiam
1030 3643 1096 3689 cum
1112 3634 1170 3688 suis
1184 3632 1328 3702 terminis,
1345 3639 1373 3686 et
1392 3638 1494 3687 caetera
1509 3649 1574 3703 quae
1587 3632 1671 3687 hodie
1685 3633 1739 3687 To·

59 3728 130 3797 bns;
157 3728 232 3781 illius
259 3745 326 3784 vero
354 3730 570 3786 defensionibus
598 3731 751 3803 diligenter
771 3731 874 3786 auditis
923 3730 1020 3784 letaua
1043 3726 1160 3783 ecclesia
1184 3729 1262 3798 juste
1284 3733 1313 3782 et
1338 3726 1473 3781 canonice
1502 3726 1637 3798 possidet.
1653 3726 1741 3798 lgitur

61 3826 89 3877 et
116 3822 242 3893 plenarie
271 3824 399 3894 cognitis,
433 3830 460 3880 et
488 3825 599 3880 restitui
627 3825 667 3880 eis
692 3825 875 3897 praebendam
925 3829 985 3878 tum
997 3840 1048 3895 pro
1062 3822 1149 3893 digua
1162 3822 1303 3877 toletanae
1316 3821 1442 3876 ecclesiae
1456 3821 1626 3890 reverentia,
1639 3824 1741 3877 tumet

61 3933 141 3970 suam
158 3934 221 3988 quac
237 3920 301 3988 post
319 3918 540 3989 appellationem
565 3919 657 3974 ablata
679 3921 721 3974 est
736 3919 831 3987 facias,
847 3925 876 3974 et
924 3940 976 3995 pro
992 3921 1221 3978 reverendissimi
1241 3922 1290 3976 ulii
1307 3922 1394 3976 nostri
1419 3919 1650 3992 prestantissimi
1666 3921 1741 3992 regis

62 4010 202 4082 quidquid
216 4010 283 4065 iude
299 4011 425 4067 veritatis
438 4012 582 4067 inveneris
597 4029 648 4084 per
662 4013 765 4085 scripta
782 4018 830 4068 tua
848 4017 875 4069 et
925 4017 1061 4072 ildefonsi
1077 4016 1327 4088 postulationibus,
1342 4016 1423 4087 cujus
1437 4014 1573 4071 nimirum
1588 4015 1692 4069 virtute
1709 4031 1741 4071 ac

62 4105 178 4159 eosdem
200 4106 352 4160 canonicos
374 4105 454 4161 nobis
474 4123 532 4161 non
556 4106 668 4161 desinas
688 4107 829 4176 nuntiare,
845 4112 876 4163 ut
924 4110 1576 4182 prudentiasuffraganeoesedesinlibertatem
1588 4109 1740 4181 pristinam

62 4214 114 4253 nos
129 4200 272 4278 recognita
289 4199 382 4254 taliter
394 4200 469 4272 quod
488 4200 599 4272 justum
625 4199 690 4256 iude
709 4201 795 4255 fuerit
817 4204 873 4256 sta-
925 4207 1047 4261 redactae
1062 4210 1148 4260 sunt:
1174 4210 1211 4273 te,
1230 4204 1404 4259 venerahilis
1420 4205 1517 4271 frater,
1528 4204 1612 4275 juxta
1631 4204 1739 4274 prade-

63 4296 186 4360 tuamus,
201 4298 242 4361 nt,
259 4293 487 4362 sicutnolumus,
502 4294 676 4366 reprehendi
695 4294 873 4364 austeritatis,
925 4315 1067 4354 cessorum
1089 4301 1254 4354 nostrornm
1276 4302 1382 4353 sauctae
1406 4297 1553 4352 meinoriae
1574 4297 1680 4352 Urbani
1706 4298 1740 4365 ll,
1843 4301 1848 4307 '

63 4385 103 4439 ita
116 4401 167 4439 nec
183 4386 356 4442 remissionis
370 4391 420 4442 aut
436 4388 553 4444 desidia
569 4387 700 4444 intentis
716 4388 875 4443 excessibus
926 4393 1077 4460 Paschalis,
1088 4392 1199 4457 calixti,
1212 4393 1343 4464 Eugenii,
1360 4395 1557 4448 Ronlanorum
1577 4390 1742 4462 pontificum

63 4478 144 4548 argui
176 4479 330 4535 valeamus.
360 4483 500 4538 Praeterea
534 4484 669 4555 quoniam
700 4483 1742 4586 supradictusDinstitute,intotisHispaniarumregnisprimatemfure

63 4573 128 4628 ller.
159 4587 175 4625 a
202 4573 372 4643 quibusdam
404 4577 577 4644 hominibus,
599 4577 706 4632 scilicet
735 4577 777 4632 Ul.
805 4576 876 4633 Rod.
929 4579 1077 4652 presentis
1105 4578 1246 4650 privilegii
1279 4580 1446 4633 auctoritate
1479 4577 1630 4632 sancimus.
1666 4576 1744 4631 Sicut

63 4665 131 4721 Fed.
148 4667 240 4720 Edelr.
255 4672 282 4721 et
297 4668 358 4723 lter.
376 4671 466 4725 multa
479 4671 513 4724 de
535 4670 621 4725 rebus
639 4672 696 4726 suis
711 4670 764 4726 sibi
782 4670 877 4742 queri·
929 4673 1057 4745 eJ'usdem
1079 4672 1157 4728 urbis
1181 4672 1339 4744 antiquitus
1355 4676 1467 4727 constat
1489 4671 1628 4727 exstitisse
1650 4671 1742 4742 ponti·

62 4765 111 4814 tur
133 4760 250 4830 injuste,
272 4766 300 4815 ct
323 4761 462 4817 violenter
484 4765 590 4834 ablata,
616 4765 804 4820 nihilominus
827 4764 878 4819 tibi
928 4768 1005 4823 tices.

63 4854 232 4909 mandamus
246 4856 351 4910 utillos
367 4857 420 4911 nisi
435 4858 532 4929 inique
546 4859 637 4913 ablata
652 4859 676 4913 ei
693 4857 877 4927 reddiderint,
964 4862 1050 4917 Pallio
1064 4879 1130 4917 sane
1152 4863 1180 4917 iu
1205 4861 1358 4916 missarum
1381 4861 1559 4915 solummodo
1581 4859 1744 4915 celebratio·

63 4950 366 5006 excommunicationis
382 4951 491 5008 ultione
505 4952 651 5024 percellas.
928 4957 1015 5012 nibus
1030 4956 1069 5010 uti
1090 4955 1218 5023 debebis,
1235 4955 1392 5028 praecipue,
1414 4972 1477 5027 quie
1493 4954 1658 5026 subscriptae
1679 4960 1745 5008 sum

99 5045 199 5099 llatum
215 5045 378 5114 beneventi,
394 5063 428 5101 xv
441 5047 501 5102 liat.
517 5046 615 5101 llartii.
930 5050 1118 5106 festivitatum
1132 5049 1328 5122 temporibus:
1347 5048 1438 5104 tribus
1451 5048 1550 5103 diebus
1565 5047 1695 5103 videlicet
1715 5048 1744 5102 in

409 5186 528 5242 [ΗΜ
929 5146 1026 5201 ttatale
1041 5144 1163 5211 Domini,
1186 5144 1214 5198 in
1235 5142 1406 5215 Epiphania,
1430 5144 1622 5214 llypopantou
1643 5141 1744 5214 [hypa-

63 5302 163 5357 Jnanm·
178 5303 376 5372 archiepiscopo
393 5304 521 5359 Toletano
539 5306 687 5373 pamm-am
704 5303 877 5375 commm-
929 5237 1038 5311 nantel,
1050 5240 1134 5294 Coena
1149 5237 1271 5306 Domini,
1286 5237 1408 5292 Sabbata
1423 5239 1530 5303 saucto,
1546 5235 1747 5292 tribusdiebus

237 5387 242 5397 .
318 5389 323 5398 .
399 5388 404 5398 .
600 5387 614 5399 ,,
797 5390 801 5400 ,
928 5333 957 5387 in
982 5332 1098 5397 Pascha,
1126 5332 1155 5386 in
1177 5331 1363 5399 Ascansione,
1389 5331 1564 5398 Pentecoste,
1587 5330 1677 5386 tribus
1699 5349 1746 5387 so-

126 5400 190 5447 m
206 5386 703 5560 Ηιεῖἀῃέἶὲἵΐθῖἕᾝζζηΐθῒαω
715 5393 823 5442 ‘mm'
936 5424 1139 5482 lemnitatibus
1153 5425 1263 5480 Sanctae
1273 5424 1376 5491 ldariae,
1388 5424 1479 5480 Sancti
1489 5441 1603 5497 quoque
1613 5426 1753 5482 Michaelis

483 5531 490 5556 ,
566 5531 572 5543 .
626 5531 632 5544 .

929 5527 958 5577 ct
971 5522 1000 5578 S.
1012 5520 1130 5576 loannis
1145 5519 1288 5592 baptista,
1303 5517 1333 5573 in
1348 5519 1482 5574 omuibus
1493 5519 1626 5576 natalitiis
1636 5528 1751 5594 aposto-

271 5590 376 5664 fMtNSb
391 5591 503 5661 &mhi
518 5591 582 5661 ma
598 5592 670 5666 ⁸¹⁶l
926 5599 1032 5685 lorum,
1058 5618 1208 5670 eteorum
1230 5618 1388 5686 martyrum
1415 5630 1541 5687 quorum
1567 5615 1696 5689 reliquiae
1720 5618 1749 5673 iu

101 5710 242 5764 Annianus
256 5709 414 5780 episcopus,
430 5725 528 5764 servus
549 5725 694 5765 servorum
718 5710 777 5780 ilci,
792 5728 876 5768 vene·
926 5716 1019 5767 vestra
1035 5708 1152 5764 ecclesia
1176 5709 1380 5780 requiescunt:
1403 5708 1430 5764 S.
1444 5724 1559 5780 quoque
1586 5710 1697 5764 llartiui
1720 5720 1749 5764 et

67 5801 150 5860 rabili
169 5801 249 5858 fratri
263 5803 362 5858 tonum
373 5803 508 5859 Toletano
521 5804 746 5879 archiepiscopo,
760 5806 877 5880 ejusque
927 5804 1062 5863 ildefonsi
1074 5805 1280 5868 confessorum,
1292 5807 1320 5858 et
1333 5801 1465 5858 omnium
1477 5803 1767 5856 commeraasax‘xaaa

227 5898 366 5967 Parnoi.
393 5899 603 5969 utxxxvut.
1413 5929 1416 5933 ·
1610 5894 1656 5948 tus
