3750 6046
54 184 124 255 Μ*
609 200 612 205 ·
671 194 674 199 ·
728 173 871 239 uramur.
888 208 921 225 -
940 176 1013 237 cru:
1027 176 1110 237 ιιι-,ι’
1659 176 1739 239 5422,

53 308 143 383 nitate
168 306 285 379 propria
304 305 489 377 gubernaret,
514 310 542 361 at
556 321 656 361 aarum
679 320 779 365 cauma
792 305 827 361 ad
842 320 873 361 se
882 320 946 393 Α.
1126 352 1130 359 ,
1205 304 1400 362 CAPITULUit
1419 304 1454 362 ll.
1530 304 1534 309 '

56 401 181 473 perlatas
197 416 290 472 perse
304 399 450 455 diffiniret.
462 399 572 455 Scimus
586 398 672 453 etiam
684 399 758 471 quod
772 415 871 454 omues
920 422 999 489 0,,οα
1012 422 1072 477 3503,
1092 436 1149 477 mn
1162 422 1215 477 soh.
1226 422 1316 484 pem,
1332 420 1381 478 sed
1394 424 1476 478 mam
1496 422 1598 477 cmm
1610 423 1738 493 apostolis

56 495 181 567 episcopi
209 493 446 557 Chalcedonensis
467 492 581 548 concilii
606 509 729 549 cruorem
753 491 870 547 ducenti
956 502 1072 556 mas„
1090 506 1208 571 Pomm
1225 502 1335 570 ,mm
1354 509 1381 556 e,
1401 502 1580 569 solvendam
1600 502 1662 557 ,Μ
1682 510 1738 557 mm

54 587 174 660 triginta
192 587 369 659 scripserunt
393 585 479 641 teoni
494 602 585 657 papan,
610 590 744 656 rogantes
760 590 791 641 ut
802 586 872 641 itar-
956 583 1135 653 armoraciam
1148 586 1266 644 Petrum,
1279 583 1326 639 scd
1339 585 1421 639 etium
1431 600 1512 653 snper
1523 584 1591 638 otus
1601 584 1737 653 apostotos

56 683 134 737 hano
157 685 186 735 et
207 680 402 735 Valentiniano
436 679 655 751 imperatoribus
684 678 870 746 satisfaciens,
920 716 923 723 ·
954 662 1266 754 Siirfqueissffldm'ii
1279 666 1369 755 “imi'‘
1382 664 1641 734 itt't'ttti'lm‘ltt1³²⁸?i
1653 668 1733 723 ⁰³1⁶?

55 773 381 846 constantinopolitam
394 774 518 829 ecciesiae.
531 790 589 844 prae
604 774 713 829 caeteris
727 776 872 844 metropo·
956 758 996 796 Μ
1009 743 1132 798 “mum
1150 747 1188 797 ‘⁸‘
1199 744 1381 799 mmmm·

52 869 152 933 ,titanis
164 869 219 925 hoc
246 869 405 940 praestaret,
419 872 559 940 quotanus
578 865 675 923 liceret
695 867 722 923 ei
735 866 871 925 ordinare
956 866 1353 937 rtnseimnsilaveibergcnsis
1369 866 1518 939 episcopus
1537 865 1609 920 dixit
1624 882 1633 920 ι
1648 888 1662 917 s
1682 868 1736 923 ns-

56 961 291 1034 naetmpolitauos
320 961 532 1032 provinciarum
554 960 635 1029 tisioe,
662 964 693 1015 et
715 961 815 1027 Ponti,
842 962 872 1017 el
920 960 1737 1033 teorquonismnousupersolumPetrum‚verumetiarn

53 1054 190 1113 Thracias.
210 1053 265 1111 Sed
287 1055 342 1110 heo
360 1071 433 1126 papa
451 1054 696 1111 reverentissimus
716 1053 870 1125 rescripsit,
920 1069 1008 1124 urpser
1021 1070 1120 1111 omrtns
1138 1055 1280 1125 apostolos
1293 1054 1415 1125 Spiritus
1442 1058 1557 1109 sanctus
1578 1054 1736 1122 descendit,

54 1149 156 1225 omnia
168 1147 285 1220 quidem
298 1150 378 1218 gesta
391 1153 497 1203 sanctae
517 1146 756 1205 Chalcedonensis
769 1146 870 1218 synodi
920 1164 974 1207 nec
998 1148 1052 1203 soii
1071 1150 1165 1216 Petm‚
1182 1147 1233 1203 sad
1254 1154 1284 1202 et
1308 1148 1371 1202 nilis
1395 1148 1528 1203 omnibus
1553 1148 1659 1203 dictum
1673 1153 1736 1203 est-z

54 1242 239 1311 confirmans,
254 1242 314 1297 sola
328 1257 395 1295 vero
408 1241 456 1295 illa
469 1241 631 1312 infringens
640 1245 670 1297 ct
683 1241 872 1297 omniuoava·
920 1243 1043 1312 Accipite
1062 1243 1197 1312 Spiritum
1214 1247 1355 1308 sumtum
1371 1256 1485 1312 numum
1509 1243 1667 1299 mneritas
1676 1256 1738 1312 pce

52 1352 153 1402 errans,
178 1351 242 1406 quoe
255 1351 306 1407 per
319 1338 577 1405 praesumptuosam
592 1333 780 1389 ambitionem
796 1333 870 1391 Con·
919 1341 992 1402 coto,
1011 1337 1192 1391 remittuntur
1205 1338 1242 1392 cis
1255 1354 1265 1401 a
1277 1340 1303 1391 et
1315 1350 1432 1405 quornm
1440 1338 1619 1403 retinueritis,
1632 1340 1737 1391 remoto

54 1429 377 1500 stantiuopolitannrum
411 1433 489 1501 gesta
516 1433 594 1497 saint,
617 1445 650 1483 eo
675 1427 752 1500 qnod
778 1431 872 1483 essent
920 1434 984 1485 sunt
1006 1431 1107 1499 licon„
1131 1446 1185 1500 xx,
1208 1433 1265 1495 23).
1293 1430 1494 1484 Verumtamen
1517 1428 1678 1499 specialiter
1700 1428 1738 1485 ud

55 1527 157 1579 contra
180 1527 286 1577 statuta
309 1521 412 1577 Nicaeni
435 1521 558 1577 coraciiii.
584 1522 664 1577 Unde
679 1520 809 1577 miranda
829 1526 872 1577 est
920 1523 1038 1579 Petrum
1051 1538 1216 1580 sermonem
1230 1523 1306 1578 huuc
1320 1522 1456 1594 dirigens,
1472 1526 1505 1577 et
1517 1538 1583 1577 aum
1599 1528 1738 1595 tanquam

52 1616 129 1673 tanti
147 1615 198 1670 riri
225 1615 386 1689 prudentia,
412 1616 487 1687 qnod
505 1621 535 1671 ιιι
560 1617 709 1681 statutum,
725 1615 783 1671 imo
796 1631 869 1686 pirn-
919 1617 1072 1688 janitorem
1097 1616 1159 1672 creti
1173 1617 1358 1686 constituens,
1372 1616 1434 1671 ait:
1457 1619 1492 1672 Ει
1506 1618 1559 1672 tibi
1570 1618 1739 1673 doboctoues

54 1709 615 1781 sumptionemacentumquinqunginta
625 1708 764 1780 episcopis
777 1709 807 1763 iu
820 1703 911 1779 hacB
922 1714 1000 1780 rapui
1019 1712 1145 1766 caehrum
1160 1711 1279 1787 (cuaeth,
1291 1726 1350 1785 ιιι,
1363 1709 1417 1781 19).
1443 1711 1477 1766 Ει
1491 1728 1604 1766 rursum
1618 1728 1625 1767 :
1646 1714 1737 1779 Posce,

54 1803 126 1859 urbe
147 1803 250 1859 laetam
263 1819 313 1875 pro
327 1803 495 1861 anctoritate
507 1803 643 1859 iuducere
658 1801 781 1870 rotumti,
797 1818 871 1873 prm·
904 1804 1027 1879 ‚inquit
1051 1820 1110 1860 coac
1131 1818 1205 1859 meus
1227 1802 1331 1876 'liohn.,
1345 1820 1401 1873 ιιι,
1424 1798 1478 1875 ri).
1494 1805 1546 1861 Cui
1567 1806 1654 1859 etiam
1674 1809 1739 1860 unta

54 1897 156 1957 sertim
179 1914 243 1953 cum
267 1896 453 1953 ecclesiastica
467 1895 566 1968 regula
585 1896 686 1967 jubeat
706 1897 817 1951 nullum
838 1912 873 1953 ea
922 1912 1023 1953 omncs
1040 1896 1192 1953 cantitanti
1212 1903 1246 1953 et·
1261 1897 1387 1954 dicenti:
1411 1902 1451 1954 its
1466 1912 1493 1953 ea
1507 1886 1638 1954 Christus
1656 1884 1741 1954 nint

55 1991 161 2065 dehere
174 1990 278 2046 habere
293 1990 433 2061 vigorem,
448 2006 512 2062 que
525 1993 629 2062 praeter
640 1990 763 2047 Romani
774 1991 871 2061 ponti·
924 1994 971 2047 θα·
981 1994 1047 2055 uiui,
1062 1991 1149 2047 dixit:
1169 1993 1268 2048 Beatus
1288 2006 1315 2047 cs
1337 1993 1429 2049 Simon
1441 1990 1527 2055 Patre,
1549 1994 1616 2063 quin.
1641 2007 1704 2047 coro
1717 1994 1743 2047 ct

55 2084 117 2139 ficis
131 2084 532 2155 seutentiampraesumuntur,
547 2088 575 2139 et
590 2100 655 2155 quse
669 2084 704 2139 ah
719 2100 754 2141 co
763 2087 873 2156 aposto
921 2088 1036 2155 cussonis
1047 2100 1101 2141 non
1112 2087 1243 2141 reuetsua't
1255 2086 1314 2153 tibi,
1329 2086 1377 2143 aed
1388 2088 1472 2142 Peter
1479 2100 1553 2141 meus
1565 2088 1616 2155 put
1627 2087 1659 2140 in
1670 2086 1742 2141 culis

55 2179 111 2237 tica
125 2178 294 2233 auctoritate
311 2194 344 2233 ac
354 2178 560 2249 subscriptione
571 2194 628 2233 non
639 2178 803 2247 humantur,
817 2178 872 2233 nisi
921 2185 963 2235 est
984 2179 1106 2249 (natta,
1118 2194 1175 2247 ιιι,
1190 2182 1234 2247 re,
1246 2180 1312 2249 la).
1328 2179 1474 2235 tinniteste
1502 2178 1607 2235 docens
1622 2180 1738 2234 Petrum

55 2272 131 2329 torte
145 2279 175 2329 tu
188 2271 258 2328 illud
280 2271 397 2345 quidem
413 2276 552 2327 statutum
579 2271 682 2343 legisti,
702 2272 872 2343 apostoticae
922 2273 1017 2345 primo
1053 2272 1160 2329 coelesti
1199 2272 1389 2344 inspiratione
1422 2273 1559 2328 edoctum·
1589 2272 1740 2328 ranulam

57 2382 126 2421 reru
143 2365 273 2437 epistolas
286 2384 300 2419 n
312 2364 475 2421 beatissimo
488 2382 564 2437 papa
576 2366 669 2421 Leone
684 2369 782 2421 contra
795 2365 873 2421 idem
923 2366 1000 2437 tidei,
1025 2382 1116 2439 quam
1129 2369 1230 2439 postea
1240 2383 1295 2437 per
1309 2366 1371 2438 ejus
1386 2367 1571 2422 manifestam
1584 2364 1738 2421 confessioL

57 2465 195 2514 statutum
213 2459 386 2531 conscriptas
402 2475 460 2517 non
476 2459 579 2530 legisti,
593 2458 623 2514 in
637 2459 742 2531 quibus
757 2475 873 2530 prorsus
922 2476 988 2516 nem
1010 2460 1107 2517 ceteri
1129 2460 1291 2515 didicerunt
1311 2460 1443 2531 apostoli.
1458 2461 1529 2515 Nam
1555 2455 1739 2515 eunomium

57 2558 219 2621 evacuatur,
236 2557 263 2607 et
275 2557 413 2625 tanquam
428 2552 542 2609 h'icaeno
554 2553 671 2609 concilio
684 2553 871 2622 contrarium,
922 2556 1003 2615 ‚lesus
1024 2570 1083 2609 nou
1095 2553 1228 2621 Andreae,
1251 2568 1309 2608 nou
1328 2554 1452 2621 loannis,
1476 2570 1534 2608 non
1555 2553 1662 2622 iacobi,
1686 2566 1740 2607 nec

58 2647 88 2702 in
100 2647 214 2701 irritum
231 2645 353 2701 ducitur.
368 2669 383 2697 s
921 2647 1044 2719 alicujus
1062 2647 1193 2715 silemus,
1209 2646 1259 2702 sed
1274 2646 1360 2702 sotius
1381 2648 1457 2703 Petri
1469 2647 1628 2705 rrasioulam
1640 2654 1739 2702 ascau'-

95 2740 225 2796 Nechites
246 2739 473 2813 archiepiscopus
495 2741 665 2797 Nicomediae
688 2739 778 2796 dixit:
795 2762 809 2791 c
830 2742 873 2797 ltu
924 2742 978 2811 dit,
995 2746 1023 2797 at
1037 2742 1142 2798 sedens
1161 2741 1280 2797 docebat
1293 2740 1403 2811 turbas,
1418 2740 1577 2812 figuraliter
1588 2740 1741 2797 ostendens

59 2834 173 2889 ridetur
187 2833 247 2901 tibi,
261 2833 310 2888 soli
329 2835 421 2901 Petro,
437 2837 535 2891 alnon
550 2834 642 2906 potius
656 2834 789 2891 omnihus
803 2851 872 2906 apo·
922 2839 1060 2891 asancta
1083 2837 1212 2892 Romana
1234 2834 1366 2903 Ecclesia,
1394 2835 1438 2890 cui
1462 2834 1660 2906 praeficiendus
1679 2835 1742 2890 erat

57 2910 138 2985 stolis
151 2927 258 2983 dictum
271 2927 441 2983 ebornino:
458 2930 740 3009 Quorumremisaritis
748 2934 872 3000 peccatu,
923 2932 1024 2987 Petrus
1038 2929 1172 3003 princeps
1192 2928 1398 3001 apostotorum,
1422 2928 1615 2999 evangelicam
1631 2934 1743 3003 etapd·

58 3024 239 3079 remittuntur
250 3024 305 3089 εἰς,
317 3024 874 3093 ιιᾳιιοιιιιιιιιιιιιιιενιιιε,ιιιιιιιιιει·ιιιιιι
923 3023 1055 3081 stolicam
1071 3023 1234 3079 doctrinam
1249 3023 1280 3079 in
1301 3024 1398 3079 turbas
1421 3022 1592 3095 populorum
1612 3041 1740 3097 perom-

60 3120 160 3185 ttonu,
179 3133 224 3182 xx,
240 3117 296 3183 23).
321 3117 354 3171 Et
375 3116 504 3172 iterum:
529 3116 696 3186 Quacnnpcs
724 3073 992 3186 ttuoceritisssnem
1011 3118 1155 3173 muudum
1174 3118 1382 3189 profluxuram.
1408 3118 1463 3190 ipsi
1485 3134 1600 3190 quoquo
1620 3122 1742 3192 apostoli

57 3226 141 3283 super
156 3216 266 3276 temous,
281 3217 361 3267 arunt
383 3211 470 3279 ligato
482 3216 507 3267 et
522 3212 552 3265 ιιι
571 3212 659 3277 cutiae
675 3216 700 3266 et
713 3226 874 3281 pneumaque
923 3216 1149 3285 recognoverunt
1160 3212 1448 3284 principaliterbsaho
1458 3214 1541 3268 Petro
1551 3215 1742 3285 personaliter

58 3304 192 3363 solomitis
204 3309 400 3374 superterram.
410 3304 618 3361 eruntmtntnet
630 3307 659 3359 in
672 3303 873 3376 cut-istiintth„
924 3306 1078 3361 collatum:
1095 3305 1171 3377 quod
1191 3305 1260 3361 satis
1289 3308 1417 3377 patenter
1433 3306 1595 3361 ostenditur
1616 3308 1646 3361 in
1667 3307 1741 3365 iibri>

58 3415 116 3464 xvi,
131 3398 188 3463 29).
204 3397 336 3463 Quinimo
350 3415 406 3454 non
419 3398 470 3453 soli
483 3400 575 3467 Petro,
595 3398 643 3453 sed
657 3397 792 3455 omnibus
805 3414 872 3455 cum
923 3400 1016 3463 buce,
1028 3399 1079 3471 qui
1091 3398 1350 3455 incontumaces
1367 3400 1561 3470 speculorum.
1578 3400 1650 3455 Nam
1672 3416 1739 3457 ctam

59 3495 152 3561 i’etro,
167 3495 196 3547 et
209 3508 274 3547 cum
283 3491 416 3547 omnihus
430 3493 515 3548 t’etro
528 3490 726 3547 indifferenter
739 3490 875 3547 dictuma
925 3492 1002 3564 apud
1017 3491 1197 3547 Antiochiam
1211 3492 1356 3549 altercatio
1370 3498 1445 3547 esset
1457 3492 1536 3547 iuter
1547 3492 1660 3565 aliquos
1671 3510 1741 3566 apo·

58 3585 181 3655 Domino
196 3586 330 3642 creditur.
348 3587 402 3641 Nec
416 3602 502 3657 super
518 3585 611 3643 solum
627 3588 743 3641 Petrum
754 3586 873 3641 descon-
925 3585 1023 3652 stolus,
1051 3592 1189 3641 utrumne
1202 3585 1334 3641 tidelibus
1349 3584 1398 3657 qui
1411 3589 1550 3641 venerant
1561 3603 1594 3642 ex
1608 3588 1743 3658 gentibus

59 3680 101 3735 dit
112 3679 232 3751 Spiritus
246 3682 359 3736 sanctus
370 3676 404 3734 ⁴in
418 3682 583 3737 Pentecoste
595 3680 745 3737 abomiuo
761 3679 875 3749 missus,
926 3679 1103 3735 circumcisio
1117 3678 1292 3751 imponenda
1305 3683 1387 3747 esset,
1403 3678 1522 3734 missum
1533 3686 1576 3736 est
1588 3680 1618 3736 in
1630 3683 1744 3739 ierusa-

61 3774 110 3847 qni
139 3773 271 3830 omnibus
290 3774 440 3845 aqualiter
464 3773 598 3844 apostolis
611 3779 678 3829 ante
706 3774 799 3829 luerat
812 3789 878 3844 pro·
926 3774 984 3831 lum
1010 3772 1048 3829 ad
1061 3775 1176 3830 Petrum
1188 3780 1219 3830 at
1230 3772 1303 3828 alius
1314 3773 1443 3829 seniores
1456 3775 1600 3845 apostolos
1610 3776 1661 3848 qui
1676 3790 1742 3833 curn

61 3867 176 3935 missus,
191 3854 651 3937 sedoniuessimulinilamnravit,
664 3870 760 3923 etucn
775 3867 878 3939 impari
927 3867 990 3939 ipso
1010 3873 1101 3936 erant,
1125 3884 1210 3940 super
1235 3867 1287 3922 hac
1312 3867 1481 3939 quaestions.
1502 3869 1743 3927 convenientibus

60 3962 139 4018 dono
154 3978 206 4017 nec
229 3961 387 4034 impariter,
404 3961 454 4017 sed
468 3961 528 4033 puri
553 3960 628 4016 donn
643 3977 744 4019 omnes
757 3961 876 4033 pariter,
927 3962 1070 4029 omuibus,
1086 3964 1116 4017 et
1128 3976 1267 4034 maguam
1285 3977 1374 4033 super
1387 3962 1441 4017 hoc
1456 3963 1545 4019 verbo
1559 3962 1742 4037 conquisitio·

62 4040 136 4111 sicut
151 4056 321 4129 promissum
338 4056 440 4123 luerat,
456 4056 582 4111 donavit.
598 4054 643 4112 Sic
657 4072 726 4127 ergo
739 4072 877 4128 recogno·
929 4072 996 4113 nem
1009 4055 1193 4127 agitantibus,
1205 4058 1306 4111 Petrus
1319 4058 1457 4128 tanquam
1467 4056 1623 4128 primatum
1633 4058 1744 4115 habens

60 4167 173 4206 scarum
198 4153 281 4206 Petro
306 4153 448 4225 acceptam
472 4149 627 4207 ebornino
650 4155 832 4222 potestatem,
849 4155 880 4207 ut
928 4151 958 4207 in
971 4149 1344 4221 medinomniumsurgsns,
1358 4150 1393 4206 da
1408 4167 1468 4207 non
1480 4152 1658 4223 imponenda
1672 4168 1744 4225 geu·-

62 4261 121 4299 nnn
146 4247 278 4319 putemus
306 4243 533 4299 imminuendam
562 4251 729 4301 caeterorum
763 4248 877 4317 aposto·
929 4245 1006 4303 tibus
1032 4244 1247 4301 circumcisione
1280 4245 1454 4301 senteutiam
1487 4246 1688 4319 promulgavit,
1715 4255 1746 4304 st

60 4338 156 4395 lorum
180 4339 388 4407 auctoritatem,
417 4338 466 4411 qui
489 4339 589 4411 utiquo
611 4338 881 4411 aequaliteromnes
928 4339 1029 4395 collata
1042 4338 1120 4395 sibia
1133 4338 1437 4405 Dominoancloritate,
1450 4339 1527 4410 quod
1539 4340 1659 4395 dubium
1669 4340 1744 4397 uide

62 4433 125 4489 sine
150 4430 244 4505 aliquo
271 4432 390 4489 invicem
416 4433 582 4507 prejudicio
614 4434 657 4489 vel
680 4433 1020 4525 usurpationenbalur,
1044 4431 1195 4501 diffinivit3
1220 4431 1343 4503 probans
1370 4433 1424 4489 hoc
1445 4437 1560 4488 ostensa
1583 4434 1637 4489 sibi
1661 4431 1744 4495 liutei

61 4534 198 4605 uuquam
213 4543 278 4581 vere
292 4526 375 4582 mites
388 4527 549 4583 ethumites
562 4527 659 4597 corde,
673 4529 807 4585 eumdem
817 4526 879 4599 Spi·
927 4527 1045 4594 chione,
1062 4531 1090 4582 et
1112 4525 1237 4585 Cornelii
1253 4532 1282 4581 et
1302 4526 1423 4583 aliorum
1447 4527 1599 4597 gentilium
1613 4538 1742 4583 ‘convor-

61 4623 150 4678 ritum
176 4627 307 4677 sanctum
337 4624 518 4693 acceperuut,
540 4628 570 4676 et
594 4622 623 4677 iu
649 4621 877 4694 eodemspiritu
926 4621 1019 4677 sinna.
1033 4619 1084 4677 Cui
1096 4620 1185 4677 etiam
1194 4619 1316 4677 lacobus
1328 4619 1571 4693 ierosolymorum
1585 4622 1744 4694 episcopus,

62 4722 161 4770 sarrcto
177 4716 305 4770 camdem
320 4717 490 4786 potestatem
509 4715 616 4787 ligandi
640 4722 727 4788 atque
750 4714 879 4773 solvendi
927 4713 1142 4786 etuuirersiqui
1157 4714 1287 4782 aderaut,
1306 4714 1430 4786 apostoli
1450 4720 1481 4770 at
1495 4715 1622 4771 seniores
1641 4715 1671 4770 in
1694 4732 1743 4771 ea-

62 4812 258 4880 suseeperunt.
272 4809 327 4863 Nec
343 4812 418 4863 recte
433 4809 487 4864 soli
500 4811 581 4865 Petro
596 4809 707 4865 videtin
719 4809 877 4879 attribuen·
929 4809 996 4865 dem
1018 4809 1160 4867 sententia
1190 4808 1337 4865 humiliter
1361 4809 1582 4881 mquiesccutes,
1607 4809 1743 4865 obedive-

62 4903 133 4959 dum
154 4901 346 4975 privilegium,
374 4904 449 4975 quod
472 4902 507 4957 ab
533 4903 594 4974 ipso
613 4902 735 4957 Domino
750 4902 879 4961 donante
929 4909 1009 4959 runt.
1733 4944 1736 4949 -

63 5011 215 5055 commune
228 5000 271 5051 est
281 4997 419 5053 omnium.
431 4996 651 5069 Cavendumque
666 5002 708 5053 est
720 5013 756 5052 ne
770 4995 880 5053 crateris
967 5019 982 5049 ι
996 5000 1091 5054 Petrus
1104 4997 1179 5053 iuter
1189 4997 1427 5068 apostotos'aetate
1438 4997 1545 5065 senior,
1560 4995 1617 5054 tide
1629 4997 1745 5066 certior,

62 5091 94 5147 in
109 5090 206 5146 eudem
218 5093 355 5161 potestate
370 5091 501 5147 eamdem
514 5090 736 5163 prerogativam
750 5090 881 5147 habenti·
931 5092 961 5149 in
973 5090 1122 5148 audiendis
1137 5091 1229 5149 verbis
1242 5091 1306 5145 ritae
1316 5094 1434 5146 aterne
1447 5090 1614 5163 simplicior,
1624 5091 1703 5149 unde
1715 5097 1748 5149 et

61 5185 117 5240 hus
140 5183 304 5255 derogetur,
318 5185 387 5241 dum
404 5185 452 5241 nui
465 5189 589 5252 mutum,
612 5202 677 5257 quse
690 5188 734 5243 est
748 5184 880 5241 omniurn
932 5185 1060 5257 barjona,
1091 5185 1120 5241 id
1145 5189 1189 5240 est
1212 5186 1288 5254 titius
1311 5184 1440 5241 columbe
1458 5184 1618 5256 appellatus
1631 5192 1693 5255 est3
1718 5186 1749 5243 iia

62 5278 215 5337 auctoritas
236 5278 395 5334 ascribitur.
423 5280 469 5336 Sic
483 5286 581 5335 autern
595 5279 757 5335 honoretur
782 5281 881 5337 Petrus
932 5278 1032 5337 modis
1052 5276 1264 5348 reddendisque
1287 5279 1430 5350 responsis
1452 5278 1527 5334 intur
1550 5279 1696 5336 Christum
1719 5284 1748 5339 et

63 5354 261 5445 apostolorum
287 5373 480 5439 duodecimus,
495 5375 528 5427 nt
542 5374 638 5428 caeteri
661 5373 797 5431 undecim
810 5389 879 5444 apo·
931 5372 1074 5444 apostolos
1087 5370 1258 5442 promptior,
1273 5371 1588 5429 insanandisintlcmis
1602 5374 1692 5430 etiam
1702 5376 1749 5432 sui

63 5467 177 5523 stolich
193 5468 361 5522 auctoritate
371 5466 415 5521 sui
430 5468 603 5538 apostolatus
614 5483 673 5522 non
684 5468 881 5531 excludantur,
932 5466 1055 5538 corporis
1072 5464 1173 5520 umbro
1188 5465 1349 5535 efficacium
1365 5466 1413 5538 qui
1428 5468 1515 5522 etiam
1530 5472 1592 5539 post
1605 5471 1747 5527 ascensio·

63 5577 152 5635 quern
166 5564 243 5616 certe
257 5578 315 5616 nou
330 5579 346 5616 a
361 5564 455 5629 Petro,
472 5561 521 5616 sed
534 5561 569 5616 ab
581 5561 643 5633 ipsu
658 5561 792 5630 Domino,
808 5561 883 5617 sicut
932 5577 998 5616 uem
1021 5560 1135 5615 Domini
1162 5559 1219 5615 rice
1242 5559 1345 5615 Christi
1359 5560 1437 5617 ittam
1451 5561 1590 5617 novellam
1604 5565 1745 5643 etprimi-

64 5661 94 5712 at
110 5656 169 5726 ipse
178 5656 288 5724 Petrus,
300 5655 402 5729 nquah
413 5660 441 5710 et
456 5671 514 5710 ιιοιι
526 5652 655 5711 dissimili
670 5652 883 5731 dispensatione
932 5652 1017 5709 uvam
1038 5650 1424 5728 succensebamus
1441 5654 1593 5711 mannans
1613 5642 1767 5717 samem»

64 5755 274 5825 occeperunt.»
935 5765 1000 5808 rum
1025 5748 1153 5827 Spiritus
1173 5752 1280 5808 sanda
1302 5751 1500 5817 mentientes,
1529 5743 1651 5812 spissas
1670 5738 1737 5786 uh*
1751 5730 1807 5780 *Β

1866 5852 1874 5923 i
