3750 6046
97 190 130 250 sa
794 164 1104 251 euoaaruurlus
1743 183 1777 246 aa

132 315 333 375 Constantinus
354 317 426 375 lilius
446 318 626 376 Constantini
647 318 729 374 annis
748 335 841 376 xxrru.
861 319 910 374 llic
920 316 1061 402 Afactus.
1088 317 1237 386 Tantaque
1265 310 1356 386 gratia
1380 310 1489 386 legatos
1515 308 1667 370 Catholicae
1698 311 1779 384 pacis

98 413 234 485 deeeptus
252 430 268 468 a
288 414 387 484 Paulo,
402 416 475 470 sicut
488 414 633 469 Heraclius
647 431 715 468 avus
733 414 795 485 ejus
814 431 830 469 a
844 414 908 470 Ser·
960 410 1098 466 comitata
1112 412 1164 474 est,
1180 412 1210 463 ut
1227 409 1351 463 loannes
1368 407 1532 463 Portuensis
1550 406 1713 479 episcopus,
1729 408 1779 479 qui

98 508 157 578 gio,
173 508 301 578 ejusdem
315 508 402 579 regiae
419 508 538 565 civitatis
554 508 696 580 episcopo,
713 508 843 580 exposuit
856 510 908 580 Ty·
960 508 1020 561 erat
1044 520 1117 558 unus
1142 519 1176 557 cx
1201 502 1277 573 ipsis,
1304 501 1448 557 flaminica
1472 504 1636 556 octavarum
1659 502 1778 556 Paschae

96 617 167 672 pum
188 603 320 657 adversus
343 603 511 659 catholicam
531 602 633 669 lidem;
656 618 708 657 nee
733 618 832 670 unam,
849 619 910 680 ⁴nec
960 599 1059 654 missas
1078 596 1205 669 publicas
1224 596 1255 651 in
1278 595 1396 651 ecclesia
1416 595 1527 650 Sanctae
1547 594 1660 667 Sophiae
1682 610 1776 650 coram

96 694 165 748 duas
179 696 347 763 uoluntates,
356 702 405 752 aut
417 696 596 767 operationes
608 695 638 750 in
649 696 760 752 Christo
771 695 910 750 definiens
960 692 1088 765 principe
1103 695 1132 746 et
1144 690 1306 762 patriarcha
1320 690 1416 745 Latine
1429 689 1595 745 celebraret.

96 804 157 843 esse
178 789 370 859 confitendas,
394 790 473 862 quasi
501 790 571 844 nihil
600 789 683 859 velle,
712 790 755 846 vel
784 788 909 860 operari,
996 788 1061 841 llaec
1081 789 1123 840 est
1145 790 1224 840 sexta
1244 784 1367 855 synodus
1388 782 1555 838 universalis
1577 783 1778 840 Constantino·

99 883 255 939 crcdendus
274 883 310 938 sit
330 884 466 938 Christus.
484 884 562 938 Unde
582 884 717 939 llartinus
735 899 820 955 pape,
841 899 908 938 eon·
959 880 1018 952 poli
1039 878 1190 946 celebrata,
1207 879 1236 933 et
1249 879 1346 933 Graeeo
1366 893 1501 932 sermone
1518 876 1689 948 conscripta,
1705 881 1775 932 tem-

98 983 216 1048 gregata
236 978 333 1032 llomae
352 977 461 1048 synodo
482 981 598 1032 centum
623 977 750 1049 quinque
768 977 908 1049 coepisco·
960 972 1077 1045 poribus
1095 988 1178 1044 papae
1198 971 1361 1042 Agathonis,
1385 976 1559 1042 exsequente
1579 988 1611 1025 ac
1632 971 1775 1026 residente

98 1087 212 1141 porum,
230 1069 373 1125 damnarit
387 1070 439 1125 sub
453 1045 635 1126 anathemate
650 1071 780 1142 prefatos
794 1071 909 1141 Cyrum,
961 1067 1090 1138 piissime
1104 1065 1233 1136 principe
1244 1064 1429 1119 Constantino
1443 1063 1519 1119 intra
1529 1065 1668 1135 palatium
1680 1081 1775 1135 suum,

99 1164 241 1235 Sergium,
257 1166 286 1218 et
301 1164 440 1233 Pyrrhum
456 1167 485 1218 et
504 1163 623 1219 Paulum
642 1163 799 1219 haereticos.
813 1165 910 1219 Missus
961 1161 1101 1232 simulque
1120 1158 1220 1230 legatis
1241 1157 1400 1229 apostolieae
1421 1158 1507 1228 sedis,
1530 1164 1559 1213 ct
1580 1158 1722 1231 episcopis
1745 1177 1777 1213 cn

100 1272 169 1327 ergo
182 1259 248 1327 post
260 1257 320 1311 hec
333 1256 368 1311 ab
387 1257 559 1327 imperatore
576 1257 741 1312 Theodorus
762 1257 908 1326 exarchus,
961 1253 1160 1309 residentibus.

100 1349 165 1404 tulit
180 1349 330 1405 llartinum
351 1367 455 1422 papam
475 1350 644 1406 deecclesia
663 1351 909 1418 Constantiniana,
996 1347 1089 1402 Prima
1110 1346 1187 1401 enim
1207 1345 1374 1401 universalis
1392 1345 1518 1417 synodus
1537 1345 1568 1400 iu
1589 1346 1683 1401 Nicaea
1705 1363 1775 1402 con-

100 1442 290 1515 perduxitquc
307 1444 589 1514 Constantinopolim.
604 1444 657 1509 Qui
677 1447 742 1516 post
759 1446 820 1499 haec
838 1444 909 1500 rele·
961 1444 1081 1514 gregata
1099 1445 1141 1496 est
1161 1443 1261 1495 contra
1280 1439 1390 1506 Arium,
1410 1442 1604 1495 trecentorum
1627 1441 1728 1496 decem
1749 1443 1778 1495 et

101 1541 182 1607 gatus
204 1536 387 1603 Chersonam,
406 1536 514 1592 ibidem
535 1537 618 1592 vitam
640 1537 742 1607 linivit,
760 1538 857 1593 multis
880 1539 910 1592 in
962 1541 1024 1591 octo
1042 1536 1167 1602 Petrum,
1186 1533 1363 1605 temporibus
1377 1533 1442 1587 tulii
1464 1551 1556 1606 papae,
1572 1533 1623 1589 suh
1641 1536 1778 1592 Constan-

100 1630 200 1685 codem
214 1631 276 1685 loce
291 1631 430 1685 virtutum
445 1631 532 1703 signis
546 1647 637 1703 usque
652 1632 736 1688 hodie
754 1633 909 1705 refulgens.
961 1628 1021 1683 tino
1037 1628 1182 1700 principe;
1198 1626 1321 1682 secunda
1334 1626 1361 1681 in
1383 1627 1639 1698 Constantinopoli,
1656 1631 1775 1683 centum

102 1725 187 1778 Facta
196 1730 240 1780 est
253 1727 349 1779 autem
360 1725 479 1795 praefata
493 1725 617 1797 synodus
631 1742 707 1780 anno
720 1726 834 1798 imperii
842 1698 949 1780 eon-B
960 1721 1168 1794 quinquaginta
1189 1723 1318 1787 Petrum,
1337 1725 1435 1775 contra
1453 1721 1648 1776 Macedonium
1672 1726 1700 1776 et
1719 1724 1774 1777 Eu·

101 1816 217 1871 stantini
234 1832 317 1884 nono,
335 1834 435 1873 mense
451 1817 593 1886 Octobris,
607 1819 764 1875 indictione
777 1836 835 1874 rm.
962 1814 1088 1882 dorium,
1099 1814 1279 1886 temporibus
1294 1814 1405 1868 Damasi
1419 1830 1502 1885 papae
1517 1817 1546 1868 et
1559 1814 1686 1869 Gratiani
1700 1816 1776 1886 prin·

136 1911 339 1965 Constantinus
357 1911 499 1983 princeps,
514 1911 651 1967 vitaliano
671 1929 744 1984 papa
760 1930 851 1985 nuper
864 1930 909 1969 or·
961 1909 1040 1980 cipis,
1057 1908 1171 1980 quando
1191 1906 1338 1963 Nectarius
1360 1906 1456 1962 eidem
1478 1907 1540 1963 urbi
1561 1914 1604 1962 est
1627 1909 1776 1964 ordinatus

100 2003 207 2073 dinato,
222 2003 301 2059 misit
312 2004 392 2059 beato
405 2007 488 2059 Petro
505 2006 631 2075 apostolo
647 2006 799 2077 Evangelia
814 2023 909 2075 aurea,
961 2003 1110 2074 episcopus
1117 2019 1125 2071 3
1142 2002 1226 2056 tertia
1245 2001 1274 2055 in
1293 2001 1415 2072 Epheso,
1438 2001 1625 2057 ducentorum
1647 2003 1774 2070 Petrum,

101 2097 224 2167 gemmis
237 2097 306 2152 albis
319 2097 399 2152 mirae
410 2098 617 2169 magnitudinis
628 2099 656 2153 in
667 2099 785 2154 circuitu
796 2105 909 2156 ornata.
960 2100 1059 2152 contra
1082 2095 1245 2151 Nestorium
1265 2097 1399 2165 Augustae
1425 2094 1505 2149 urbis
1526 2095 1703 2167 episcopum,
1724 2097 1776 2151 sub

99 2192 162 2262 lpse
175 2196 239 2261 post
258 2190 366 2262 aliquot
383 2207 481 2259 annos,
499 2191 584 2246 idest
601 2208 652 2263 per
668 2193 851 2248 indictionem
872 2211 909 2264 rr,
960 2188 1116 2246 Theodosio
1125 2205 1231 2260 magno
1242 2188 1370 2260 principe
1381 2191 1409 2243 et
1417 2189 1566 2244 Caelestino
1574 2196 1777 2261 papa3quarla

100 2284 216 2339 veniens
228 2286 359 2352 Romam,
374 2283 475 2339 obtulit
488 2301 573 2356 super
586 2286 676 2340 altare
689 2286 777 2357 ipsius
791 2287 911 2358 pallium
961 2283 991 2338 in
1009 2281 1199 2350 Chalcedone,
1219 2283 1336 2337 Patrem
1356 2288 1555 2337 sexcentorum
1576 2283 1703 2354 triginta,
1723 2283 1776 2338 sub

100 2393 170 2431 auro
198 2377 302 2444 textile,
324 2379 383 2432 toto
411 2394 475 2432 cum
498 2378 587 2433 cereis
615 2379 739 2434 exercitu
764 2380 911 2436 ecclesiam
961 2377 1054 2432 Leone
1068 2392 1153 2448 papa,
1167 2375 1343 2448 temporibus
1361 2375 1494 2431 Marciani
1512 2376 1658 2448 principis,
1674 2380 1777 2433 contra

100 2471 233 2526 intrante.
261 2471 406 2542 Sequente
430 2486 515 2538 anno,
542 2471 615 2527 facta
644 2475 686 2526 est
710 2472 819 2544 eclipsis
844 2475 911 2530 solis
961 2470 1116 2541 Eutychem
1142 2469 1411 2525 nefandissimorum
1438 2470 1591 2541 presulem
1618 2471 1776 2526 monacho·

100 2564 180 2634 quasi
203 2563 312 2619 decima
330 2563 400 2619 hora
418 2564 483 2631 diei,
506 2582 522 2616 r
541 2566 632 2620 Nonas
651 2565 722 2620 lfaii.
744 2567 911 2623 Theodorus
961 2580 1041 2631 1·um;
1065 2564 1165 2636 quinta
1185 2564 1256 2618 item
1275 2564 1305 2618 in
1324 2563 1583 2634 Constantinopoli,
1599 2564 1776 2635 temporibus

99 2657 327 2730 archiepiscopus
349 2662 377 2711 et
398 2657 538 2712 Adrianus
561 2657 658 2728 abhas,
685 2660 825 2731 viraque
845 2661 910 2717 doc·
960 2657 1054 2729 Vigilii
1070 2673 1161 2729 papce,
1181 2657 1233 2711 sub
1246 2656 1404 2712 festiniano
1417 2656 1556 2728 principe,
1571 2664 1671 2713 eontra
1685 2660 1776 2714 Theo·

91 2736 233 2818 tissimus,
259 2750 432 2804 aVitaliano
457 2750 534 2805 missi
561 2751 750 2820 Britanniam,
774 2754 910 2824 plurimas
962 2751 1062 2806 dorum
1082 2754 1110 2806 et
1132 2766 1232 2805 omnes
1253 2750 1417 2819 haereticos3
1439 2756 1515 2805 sexta
1532 2752 1604 2819 haec,
1620 2751 1655 2806 de
1674 2768 1730 2824 qua
1745 2753 1776 2808 in

99 2844 234 2899 Ecclesias
257 2842 414 2914 auglorum
443 2843 578 2899 doetrinae
606 2845 800 2901 ecclesiastice
827 2847 910 2921 fruge
961 2843 1093 2915 praesenti
1109 2842 1244 2898 diximus.

100 2936 298 2991 fecundarunt.
321 2936 522 3003 Constantinus
540 2942 605 3009 post
626 2939 762 3009 plurimas
780 2946 807 2996 et
826 2942 909 2996 inau·
997 2937 1100 2993 Sancta
1119 2942 1148 2992 et
1166 2940 1306 3008 perpetua
1320 2937 1400 3010 virgo
1418 2939 1522 2995 Christi
1536 2939 1699 2995 Edilthrida
1717 2940 1776 2996 lilia

100 3030 174 3084 ditas
209 3029 437 3101 depraedationes
474 3031 627 3102 prouinciis
661 3033 767 3104 factas,
803 3034 1048 3137 eccisusCAnnae
1068 3031 1144 3103 regis
1163 3032 1330 3102 anglorum,
1354 3034 1384 3085 et
1403 3032 1498 3104 primo
1522 3033 1603 3088 alteri
1627 3034 1689 3089 viro
1713 3051 1775 3106 per-

99 3123 128 3177 in
157 3122 260 3178 balneo
286 3123 370 3193 periit
394 3123 548 3180 indictione
574 3141 625 3193 ιιι,
655 3142 707 3181 nec
734 3128 821 3200 longo
846 3132 911 3200 post
960 3125 1124 3197 magnifico,
1147 3124 1266 3180 nomine
1288 3124 1442 3193 Tendhert,
1465 3126 1586 3198 principi
1607 3129 1775 3184 australium

97 3221 228 3288 tempore
261 3215 349 3270 etiam
382 3217 536 3272 Vitalianus
568 3233 641 3290 papa
671 3221 792 3276 coelestia
820 3238 911 3294 regna
961 3220 1130 3286 Girvierum,
1148 3222 1176 3274 et
1190 3224 1255 3291 post
1269 3218 1385 3290 ngrido
1399 3218 1460 3291 regi
1473 3220 1776 3293 Nordanhymbrorum

98 3309 188 3380 petiit.
961 3313 1065 3384 conjux
1096 3312 1174 3382 data3
1203 3317 1354 3384 postquam
1378 3329 1416 3366 ιιι
1440 3329 1531 3369 annos
1559 3320 1655 3369 lorum
1684 3317 1776 3372 incor-

98 3404 189 3459 lllllll.
207 3406 325 3462 concitus
339 3406 378 3459 ed
390 3407 525 3460 uniendos
539 3407 703 3463 orientalem
720 3415 744 3463 et
756 3409 912 3466 Occidenta-
961 3410 1044 3478 rupta
1055 3405 1177 3461 serravit
1189 3405 1361 3474 maritalem,
1378 3410 1442 3478 post
1457 3407 1588 3480 reginam
1604 3413 1718 3480 sumpto
1732 3427 1777 3465 ve·

135 3499 185 3553 lon
216 3499 357 3554 Ecclesiae.
397 3501 726 3570 constantinopolitanum
758 3503 909 3559 concilium.
960 3499 1065 3554 lamine
1092 3515 1169 3554 sacra
1190 3500 1280 3570 virgo,
1308 3499 1529 3555 sanctimonialis
1559 3500 1698 3570 eflicitur3
1723 3521 1777 3560 nec

133 3592 290 3647 Edittlutdu
304 3594 391 3649 Anne
401 3594 471 3663 filie.
488 3592 648 3650 Cutbbertus
661 3598 808 3666 episcopas.
960 3609 1039 3648 mora
1061 3593 1146 3648 etiam
1166 3593 1313 3664 virginum
1329 3598 1423 3648 mater
1438 3598 1468 3649 et
1487 3596 1582 3651 nutrix
1604 3596 1651 3667 pia
1669 3604 1777 3652 saucta-

133 3685 347 3753 Constantinus,
357 3686 448 3741 frater
461 3687 640 3743 Constantini
655 3689 809 3761 superioris
823 3691 910 3762 regis,
961 3703 1035 3757 rum,
1053 3692 1169 3758 accepto
1183 3687 1213 3741 in
1235 3688 1459 3743 construendum
1478 3690 1685 3746 monasterium
1699 3692 1774 3760 loco,

98 3779 181 3833 annis
200 3796 264 3834 xru.
286 3780 431 3835 Sarraceni
454 3781 577 3836 Siciliam
598 3781 744 3851 invadunt,
764 3787 793 3839 et
814 3785 910 3855 pracda
960 3797 1046 3853 quem
1066 3780 1144 3851 Elige
1164 3785 1274 3836 vocant.
1295 3781 1381 3852 Cujus
1402 3782 1505 3837 merita
1524 3782 1632 3838 vivacia
1655 3788 1777 3841 testatur

98 3873 188 3927 nimia
200 3889 296 3929 secum
309 3874 410 3943 ablata,
425 3890 489 3929 mex
507 3875 708 3931 Alexandriam
725 3876 855 3932 redeunt.
961 3874 1046 3930 etiam
1067 3890 1131 3929 earo
1149 3877 1273 3941 mortua,
1288 3890 1352 3945 qum
1372 3881 1436 3946 post
1455 3876 1555 3931 decem
1576 3882 1605 3932 et
1619 3893 1666 3932 sex
1682 3895 1774 3935 annes

133 3966 245 4036 Agatho
267 3982 343 4038 papa
362 3983 394 4021 ex
414 3972 516 4038 rogatu
537 3968 724 4038 Constantini,
743 3971 862 4025 lleraclii
882 3977 910 4026 et
961 3969 1122 4039 sepulturae,
1138 3984 1205 4022 cum
1226 3972 1303 4023 veste
1324 3983 1381 4038 qua
1400 3968 1527 4025 involuta
1541 3973 1594 4038 est,
1610 3969 1778 4044 incorrupta

97 4058 211 4128 Tiberii,
234 4059 395 4130 principum
418 4061 622 4131 piissimorum,
644 4061 721 4117 misit
744 4062 773 4117 in
796 4064 909 4136 regiam
960 4061 1114 4133 reperitur.

98 4151 198 4207 urbem
221 4153 423 4223 legatossuos,
445 4153 600 4225 inquibus
622 4159 684 4211 erat
706 4157 831 4212 loannes
853 4160 908 4214 Ro·
994 4155 1169 4211 iustinianus
1197 4154 1302 4224 minor,
1325 4155 1400 4212 filius
1424 4158 1613 4226 Constantini,
1638 4160 1722 4215 annis
1748 4178 1775 4217 x.

97 4261 188 4299 mana
204 4245 333 4300 Ecclesia
348 4249 416 4301 tunc
431 4246 578 4316 diaeonus,
592 4264 648 4303 non
667 4248 752 4321 longe
767 4257 831 4322 post
847 4252 909 4325 epi·
960 4249 1008 4304 llic
1023 4248 1166 4304 constituit
1181 4265 1282 4322 pacem
1294 4267 1359 4305 cum
1375 4251 1536 4307 sarracenis
1549 4251 1689 4309 decennio
1700 4258 1777 4310 terra

96 4355 208 4411 scopus,
222 4355 274 4411 pro
292 4339 464 4395 adunatione
479 4340 607 4397 facienda
621 4348 782 4399 sanctarum
796 4345 846 4401 Dei
862 4347 910 4402 Ec·
958 4343 1097 4415 marique.
1123 4343 1176 4399 Sed
1201 4348 1229 4397 et
1256 4343 1402 4414 provincia
1428 4345 1524 4400 Africa
1549 4346 1705 4418 subjugata
1734 4353 1777 4403 est

95 4433 258 4489 etesiarum.
273 4433 326 4498 Qui
339 4433 545 4506 benignissime
566 4437 688 4507 suscepti
704 4454 720 4490 a
735 4424 948 4497 reverendis—D
960 4439 1091 4493 [lornano
1109 4436 1322 4508 imperiaque
1341 4436 1435 4493 fuerat
1454 4441 1536 4494 tenta
1556 4455 1571 4493 a
1595 4438 1773 4511 Sarracenis3

96 4526 171 4582 simo
191 4526 256 4582 fidei
278 4527 429 4583 Catholicae
450 4527 597 4583 defensore
621 4530 819 4601 Constantino,
836 4533 908 4604 yussi
959 4531 1018 4602 ipsa
1039 4546 1152 4603 quoque
1170 4529 1343 4600 Carthagine
1358 4529 1393 4585 ab
1413 4531 1453 4587 eis
1473 4534 1555 4604 capta
1569 4537 1598 4588 et
1619 4533 1773 4591 destructa.

94 4620 554 4692 sunt,remissisdisputationibus
567 4620 779 4695 philosophicis,
792 4626 908 4697 pacifice
958 4624 1008 4679 llic
1025 4623 1118 4679 beata
1138 4622 1282 4679 memoria
1303 4625 1466 4695 pontificem
1485 4626 1623 4681 Romanae
1643 4628 1774 4684 Ecclesiae

95 4714 236 4784 colloquio
257 4714 292 4769 de
310 4712 365 4769 tide
380 4730 447 4769 vera
463 4715 629 4787 perquirere
638 4734 647 4786 3
664 4716 739 4773 datis
756 4718 796 4773 eis
814 4718 849 4775 dc
867 4719 908 4775 bi·
958 4717 1103 4789 Sergium,
1118 4716 1185 4789 quia
1198 4717 1328 4772 erraticae
1338 4734 1396 4772 suae
1409 4718 1527 4788 synodo,
1539 4736 1627 4791 quam
1639 4722 1774 4778 Constan—

94 4807 236 4861 lrliothcca
255 4807 571 4880 Constantinopolitana
593 4811 702 4866 cunctis
722 4812 907 4883 antiquorum
957 4810 1079 4882 tinopuli
1105 4810 1225 4877 fecerat,
1251 4811 1345 4867 farere
1370 4814 1399 4866 et
1422 4811 1598 4869 subscribere
1625 4815 1772 4887 uoluisset,

93 4902 220 4966 Petrum,
241 4916 313 4971 quos
333 4900 477 4971 petebant,
496 4901 609 4958 libellis.
630 4903 791 4960 Adfuerunt
808 4911 906 4961 aretem
957 4904 1043 4960 misso
1063 4903 1198 4960 Zacharia
1212 4905 1418 4975 protospatario
1437 4922 1499 4972 suo,
1510 4906 1596 4976 jussit
1612 4908 1773 4964 Constanti-

93 4997 121 5046 et
135 4991 257 5063 episcopi
271 5009 311 5059 ce,
326 4993 497 5063 presidente
511 4996 632 5068 Georgia
644 4998 804 5068 patriarcha
819 5000 906 5071 regiae
956 4997 1083 5068 nopolim
1096 4997 1251 5068 deportari.
1264 4997 1318 5052 Sed
1332 4998 1473 5068 praevenit
1485 4999 1586 5053 militia
1599 5000 1773 5057 Ravennatis

93 5084 182 5154 urbis,
197 5090 225 5139 et
243 5084 400 5163 Antiochiae
414 5087 561 5144 ldaehario.
577 5090 611 5144 Et
627 5090 748 5146 convicti
766 5095 841 5161 sunt,
856 5093 906 5165 qui
956 5091 1045 5160 urbis,
1069 5092 1284 5161 vicinarumque
1309 5092 1443 5162 partium,
1463 5093 1545 5164 jussa
1566 5093 1704 5166 principis
1725 5112 1773 5151 ne-

93 5193 178 5232 unam
205 5180 381 5233 veluntatem
408 5183 436 5234 et
463 5182 660 5250 operationem
686 5185 852 5242 astruebant
875 5186 905 5241 in
954 5185 1089 5247 landast
1101 5183 1235 5240 eumdem
1247 5183 1413 5239 Zachariam
1426 5187 1647 5242 contumeliiset
1658 5188 1772 5259 injuriis

26 5344 30 5349 Ι
90 5270 211 5340 Christo,
238 5270 354 5327 falsasse
380 5273 496 5328 Petrum
521 5275 730 5333 catholicorum
755 5278 828 5334 dicta
854 5295 905 5351 per
954 5279 991 5334 ab
1004 5279 1073 5334 urbe
1088 5279 1176 5334 Roma
1188 5277 1304 5349 repulit.

89 5364 222 5439 plurima.
238 5365 329 5421 Finito
342 5370 440 5423 antem
453 5367 597 5439 conflictu,
611 5371 747 5445 Georgius
761 5376 904 5430 correctus
987 5373 1092 5437 Quarto
1109 5387 1184 5427 anno
1196 5371 1361 5440 iustiniani,
1375 5372 1404 5427 in
1426 5372 1544 5428 Francia
1561 5373 1698 5446 Pippinus
1715 5376 1772 5447 pri-

90 5458 147 5525 cst;
161 5457 318 5534 blacharius
330 5475 397 5515 vero
417 5476 484 5516 cum
499 5463 557 5518 saris
572 5465 752 5537 sequacibus,
767 5466 854 5522 simul
876 5470 904 5522 et
953 5481 1019 5520 rnus
1033 5466 1124 5537 major
1138 5465 1242 5521 domus
1252 5465 1340 5536 regia
1354 5464 1486 5521 aflicitur.
1503 5464 1622 5539 Sergius
1637 5483 1710 5540 papa
1722 5485 1768 5524 or·

87 5551 320 5621 praecessoribus,
353 5554 439 5625 tyro,
470 5556 586 5628 Sergio,
617 5558 755 5626 Honorio,
782 5558 901 5631 Pyrrho,
952 5558 1061 5614 dinavit
1081 5557 1274 5615 venerabilem
1297 5559 1390 5614 virum
1414 5558 1644 5616 Gnillehrordum
1666 5578 1771 5634 cogno

86 5640 175 5698 Paulo
199 5648 228 5699 ct
244 5646 328 5702 Petro
346 5648 614 5729 anathematizatus;
630 5656 663 5733 et¹
676 5651 820 5734 inlocum
840 5653 902 5724 ey'us
951 5657 1050 5709 mento
1061 5648 1251 5721 Clementem,
1262 5651 1431 5709 Fresionum
1442 5653 1521 5723 genti
1531 5653 1769 5729 episcopnm;qui

86 5735 286 5815 theophanius
303 5738 390 5796 abbas
409 5741 444 5797 de
463 5741 555 5801 Sicilia
576 5744 735 5803 Antiochia
753 5745 914 5821 episeopus.
951 5747 1069 5804 natione
1082 5746 1216 5821 Anglicus
1233 5745 1270 5803 de
1289 5744 1437 5803 Britannia
1457 5746 1659 5821 peregrinatus
1671 5754 1725 5817 est,
1738 5754 1768 5807 et
