3750 6046
395 156 551 219 nrsroaut
571 161 836 217 autruususrvus.
853 189 887 201 -
901 149 987 217 ruas
1005 158 1036 216 u.
1052 190 1085 199 -
1100 160 1164 216 tra.
1187 157 1232 216 m.
1603 161 1654 219 aaa
1709 168 1712 175 ·

72 298 86 335 o
103 281 236 353 suscepit.
255 282 405 339 llarhertus
425 288 521 339 autern
543 285 577 339 de
593 285 791 340 honastcriolo
802 297 830 368 Α
841 283 971 356 praesulis
990 284 1134 339 conditam
1155 283 1336 338 invenerunt.
1358 283 1487 355 Cumque
1507 283 1655 340 eeclesiam
1736 348 1740 355 ,

72 391 86 428 s
110 376 378 449 monachus,quem
400 377 508 449 ipsein
534 379 655 434 Uticensi
676 380 792 435 ecclesia
844 378 1018 447 introissent,
1044 377 1150 448 ibique,
1174 382 1258 448 prout
1278 375 1398 432 caelestis
1425 377 1516 447 gratia
1533 377 1655 449 siugulis

72 476 150 537 erat,
166 486 231 524 cunr
246 484 280 525 eo
296 486 415 542 peregre
430 472 636 542 proiectusest,
651 472 793 528 ctWillel-
844 472 1046 542 inspiraverat,
1078 471 1167 526 ileum
1199 474 1343 537 orassent,
1375 470 1565 526 Theodericus
1593 475 1656 543 post

72 561 194 631 rericus,
212 569 405 633 cognomento
426 565 503 619 Bona
526 564 640 633 Anima,
664 565 791 621 ltadhodi
843 563 948 619 multas
974 565 1114 635 lacrymas
1139 562 1173 618 de
1193 564 1322 619 oratione
1347 563 1485 631 surrexit,
1510 567 1539 618 et
1560 564 1656 619 labore

72 654 121 708 usis
145 655 272 727 episcopi
291 656 374 721 filius,
399 658 447 727 qui
473 658 635 712 succedenti
664 663 791 729 tempore
842 656 1004 727 senectutis,
1027 657 1168 729 toedioque
1192 656 1298 719 maris,
1321 656 1439 727 aliisque
1467 657 1655 712 incommodis
1731 696 1738 705 -

72 763 241 819 magensem
258 749 441 820 metropolim
456 749 515 805 fere
536 766 615 806 xxxvi
629 752 711 805 anuis
726 768 789 806 nac·
842 750 945 805 fractus
961 751 991 806 iu
1006 750 1123 805 ecclesio
1135 750 1236 805 anricus
1252 750 1366 805 resedit.
1383 751 1459 806 Tunc
1472 751 1508 806 ab
1523 751 1655 824 episcopo

72 950 82 977 r
106 935 262 991 Theoderici
282 936 388 992 obtatis
410 939 438 991 iu
458 936 601 992 Orientem
628 941 700 994 Mors
726 939 790 1008 cius.
842 941 1048 1009 terrogaretur,
1063 936 1230 1008 respoudit:
1251 957 1264 984 «
1286 937 1462 993 Terrestrem
1485 938 1654 1005 Jerusalem,

72 1028 157 1083 iebus
168 1028 223 1083 illis
241 1034 304 1083 erat
317 1029 464 1102 quoddam
481 1030 647 1086 honorabile
661 1032 790 1087 xenodo·
842 1029 882 1083 mi
895 1030 988 1098 Pater,
1003 1029 1080 1085 adire
1094 1029 1215 1099 decrevi,
1231 1030 1280 1085 sed
1292 1029 1377 1086 credo
1391 1031 1462 1086 mihi
1477 1031 1561 1087 aliter
1573 1048 1590 1087 a
1605 1033 1656 1086 llo·

85 1119 115 1176 iu
134 1121 257 1176 coufluiu
278 1122 473 1193 BaJoariornm
493 1128 521 1178 et
539 1125 697 1193 Hunorum,
714 1126 790 1196 quod
842 1123 920 1177 mino
946 1122 1070 1194 disponi.
1092 1122 1238 1178 anxietate
1266 1124 1394 1196 eorporis
1421 1124 1501 1180 valde
1527 1125 1654 1185 crucior:

72 1248 74 1263 ·
96 1218 126 1271 et
149 1219 281 1285 potentes
305 1214 456 1272 Christiani
476 1216 511 1271 de
530 1217 792 1290 circumjacentibus
843 1215 918 1271 uude
937 1216 1081 1272 coelcstem
1101 1216 1194 1288 magis
1212 1232 1299 1288 quam
1317 1221 1484 1274 terrestrem
1496 1219 1653 1275 Jerusalem

75 1305 129 1362 ciis
147 1307 332 1362 instituerant
346 1308 381 1363 ad
397 1309 610 1381 susceptionem
629 1326 790 1382 pauperum
841 1309 1031 1381 appetendam
1054 1324 1115 1364 esse
1139 1309 1269 1365 arbitror.
1296 1333 1310 1359 u
1334 1311 1385 1366 Cui
1413 1311 1564 1384 episcopus
1583 1312 1652 1368 ait:

72 1400 257 1472 egrinorum.
275 1402 352 1457 Tuuc
370 1406 511 1474 ansgotus
526 1404 705 1460 Normannus
725 1405 791 1461 huic
842 1423 856 1451 u
877 1404 945 1473 Ego,
962 1402 1128 1459 charissime
1148 1403 1249 1470 frater,
1264 1419 1339 1458 nuuc
1357 1404 1405 1458 ibo
1423 1404 1582 1475 hospitium
1601 1404 1654 1461 tibi

72 1493 156 1549 ocbio
177 1494 315 1549 electione
335 1494 536 1567 indigenarum
554 1501 686 1568 praerat.
708 1500 733 1553 ls
751 1499 791 1553 ni·
844 1511 1006 1567 procurare,
1029 1499 1059 1550 et
1084 1499 1112 1551 tu
1134 1495 1248 1551 iuterim
1270 1496 1315 1551 hic
1337 1497 1438 1552 sedens
1461 1497 1616 1570 requiesce.
1638 1520 1653 1549 u

72 1587 213 1657 aldegarii
232 1587 367 1652 Tocuitis,
381 1589 431 1659 qui
443 1589 611 1660 hispanicus
629 1590 788 1661 vocabatur,
840 1590 996 1661 Episcopus
1013 1589 1110 1661 itaque
1124 1589 1282 1660 hospitium
1295 1588 1349 1644 sihi
1367 1605 1497 1662 quaerere
1515 1593 1653 1663 perrexit,

72 1697 112 1736 ‚us
132 1684 205 1749 erat,
225 1684 254 1736 at
276 1681 328 1737 sub
350 1681 470 1737 ducibus
490 1683 719 1740 Normanuorum
739 1685 788 1741 ni·
801 1661 828 1732 Β
840 1687 868 1738 et
879 1681 1070 1739 Theodericus
1083 1682 1117 1737 ad
1133 1683 1220 1739 altare
1235 1682 1363 1750 accessit,
1379 1682 1475 1756 ibique
1487 1684 1537 1740 diu
1551 1686 1653 1754 Deum,
1742 1722 1745 1727 -

72 1791 79 1827 s
97 1778 130 1829 et
153 1773 292 1830 liutberto
315 1775 448 1830 nobiliter
472 1776 654 1843 militaverat;
678 1778 728 1834 sed
752 1780 788 1834 ti-
841 1776 884 1831 cui
899 1776 933 1831 ab
945 1776 1066 1832 infantia
1079 1776 1203 1832 fideliter
1217 1776 1362 1840 servierat,
1375 1776 1473 1833 oravit.
1488 1777 1596 1836 Deinde
1609 1796 1653 1836 co·

72 1867 124 1922 Dei
145 1872 331 1939 compunctus
347 1868 444 1924 omnia
463 1870 561 1924 muudi
576 1870 744 1942 reliquerat,
761 1877 791 1928 et
841 1887 902 1925 ram
916 1870 997 1926 altari
1017 1888 1046 1925 se
1061 1870 1096 1926 ad
1113 1870 1257 1927 Orientem
1278 1872 1438 1943 prostravit,
1452 1888 1564 1944 pannos
1579 1874 1652 1929 cirea

72 1960 239 2016 iurationem
265 1965 352 2033 atque
377 1966 564 2034 spontaneam
590 1968 788 2037 paupertatem
839 1979 869 2017 se
893 1963 1011 2020 honeste
1034 1963 1203 2036 composuit,
1224 1980 1309 2037 super
1329 1964 1463 2021 dextrum
1479 1967 1555 2021 latus
1575 1982 1654 2023 recu·

72 2053 132 2110 vita
154 2071 204 2109 sua
229 2056 384 2111 tenendam
409 2072 460 2127 pro
486 2056 597 2112 Christo
619 2059 787 2130 arripuerat.
839 2057 921 2127 bans,
936 2057 1018 2130 quasi
1030 2057 1155 2113 dormire
1168 2058 1277 2127 volens,
1288 2063 1468 2131 caputsuum
1482 2075 1569 2133 super
1580 2078 1654 2117 mar·

83 2148 294 2205 Theodericum
312 2149 443 2205 abbatem
462 2167 528 2206 cum
541 2150 622 2206 sociis
634 2151 691 2208 suis
709 2152 787 2221 vidit,
840 2166 971 2206 moreum
985 2150 1106 2223 gradum
1115 2151 1272 2220 reclinavit,
1284 2168 1443 2225 manusque
1454 2169 1541 2225 super
1553 2159 1654 2227 peetus

72 2257 81 2297 c
96 2243 275 2313 recognovit,
290 2248 319 2298 et
336 2242 445 2314 aliquot
458 2243 559 2298 diebus
572 2249 602 2300 ut
616 2247 786 2318 compatrio-
839 2245 867 2298 in
880 2244 998 2300 modum
1012 2244 1103 2300 crucis
1116 2245 1231 2317 aptavit,
1243 2245 1340 2317 sicque
1351 2246 1410 2301 llal.
1427 2247 1545 2318 Augusti
1560 2244 1582 2320 [t
1587 2246 1650 2317 0581

72 2334 192 2391 ‚abiliter
204 2336 332 2404 retinuit,
345 2341 431 2408 atque
447 2353 565 2393 omnem
580 2339 787 2397 humanitatem
839 2336 954 2394 fidelem
968 2338 1100 2410 spiritum
1114 2339 1174 2394 Deo
1188 2332 1316 2394 Creatori
1331 2338 1466 2395 reddidit.

72 2429 168 2485 libuit.
874 2430 1028 2504 Episcopus
1042 2436 1147 2498 autem,
1163 2430 1287 2505 hospitio
1300 2436 1470 2505 praeparato,
1486 2433 1652 2491 ministrum

72 2538 125 2579 rea
141 2523 261 2594 qnidam
281 2524 431 2596 religiosus
445 2526 641 2598 hatoariorum
660 2529 788 2600 pontifex
839 2524 963 2581 hominis
987 2526 1035 2581 llei
1062 2525 1209 2594 accersiit,
1232 2540 1356 2598 eumque
1387 2542 1437 2598 pro
1460 2526 1520 2582 viro
1549 2528 1597 2584 Dei
1621 2528 1652 2585 in

72 2633 93 2673 e
112 2616 295 2689 proficiscens
308 2619 374 2675 illuc
394 2620 518 2690 advenit,
536 2638 624 2694 quem
642 2623 788 2696 hospitalis
838 2619 985 2675 ecclesiam
998 2618 1085 2675 misit.
1099 2620 1225 2676 lllevem
1244 2622 1403 2677 utservum
1416 2619 1466 2677 [lei
1482 2620 1652 2679 defunctum
1732 2638 1735 2643 ·

72 2726 116 2767 rus
140 2728 204 2766 cum
228 2712 362 2768 omnibus
382 2715 439 2769 suis
461 2715 620 2785 clientibus,
646 2734 725 2774 more
747 2735 788 2776 so·
841 2713 868 2767 in
890 2712 1005 2770 ecclesia
1032 2712 1151 2782 invenit,
1174 2712 1290 2770 territus
1316 2712 1353 2771 ad
1377 2715 1536 2772 antistitem
1558 2715 1652 2786 rediit,

73 2805 156 2878 iquot
171 2804 270 2862 diebus
287 2806 394 2863 ibidem
408 2808 535 2865 retinuit.
550 2811 655 2867 Deinde
670 2828 786 2869 venera·
839 2814 1029 2880 eventumque
1046 2808 1223 2880 insperatum
1243 2808 1382 2865 tremulus
1397 2809 1507 2867 retulit.
1522 2810 1575 2867 Sed
1593 2811 1653 2883 epi-

72 2899 283 2956 Theoderieum
303 2918 369 2956 cnm
389 2903 447 2958 suis
467 2904 630 2977 pedisequis
643 2905 669 2961 ei
682 2905 789 2978 suppli·
838 2917 940 2973 scopus
960 2901 1052 2956 virum
1077 2901 1127 2957 nei
1148 2905 1208 2957 tam
1231 2901 1326 2958 subito
1351 2901 1490 2975 migrasse
1513 2920 1572 2961 uon
1593 2920 1653 2960 cre·

72 2993 275 3063 immendavit,
286 2999 315 3052 et
327 3002 441 3069 quantae
451 2998 607 3055 sanctitatis
616 3000 690 3071 opud
700 3000 786 3057 Deum
838 2995 918 3064 dens,
939 2994 1008 3051 uit:
1035 3016 1049 3043 v
1063 2994 1158 3050 'l’aedio
1179 2996 1276 3067 muris,
1296 2997 1445 3069 nimioque
1466 3001 1538 3055 testu
1560 2998 1653 3055 bonus
1757 3032 1763 3053 ι

72 3086 204 3144 limitetis
224 3103 293 3159 erga
312 3089 444 3146 homines
462 3091 492 3147 iu
516 3109 568 3147 sua
588 3093 681 3166 patria
701 3097 785 3162 esset,
838 3089 933 3145 senior
953 3088 1034 3144 valde
1055 3088 1188 3161 fatigatus
1204 3095 1265 3160 est;
1283 3089 1402 3163 ideoque
1422 3108 1498 3148 nunc
1517 3092 1548 3148 in
1572 3092 1653 3149 refri·

72 3186 129 3237 ater
156 3182 311 3238 enarravit.
340 3185 443 3240 Presm
471 3188 587 3254 autem,
613 3187 710 3243 audita
733 3188 787 3244 viri
835 3183 916 3255 gerio
931 3182 1054 3240 ecelesiae
1067 3199 1154 3256 super
1166 3184 1304 3256 frigidum
1315 3201 1444 3242 marmor
1458 3185 1536 3242 suavi
1549 3202 1652 3259 sopora

72 3277 127 3337 ste,
138 3275 196 3330 Deo
209 3276 316 3347 gratias
329 3277 398 3348 egit,
410 3295 544 3352 eumque,
558 3283 589 3335 ut
601 3280 720 3337 decebat
727 3287 787 3338 tan-
835 3278 969 3335 detentus
990 3282 1042 3334 est.
1065 3278 1168 3333 Eamus
1193 3294 1270 3334 nunc
1291 3294 1357 3336 eum
1375 3279 1528 3336 visitare.»
1544 3282 1652 3337 Praesul

73 3384 153 3437 rum,
167 3367 333 3442 benigniter
346 3374 479 3444 suscepit,
490 3390 645 3447 secumque
657 3390 786 3432 reveren-
836 3372 932 3444 itaque
958 3387 1023 3427 cum
1049 3371 1162 3428 clericis
1188 3373 1246 3427 suis
1271 3373 1299 3427 in
1322 3373 1469 3430 eeclesiam
1496 3375 1652 3448 precessit.

72 3478 118 3535 pre
132 3463 314 3520 Antiochiam
331 3465 457 3522 deduxit.
472 3466 513 3523 lbi
532 3468 644 3525 diversa
657 3470 784 3542 peregri-
835 3466 933 3529 Quint
951 3481 1115 3538 comparem
1135 3482 1219 3523 snum
1233 3466 1386 3539 diligenter
1399 3468 1503 3540 tetigit,
1523 3485 1650 3542 eumque

72 3560 162 3612 nutas
174 3558 275 3614 oborta
285 3563 338 3614 est.
354 3560 426 3616 Nam
438 3561 556 3633 quidam
571 3579 672 3618 eorum
686 3565 785 3619 terres·
836 3565 928 3616 morte
953 3559 1083 3632 gelidum
1110 3560 1230 3632 reperit,
1256 3564 1375 3634 stupens
1400 3561 1559 3618 condoluit.
1586 3564 1649 3618 tior

73 3666 100 3721 r,
123 3655 156 3706 ut
177 3656 330 3724 coeperant,
351 3655 491 3726 usquein
512 3656 666 3712 ierusalem
689 3659 785 3713 tenere
835 3669 936 3708 omnes
957 3653 1134 3727 peregrinos,
1159 3653 1207 3725 qui
1225 3654 1288 3724 jam
1313 3670 1367 3727 per
1391 3655 1503 3711 diversa
1525 3654 1652 3727 hospitia

72 3748 112 3800 nt.
127 3744 182 3800 Alii
207 3762 273 3801 varo
289 3747 447 3804 barbariem
468 3749 598 3820 gentium
614 3755 783 3819 metuentes,
836 3746 976 3816 prandere
990 3746 1190 3818 procurabant,
1206 3746 1235 3801 in
1255 3746 1372 3802 ecclesia
1387 3749 1556 3820 congregari
1578 3764 1651 3820 prae·

72 3855 151 3911 aper
169 3844 291 3911 pontum
304 3842 345 3897 ire
361 3841 563 3911 decreverunt,
582 3860 704 3917 quorum
717 3861 783 3900 eon·
834 3840 920 3912 cepit,
934 3839 1134 3912 indigenisque
1154 3839 1230 3895 illius
1248 3840 1303 3896 loci
1324 3840 1410 3896 vitam
1428 3841 1553 3897 defuncti
1568 3858 1648 3914 pere·

73 3933 187 3988 ontifex
210 3938 240 3989 et
260 3935 361 4003 abbas,
385 3936 500 4011 aliique,
518 3939 614 4008 plures
635 3954 784 3995 assensum
835 3933 909 4005 griui
931 3932 1053 3989 fideliter
1073 3933 1179 3989 retulit.
1195 3934 1238 3990 llli
1258 3950 1335 4001 vero,
1351 3937 1498 4007 comperta
1513 3936 1574 4006 ejus
1587 3936 1651 3991 reli-

72 4033 163 4082 srunt.
177 4030 306 4100 Cumque
319 4031 422 4101 praesul
437 4046 540 4087 navem
560 4037 717 4105 nautasque
732 4048 782 4104 pa·
835 4027 931 4100 giem,
956 4028 1044 4101 gavisi
1068 4033 1144 4095 suut,
1167 4031 1196 4082 et
1220 4027 1356 4100 obsequia
1378 4045 1427 4084 sua
1449 4029 1648 4102 impensasque

72 4121 250 4193 requireret,
271 4125 300 4177 ei
321 4123 437 4196 quidam
456 4125 605 4197 religiosus
626 4127 784 4182 arehiman-
833 4121 944 4176 catoris
968 4120 1127 4193 peregrinis
1153 4121 1318 4193 benigniter
1343 4121 1518 4180 obtulerunt.
1542 4123 1650 4179 Deinde

72 4214 195 4270 ooeuohii
227 4216 320 4271 Sancti
352 4216 491 4273 Simeonis
519 4220 548 4273 in
583 4226 665 4291 portu
697 4221 783 4292 Syriai
834 4215 936 4287 presul
958 4214 1093 4270 defuncto
1116 4216 1263 4286 exsequias
1285 4232 1351 4272 cum
1373 4217 1482 4273 clericis
1504 4219 1562 4272 suis
1581 4234 1648 4290 per·

72 4308 178 4365 ericum
197 4324 264 4364 cum
281 4310 339 4364 suis
357 4311 505 4367 comitibus
519 4313 723 4368 honorabiliter
736 4313 784 4368 de.
834 4309 925 4375 solvit,
943 4307 1026 4379 eique
1045 4309 1221 4379 sepulturam
1241 4315 1306 4365 ante
1322 4314 1418 4382 portas
1432 4311 1558 4366 ecelesiae
1573 4327 1590 4366 a
1603 4326 1647 4366 re·

73 4445 81 4469 ,
98 4402 255 4459 lierbertus
274 4404 410 4460 Uticensis
429 4406 588 4462 monachus
609 4408 662 4462 iter
681 4401 824 4473 acuatu-l)
835 4402 921 4474 liquis
940 4401 1100 4472 peregrinis
1114 4402 1175 4457 llari
1190 4402 1285 4473 jussit.
1300 4403 1341 4458 llli
1355 4407 1450 4458 numm
1470 4403 1577 4459 baculis
1592 4404 1650 4459 suis

72 4495 214 4552 desiderio
231 4497 410 4571 fatigabatur,
432 4501 583 4573 magisque
605 4517 657 4573 per
677 4508 782 4557 terram
835 4496 881 4551 ubi
907 4495 1035 4567 pontifex
1055 4499 1231 4568 praeceperat
1253 4496 1357 4551 fossam
1377 4496 1517 4563 fecerunt,
1539 4496 1573 4551 ad
1599 4496 1648 4552 de-

76 4606 132 4663 per
159 4604 240 4647 mare
265 4597 360 4649 sancta
386 4593 446 4649 luca
473 4597 605 4666 expetere
631 4595 782 4651 nitebatur,
834 4590 923 4644 structi
945 4589 1066 4662 glebam,
1087 4594 1229 4661 presente
1249 4589 1387 4657 antistite,
1408 4592 1598 4658 accesserunt,
1621 4594 1651 4644 et

84 4684 182 4756 itaque
205 4702 272 4741 sarus
293 4687 319 4742 ei
341 4687 483 4742 licentiam
509 4688 594 4743 errndi
618 4705 674 4760 quo
699 4689 784 4745 vellet
834 4683 946 4740 deferre
966 4683 1003 4739 ad
1026 4683 1228 4739 tumulandum
1250 4684 1412 4738 voluerunt.
1432 4683 1486 4738 Sed
1508 4689 1578 4738 nutu
1598 4682 1648 4739 [lei

71 4777 120 4833 llle
134 4782 230 4835 autem
244 4783 380 4836 terrestre
394 4781 449 4836 iter
463 4798 593 4853 carpens,
608 4799 672 4837 cum
688 4791 784 4838 turma
835 4779 873 4832 ite
891 4794 995 4850 corpus
1015 4781 1205 4850 aggravatum
1224 4780 1276 4847 est,
1297 4781 1330 4832 ut
1349 4793 1366 4832 a
1385 4777 1446 4832 loco
1465 4776 1649 4833 dormitionis

72 4887 98 4927 m
123 4888 211 4944 usque
232 4873 394 4930 Laodiciam
417 4876 556 4946 pervenit,
579 4876 676 4948 ibique
699 4877 783 4931 rebe·
833 4871 997 4928 nullatenus
1015 4872 1121 4928 moveri
1135 4872 1283 4944 potuisset.
1301 4870 1384 4936 Quod
1403 4885 1522 4927 cernens
1544 4871 1649 4942 episeo-

72 4982 81 5020 r
104 4970 249 5038 agrotans
271 4968 351 5023 sociis
371 4968 544 5024 abeuntibus
564 4970 611 5025 diu
633 4971 781 5026 remansit.
833 4982 886 5036 pus
905 4982 970 5022 cum
991 4966 1123 5021 omnihus
1138 4967 1187 5038 qui
1209 4965 1337 5034 aderant,
1353 4964 1433 5020 valde
1449 4965 1569 5021 miratus
1587 4971 1646 5034 est;

72 5074 165 5132 :quam
179 5060 226 5116 vix
248 5060 284 5116 de
305 5062 408 5117 lectulo
430 5063 559 5134 surrexit,
575 5080 632 5119 non
650 5063 679 5119 in
698 5067 783 5119 autea
833 5061 1001 5134 diutinoque
1030 5077 1095 5116 carm
1120 5060 1203 5115 sociis
1227 5059 1409 5130 stupentibus
1434 5059 1503 5132 quid
1527 5064 1649 5131 agerent

84 5154 216 5224 tetendit,
232 5154 283 5210 sed
298 5154 364 5211 Eois
383 5157 508 5228 partibus
528 5158 639 5229 relictis,
655 5158 782 5213 occiden-
834 5159 954 5212 tractatu
970 5155 1075 5227 potitus
1098 5160 1149 5210 est.
1163 5154 1289 5210 ‘laudem
1309 5153 1406 5209 diviua
1426 5154 1542 5209 edoctus
1564 5154 1648 5226 inspi-

72 5248 272 5305 tormanniam
287 5251 453 5321 quantocius
466 5251 590 5323 repetiit.
833 5249 942 5304 ratione
960 5247 1032 5303 dixit
1047 5265 1054 5302 ι
1070 5270 1084 5297 «
1097 5247 1145 5302 Vir
1164 5246 1217 5302 iste
1237 5263 1352 5319 magnae
1372 5247 1528 5304 sanctitatis
1542 5247 1605 5314 istit,
1619 5253 1648 5303 et

73 5340 111 5398 de
124 5342 230 5414 praesul
244 5348 273 5398 et
283 5343 476 5401 Theodericus
490 5349 518 5400 et
533 5345 688 5402 tiittelmus
703 5348 781 5403 noua
832 5343 889 5398 vito
907 5342 968 5414 ejus
986 5344 1018 5396 ut
1038 5358 1113 5397 nunc
1131 5341 1224 5397 lucide
1240 5341 1442 5397 manifestatur
1459 5341 1517 5395 ileo
1529 5340 1646 5413 placuit.
1746 5364 1763 5389 ι

72 5479 78 5503 ,
101 5436 226 5509 sociique
248 5453 347 5493 eorum
371 5439 400 5494 iu
424 5446 507 5511 portu
527 5440 620 5495 Sancti
642 5440 782 5497 Simeonis
832 5436 923 5505 Unde,
950 5439 981 5491 ut
1001 5452 1074 5499 reor,
1096 5435 1220 5508 digniori
1242 5436 1304 5491 loco
1324 5434 1410 5490 debet
1433 5433 1557 5507 sepeliri,
1580 5440 1648 5490 eta

79 5530 281 5600 ascenderunt,
292 5535 323 5587 et
334 5532 479 5589 sulcantes
490 5550 607 5605 aequora
618 5534 780 5608 inCyprum
831 5530 912 5588 nohis
925 5530 1074 5587 celebriori
1098 5530 1261 5585 reverentia
1279 5546 1332 5602 pro
1353 5546 1432 5600 posse
1451 5534 1549 5584 nostro
1565 5528 1649 5585 debat

72 5625 323 5697 nnavigaverunt,
338 5626 433 5698 ibique
447 5628 475 5683 in
490 5628 583 5683 littore
599 5628 686 5683 maris
698 5629 782 5684 abba·
832 5626 936 5683 amodo
957 5625 1079 5682 tractari.
1101 5627 1179 5683 Nurac
1202 5624 1290 5697 igitur
1309 5639 1362 5695 ego
1383 5639 1447 5679 cum
1469 5623 1577 5678 clericis
1596 5638 1649 5694 pro

72 5718 153 5775 ¹sancti
182 5718 286 5775 Nicolai
311 5720 478 5777 confessoris
503 5723 661 5795 hyrcorum
686 5722 779 5779 archi·
831 5722 925 5778 anima
944 5719 1122 5793 ejusdivime
1143 5718 1286 5791 majestati
1303 5716 1468 5793 persolvam
1484 5715 1656 5785 celebratiu-
