3750 6046
520 187 676 251 insuauia
695 187 960 250 uacuasnsrlcn.
976 192 1011 234 ’-
1024 190 1111 251 PARS
1129 192 1225 252 111.-
1240 192 1304 253 ula.
1324 190 1369 252 xl.
1732 196 1784 257 aab
1854 206 1857 211 '

764 374 1538 387 ——m—-un———u——a—-an—-u--n-—m--u--n--u
1543 376 1676 387 ..ια-ιι.
1684 378 1780 392 *nv-‚q

604 519 875 611 sbhuualuh
907 519 1030 608 LIBRI
1062 520 1287 611 UNBECIIII.

115 771 121 785 .
213 731 354 798 Prolapses.
366 732 552 797 Philosophiae
565 734 709 786 sententie.

127 851 134 862 .
213 815 332 867 Eventus
346 814 420 865 uarii
434 813 463 865 in
476 813 574 878 Anplia
588 815 613 865 et
629 812 800 868 Nmnanma
813 812 861 865 sub
875 812 990 866 ilenrico
1004 824 1064 877 repe
1076 814 1101 865 et
1114 812 1226 865 boberto
1240 812 1312 865 dues.

138 933 145 945 .
212 894 398 947 contentiones
417 897 441 947 et
463 893 529 946 bella
550 895 623 947 inter
641 894 787 947 lienrtcnm
804 906 890 960 repens
908 896 934 947 et
949 893 1092 947 boherium
1112 892 1143 944 dc
1161 893 1282 945 betuna.
1304 893 1355 946 liic
1376 906 1460 946 amnes
1479 906 1533 946 sese
1553 895 1651 948 victori
1672 895 1783 950 subdms

243 976 358 1040 aopltur.

137 1096 144 1108 .
210 1058 338 1112 liebertus
352 1058 383 1110 de
397 1057 509 1110 belismo
524 1058 553 1108 ln
569 1059 767 1112 Norruonnlon
782 1059 892 1120 transit,
907 1057 994 1122 ibique
1008 1056 1080 1109 mola
1091 1056 1213 1120 plurima
1224 1055 1519 1120 perpetrassemus
1533 1058 1676 1110 liobertum
1692 1058 1784 1111 ducem

242 1140 369 1203 insurplt.
382 1140 418 1191 lte
431 1138 608 1203 onerandam
624 1139 748 1191 uirorum
761 1141 855 1190 morte,

122 1257 129 1271 .
215 1222 268 1273 l'oo
287 1220 460 1273 cornotensis
481 1220 623 1283 episcopm.
642 1219 729 1271 Adetu
747 1219 885 1273 comitisse
906 1219 1079 1273 carnotensis
1099 1216 1206 1269 soboles.
1226 1219 1344 1270 Euentus
1362 1217 1436 1269 oarii
1456 1218 1484 1269 in
1503 1218 1602 1282 haphe
1620 1221 1646 1271 et
1666 1220 1695 1270 in
1713 1221 1783 1274 Nor·

242 1313 364 1352 mannua,

209 1383 324 1445 Mapnus
335 1382 572 1447 Nortwipenarum
586 1393 636 1432 rea
651 1381 679 1431 in
694 1380 859 1444 expeditione
872 1380 976 1432 ouidii.

209 1462 356 1514 hadericus
370 1462 401 1514 de
415 1462 532 1513 Francia
549 1461 621 1526 illius
636 1460 752 1525 Philippi
766 1462 836 1525 repis
849 1462 878 1511 lu
892 1460 1018 1525 Analiam
1033 1457 1204 1522 transfretat.
1218 1460 1352 1512 bertrada
1367 1459 1423 1523 ejus
1437 1471 1551 1511 noaema
1568 1460 1597 1511 in
1612 1472 1672 1513 rum
1685 1461 1781 1513 machi·

241 1546 335 1595 natur.
349 1544 481 1595 henricus
492 1555 543 1594 ree
555 1544 584 1593 in
599 1542 797 1596 Normnnniam
809 1543 911 1593 transit
928 1545 953 1594 et
965 1541 1108 1594 hebertum
1121 1539 1212 1591 ducem
1225 1539 1340 1604 tratrem
1353 1552 1433 1592 seeum
1447 1540 1547 1593 visitat

210 1623 331 1675 liutesie
345 1623 541 1675 tribulationes.
555 1623 629 1675 serlo
647 1623 779 1686 suumn
793 1623 927 1686 episcopus
941 1622 1087 1674 henricum
1101 1632 1188 1685 repem
1202 1623 1227 1672 et
1243 1620 1300 1684 ejus
1314 1632 1436 1684 proceres
1452 1621 1488 1672 ad
1504 1620 1614 1672 borbone
1637 1625 1662 1674 et
1673 1623 1781 1687 capillos

243 1704 387 1756 tondendos
402 1706 506 1757 incitat.

137 1823 144 1836 .
209 1786 384 1837 buamundus
398 1786 544 1837 Antiochia
558 1785 614 1836 dua
628 1786 657 1836 in
672 1785 817 1837 branciam
836 1785 917 1837 uenit.
933 1785 1051 1837 armeus
1066 1784 1147 1835 uarii.
1164 1784 1295 1835 ilenrlcen
1310 1794 1360 1835 rea
1378 1785 1403 1836 et
1420 1782 1548 1836 hebertus
1568 1782 1657 1847 trater
1671 1784 1702 1835 de
1717 1796 1783 1848 pace

248 1866 365 1917 ineunda
379 1865 486 1930 trustra
501 1866 633 1917 laborant.

124 1985 131 1996 .
209 1946 349 1998 Discordia
366 1946 438 1998 inter
452 1946 519 1998 duos
534 1945 665 2008 tratresa
681 1946 776 2010 puibus
792 1945 917 2010 malipnis
935 1944 1096 1996 concitatur.
1113 1945 1244 1996 ilenricus
1263 1956 1314 1996 rea
1331 1956 1391 1997 cum
1407 1944 1518 1998 lieberto
1533 1944 1599 1996 duce
1611 1956 1709 1997 monus
1722 1957 1781 1998 oon
1842 1968 1845 1973 ·

239 2028 307 2079 serit
321 2031 346 2079 et
360 2040 419 2079 eum
434 2027 506 2091 apud
523 2027 728 2079 Teuchebraium
743 2026 853 2079 debellat
863 2030 943 2091 atque
954 2026 1159 2089 comprehendit.

137 2145 143 2159 .
208 2108 336 2161 liebertus
351 2108 520 2160 belesmensis
534 2110 704 2162 Narmannos
716 2111 812 2159 contra
828 2109 972 2160 Henricum
984 2120 1071 2171 repom
1083 2118 1181 2158 rursus
1195 2107 1314 2158 oscitare
1327 2110 1450 2158 conatur.

146 2228 152 2240 .
208 2189 383 2241 buamundus
398 2188 589 2251 adjuvantibus
602 2188 713 2240 boberto
725 2189 756 2239 de
769 2187 914 2250 Montsorti
925 2190 950 2239 et
962 2187 1090 2250 plurimis
1104 2187 1167 2239 attis
1181 2187 1326 2238 aaronitae
1340 2185 1529 2250 expeditionem
1548 2187 1577 2237 in
1594 2187 1783 2249 imperatorem

240 2270 567 2333 curestantinopolitanum
588 2269 707 2332 sucipit.
732 2271 807 2322 iiors
829 2269 918 2320 ilorci
940 2267 1103 2319 buamundi.
1129 2267 1273 2320 Antiochia
1296 2280 1314 2318 a
1337 2267 1473 2320 munina
1497 2270 1594 2319 contra
1618 2268 1781 2319 Sarraoems

237 2349 399 2412 detenditur.

96 2432 166 2483 xlii.
185 2474 188 2478 .
208 2429 360 2482 balduim
374 2441 424 2481 ree
437 2442 455 2480 a
466 2430 624 2482 &renconis
638 2428 880 2492 comprehenditur.

96 2513 165 2565 xlv.
207 2511 362 2575 Slnpulares
378 2511 507 2563 balduini
519 2514 543 2563 et
557 2510 735 2575 pmrundcm
749 2510 868 2563 aliorum
882 2510 1000 2565 militurn
1011 2522 1097 2562 casus.

96 2594 152 2645 XV.
207 2594 244 2644 De
260 2593 337 2643 rebus
353 2592 381 2643 in
392 2593 552 2655 principatu
566 2590 714 2644 Antiochia
729 2592 817 2656 pestis.

96 2674 163 2726 xvi.
208 2676 256 2726 iles
274 2675 303 2724 iu
317 2675 488 2728 Normonnla
504 2675 529 2725 st
543 2673 609 2725 alibi
626 2676 710 2737 peste.
729 2672 884 2725 Guilelmus
901 2673 932 2725 de
947 2675 998 2726 llos
1012 2672 1199 2725 liiscannensls
1213 2670 1301 2724 abbas.
1319 2673 1436 2736 lioperus
1454 2669 1604 2734 bajocensis
1618 2671 1643 2722 ei
1655 2670 1779 2723 suoeedlt.

237 2756 354 2806 loannes
367 2754 500 2818 sopimuis
512 2752 726 2805 archidiaconus.
742 2755 778 2805 be
789 2752 967 2818 quorumdam
984 2753 1066 2805 obitu.

96 2837 175 2889 xvll.
207 2838 327 2888 licentra
341 2837 423 2887 narii.
440 2836 551 2887 Abbates
565 2839 590 2887 et
602 2837 709 2899 priores
720 2837 820 2899 melate
833 2836 958 2900 issstpncs.

95 2917 186 2969 xliii.
208 2916 346 2979 Philippus
365 2918 380 2968 1
398 2918 568 2968 tirannorum
589 2928 639 2967 ren
661 2917 789 2968 moritur.
812 2916 960 2968 ludovicus
980 2916 1053 2979 tilius
1075 2915 1141 2978 eiua
1163 2916 1193 2965 in
1215 2927 1297 2979 repno
1318 2914 1442 2966 succedit.
1464 2914 1629 2966 bellimontis
1651 2926 1735 2967 comcs
1755 2916 1781 2968 et

236 2996 496 3048 montismorentiaci
511 2995 633 3048 dorrunus
649 3000 738 3049 terras
751 2997 844 3049 sancti
858 2997 980 3060 bionpsii
997 2996 1138 3047 inuadunt.
1156 2994 1303 3047 ladooicus
1320 3008 1370 3046 ree
1386 2996 1416 3046 in
1431 2994 1568 3047 seditiosos
1586 2993 1697 3048 barones
1714 2995 1780 3047 airi-

240 3077 304 3129 liter
320 3077 402 3129 seuit.

93 3160 163 3210 xlx.
206 3157 338 3210 tierricus
358 3170 407 3208 rea
421 3157 562 3210 liobmtum
585 3156 700 3219 tratrem
719 3169 799 3209 suum
820 3157 955 3222 captiuum
976 3156 1084 3209 detinet.
1104 3158 1222 3209 Eventus
1243 3157 1325 3208 rarii.
1340 3157 1425 3208 Pestis
1444 3159 1468 3209 el
1486 3156 1548 3208 alie
1565 3156 1730 3208 calamitates
1750 3156 1780 3207 ln

236 3237 394 3302 puibsudam
407 3238 499 3290 Galliae
510 3238 635 3301 partibus
648 3239 770 3289 molunt.
1658 3236 1661 3243 '

94 3320 151 3371 xx.
205 3318 346 3370 irascimur
367 3319 582 3377 cantuariensis,
602 3319 678 3381 liupo
698 3318 890 3378 muniremus,
907 3316 1062 3370 duillelmus
1082 3316 1297 3381 hothomoocusis
1313 3316 1524 3380 archiepiscopus
1542 3319 1568 3368 et
1585 3314 1712 3368 nonnuli
1728 3315 1780 3367 alii

237 3398 356 3450 illustres
368 3398 476 3462 metati
490 3401 514 3449 ei
529 3397 647 3450 doctores
661 3399 828 3450 moriuntur.

93 3482 163 3534 XXI.
206 3481 339 3532 henricus
352 3492 402 3530 ree
417 3480 534 3531 Uticense
547 3480 741 3531 monasterium
755 3480 858 3532 visitat.
872 3479 946 3531 Belia
959 3481 1031 3532 inter
1042 3483 1130 3543 pentes
1143 3491 1236 3544 repam
1250 3481 1372 3533 Francius
1386 3483 1411 3532 el
1425 3479 1535 3543 nuptie.
1549 3479 1607 3530 buo
1618 3489 1691 3542 repes
1706 3477 1779 3528 inter

236 3573 264 3612 se
276 3560 436 3625 minantum
450 3560 545 3613 habent
559 3564 584 3612 et
598 3560 681 3623 (edus
697 3562 799 3614 ineunt.

667 3737 837 3831 LIBER
869 3735 1207 3831 UNDECIMUS.

236 3976 256 4031 1.
272 3977 411 4046 Prolopus.
422 3976 612 4048 Philosophiae
620 3980 767 4033 sententia.
920 3976 1015 4068 Albai
1029 3975 1102 4048 polis
1116 3980 1158 4032 est
1172 3974 1279 4032 canolis
1294 3973 1396 4032 leniter
1406 3988 1457 4029 nos
1470 3971 1585 4029 demere
1600 3970 1718 4027 morbis.

130 4070 211 4125 Alme
225 4069 299 4126 Deus
313 4068 449 4140 Sabaoth,
461 4086 508 4126 rex
523 4069 604 4127 fortis
617 4074 719 4126 cuncte
736 4069 908 4143 gubernans,
960 4069 1098 4144 Cogimur
1111 4075 1171 4127 aira
1188 4069 1278 4143 loqui,
1300 4084 1365 4142 quse
1379 4067 1522 4124 cernimus
1542 4070 1593 4122 aul
1607 4065 1775 4133 toleramus,

89 4164 205 4220 Plasrna
218 4167 300 4218 tuum
315 4179 403 4233 serra,
420 4180 525 4219 numen
541 4165 700 4236 persoecula
713 4179 846 4236 regnans,
959 4164 1105 4220 Instabiles
1119 4166 1198 4220 aelus
1211 4162 1393 4219 mutabilium
1407 4176 1603 4217 memoramus

90 4260 213 4316 Contere
229 4255 287 4311 rim
302 4256 426 4327 Semne,
444 4257 493 4329 qui
506 4257 585 4311 saevit
594 4256 791 4329 jugiterinle,
959 4259 1031 4314 Nam
1052 4256 1216 4314 mundanus
1235 4272 1315 4312 amor
1333 4255 1483 4313 hominum
1505 4254 1594 4312 trahil
1615 4269 1723 4326 agmen
1736 4251 1775 4307 ad

90 4352 166 4405 Dum
182 4349 303 4406 remulce
317 4366 416 4406 vexare
431 4353 494 4406 tuos
509 4350 751 4423 molilurubique.
1694 4345 1772 4419 [Imm

90 4443 136 4501 hd
148 4460 213 4500 mea
226 4446 300 4512 vola,
318 4460 428 4517 precor,
442 4444 543 4499 mundi
556 4445 611 4516 pie,
626 4445 743 4517 respice,
759 4445 858 4501 iactor.
957 4444 1075 4501 lustitia
1088 4459 1140 4500 neo
1153 4460 1202 4499 eos
1215 4443 1286 4517 polit
1300 4461 1317 4499 a
1330 4443 1461 4515 rubigine
1475 4441 1554 4497 lima.

90 4540 131 4594 ‘Ie
145 4538 219 4605 colo,
232 4540 260 4593 le
273 4553 381 4610 quero,
397 4537 447 4592 libi
460 4537 525 4608 jure
538 4538 651 4609 plaeere
665 4538 772 4594 laboro.
957 4537 998 4593 hd
1014 4538 1086 4593 mala
1098 4537 1223 4608 proclivi,
1237 4553 1301 4610 quae
1315 4541 1408 4592 terrea
1421 4539 1488 4592 sunt
1497 4533 1683 4608 meditantur.

90 4631 274 4699 Pontificum,
289 4647 448 4704 regumque
463 4647 551 4686 senex
565 4647 640 4686 nune
654 4632 783 4706 scriptilo
807 4637 887 4706 geste
896 4649 905 4703 ;
956 4631 1058 4689 Caelica
1072 4633 1272 4702 contemnunt,
1294 4646 1328 4686 ea
1341 4630 1419 4685 curri
1435 4645 1492 4685 non
1505 4627 1696 4700 speculanlur.

92 4727 257 4797 &sagonia
270 4741 324 4797 ego
339 4724 435 4796 pueris
448 4741 481 4780 ea
495 4723 531 4779 du
546 4724 704 4781 manifesta.
956 4726 997 4780 Eu
1011 4724 1298 4798 peccatoresleihaiia
1313 4723 1443 4796 pandera
1455 4720 1586 4794 gestanti

92 4813 208 4869 Nullum
222 4812 257 4866 ab
269 4812 311 4868 eis
321 4813 442 4885 pretium
457 4829 508 4884 pro
524 4813 573 4869 lali
587 4830 671 4886 posco
689 4814 796 4885 labore,
957 4818 1060 4876 Lucida
1075 4821 1239 4875 sancwrurn
1249 4819 1326 4890 juste
1339 4816 1480 4890 magnnIIa
1492 4818 1609 4872 cmmnt.

91 4905 151 4962 Sed
166 4905 259 4961 refero
274 4905 373 4977 graiis,
387 4906 508 4962 fratrum
522 4910 671 4963 contentus
682 4924 792 4965 amore.
956 4912 1191 4982 PrevarIcalores‚
1206 4912 1255 4985 qui
1269 4913 1363 4984 legem
1379 4909 1638 4982 transgrediuntur,

127 4999 155 5056 si
168 5001 271 5055 liorenl
283 4999 343 5054 istis
357 4999 468 5072 liquido
481 5018 555 5056 nova
568 5001 651 5072 signa
663 5001 773 5070 diebus,
957 5005 1007 5062 Ira
1022 5005 1142 5062 coeleslis
1156 5021 1263 5079 peenas,
1280 5022 1336 5061 non
1351 5004 1433 5077 algna
1443 5008 1600 5060 merentur.

91 5094 203 5150 Nilerer
215 5092 264 5149 illa
277 5093 347 5148 meis
357 5095 495 5149 veraciter
507 5094 604 5151 indere
619 5094 714 5150 rebus.
957 5100 994 5155 Ile
1010 5098 1129 5172 placitis,
1145 5098 1281 5171 bellisque
1296 5101 1405 5171 queunt
1418 5098 1552 5169 perplura
1562 5094 1673 5163 referri,

89 5188 182 5246 Credo
204 5186 281 5259 quod
293 5191 369 5242 ercle
382 5187 473 5258 megia
491 5188 680 5259 prasenlibns
703 5193 788 5261 alque
805 5187 906 5244 futuris
956 5192 1026 5258 Quae
1039 5193 1112 5248 male
1123 5208 1214 5248 sevus
1226 5192 1266 5248 eis
1279 5190 1364 5247 nimis
1376 5190 1484 5263 ingeril
1499 5189 1585 5247 ardor
1596 5186 1732 5245 habendi.

89 5283 175 5337 Grata
184 5280 287 5347 forent,
301 5280 372 5335 mihi
387 5280 564 5351 proficerent,
577 5282 697 5354 aliisque
708 5283 862 5355 placerent,
955 5287 1061 5353 caedes,
1076 5285 1199 5342 inceslns
1211 5289 1241 5342 el
1253 5284 1376 5341 crimIne
1388 5285 1464 5341 mille
1479 5283 1574 5340 notari

89 5374 183 5440 Quam
198 5374 233 5429 de
249 5374 370 5429 terrenis
384 5374 555 5430 exanmibue.
569 5379 654 5448 alapae
668 5374 779 5430 cadurcis
915 5362 1085 5449 BPassunl,
1098 5379 1120 5433 si
1133 5378 1210 5435 docti
1224 5379 1380 5451 algnanlur
1394 5377 1488 5451 turpia
1498 5376 1563 5433 lari.

90 5467 297 5524 stemmatibus
309 5467 413 5523 frustra
429 5467 535 5535 rimari,
552 5469 594 5523 vel
609 5468 676 5523 dere
692 5469 763 5538 lula3
957 5471 1094 5544 insipiens
1107 5472 1210 5527 frustra
1222 5475 1341 5528 vexatur
1354 5476 1383 5528 el
1395 5472 1453 5528 otia
1465 5468 1571 5544 perdit,

89 5562 199 5633 Inclyta
211 5561 280 5616 dum
297 5560 383 5632 spiro,
404 5561 592 5634 mirandaque
605 5561 729 5618 scribere
744 5562 856 5631 vellem,
956 5569 991 5621 Al
1004 5565 1114 5636 sapiens
1128 5566 1221 5621 nullus
1236 5582 1287 5622 sua
1298 5560 1431 5638 'tempora
1441 5564 1562 5637 perdere
1578 5563 1672 5637 gestit.

91 5653 231 5727 Prodigiis
242 5655 364 5726 implens
377 5653 406 5709 in
419 5654 520 5710 Christi
536 5655 651 5710 neruiue
663 5655 777 5728 pellem.
956 5660 1079 5730 Tempus
1093 5658 1170 5715 enim
1180 5660 1283 5731 penult,
1297 5659 1347 5734 qui
1361 5674 1476 5716 carmen
1490 5659 1592 5715 lnulile
1605 5656 1715 5730 pandit,

90 5749 160 5826 Ejus
175 5764 243 5805 ama
256 5748 364 5820 leudes,
378 5747 423 5806 eui
436 5753 512 5806 lotus
523 5748 650 5826 subjacet
663 5749 750 5821 orbis,
957 5753 991 5810 El
1005 5751 1084 5811 labor
1096 5752 1157 5828 ipse
1171 5753 1254 5827 perit,
1270 5753 1320 5830 qui
1333 5752 1485 5811 commoda
1497 5752 1575 5809 nulla
1584 5742 1726 5823 repandit.
