3750 6046
21 170 24 175 '
94 184 146 240 cea
777 186 937 243 oaoaaru
960 186 1090 244 virius
1368 154 1372 161 ’
1629 144 1634 149 ’
1721 190 1774 251 aas

94 328 151 385 que
165 310 200 367 de
213 311 362 381 Gevarred,
374 313 538 383 vicecomes,
550 317 577 371 et
587 314 735 370 Cervasius
748 313 813 383 tiro,
827 321 911 388 atquc
922 326 951 401 Α
961 316 1074 387 regina,
1088 320 1152 388 quae
1167 316 1202 372 dc
1221 315 1362 374 Armeniis
1380 320 1442 373 orta
1461 320 1533 388 crat,
1550 321 1670 375 centum
1681 318 1776 377 lidissi-

95 405 235 462 Guiumar
253 406 338 474 Brito,
358 407 433 464 lilius
451 409 555 464 Alanui
575 409 697 477 comitis,
714 412 743 465 et
754 427 828 466 axau
841 411 912 465 mili·
962 427 1023 464 mos
1035 411 1198 480 Armenios,
1212 412 1370 468 lurcorum
1384 428 1464 468 arma
1478 416 1506 470 et
1521 412 1655 469 habitum
1667 419 1775 487 gestan·

95 506 137 555 tes
152 500 237 556 simul
250 518 308 557 nno
322 518 397 558 anno
414 502 500 559 vineti
513 510 589 572 sunt,
608 520 673 559 cum
694 521 726 560 rr.
744 505 911 560 Christianis
961 507 1014 572 tcs,
1026 506 1061 561 ad
1074 504 1125 559 viri
1139 505 1181 561 sui
1193 506 1409 562 subventionem
1424 506 1535 563 direxit.
1547 506 1600 573 Qui
1613 508 1775 581 Carpetram

26 660 30 667 .
95 594 131 649 dc
142 596 282 653 Armeniis
297 601 325 652 et
340 597 477 666 Suriauis,
491 615 561 670 quos
571 598 741 670 jamdudum
755 600 911 671 captivatos
960 599 1116 667 venientes,
1142 600 1244 655 turrim
1271 601 1464 669 intraverunt,
1488 606 1517 656 et
1542 603 1682 659 Tureance
1706 602 1776 659 locu-

95 688 153 744 illio
165 689 344 746 invenerunt.
361 692 447 746 Balad
460 696 555 747 autem
567 693 668 747 turrim
682 699 710 748 et
725 693 833 749 vinctos
845 710 910 751 ocor.
961 694 1055 763 tionis,
1076 695 1263 768 versutiaeque
1283 695 1378 766 periti,
1399 696 1512 751 Francis
1529 696 1685 770 insigniter
1698 698 1773 753 auxi·

95 783 233 839 militibus
256 785 293 840 ad
315 786 484 841 servandum
506 787 731 854 corrrmendarit,
754 804 910 860 regemque
960 787 1106 847 liatisunt.

95 894 148 950 pro
163 879 312 934 reddendis
333 879 547 950 munitionibus,
565 898 634 953 quas
653 882 797 954 praecipue
817 883 910 955 eupie-
995 880 1152 937 lescelinus
1164 885 1193 937 ct
1205 882 1374 953 Goisfredus,
1387 883 1456 938 dum
1467 883 1602 956 ignotum
1616 882 1672 942 iter
1684 902 1775 959 oarpe·

94 971 152 1039 bat,
172 973 289 1045 jejuniis
309 974 429 1030 coerceri
447 974 546 1045 jussit3
562 975 683 1048 reliquos
701 993 769 1031 vero
792 977 909 1032 diversis
959 979 1034 1043 rent,
1050 978 1079 1029 ct
1091 975 1120 1030 in
1135 975 1258 1031 barbara
1272 977 1387 1049 regione
1401 993 1499 1033 omnes
1513 979 1623 1050 pariter
1636 980 1668 1034 ut
1683 980 1775 1037 hostes

97 1064 196 1121 ottlciis
209 1067 421 1139 etquotidianis
437 1068 569 1140 operibus
586 1070 637 1124 sub
656 1070 784 1126 custodia
801 1071 907 1127 manci·
960 1072 1132 1138 metuerent,
1157 1070 1270 1125 cuidam
1293 1071 1411 1141 rustico,
1434 1071 1483 1144 qui
1506 1072 1542 1128 de
1563 1074 1775 1146 Mesopotamia,

94 1161 181 1232 pavit.
203 1159 312 1218 Deinde
335 1162 484 1233 ingentem
506 1164 661 1219 exereitum
684 1165 859 1237 aggregavit,
881 1169 910 1220 et
959 1180 1022 1217 com
1045 1179 1134 1220 uxore
1152 1165 1237 1219 asello
1258 1163 1411 1233 insidente,
1431 1165 1460 1220 in
1475 1166 1585 1238 Syriam
1608 1167 1681 1237 ibat,
1703 1185 1775 1225 asso·

94 1259 191 1310 contra
212 1255 465 1328 christianitatem,
480 1273 568 1329 quam
581 1258 641 1313 sine
654 1262 764 1314 rectore
779 1260 907 1331 putabat,
959 1256 1023 1312 ciali
1043 1261 1117 1313 sunt.
1133 1257 1191 1313 lllis
1211 1274 1267 1313 une
1290 1257 1422 1314 cuntibus
1438 1262 1467 1314 et
1485 1259 1749 1329 confabulantibus,
1763 1280 1777 1319 a

93 1348 247 1419 festinarit,
262 1346 457 1423 sardanasque
473 1356 605 1420 castrum,
622 1353 696 1425 quod
711 1370 799 1425 prope
812 1354 907 1410 ltntio-
958 1350 1064 1408 rustico
1087 1351 1181 1407 statim
1205 1351 1318 1424 agnitus
1345 1355 1389 1408 cst
1411 1353 1581 1423 loscelinas3
1608 1355 1777 1412 fortissimus

94 1442 189 1498 chiam
204 1448 255 1511 cst,
272 1444 381 1499 diutina
398 1444 543 1500 obsidione
558 1447 724 1517 coaretavit,
743 1448 802 1515 sed,
820 1447 908 1503 tortis-
959 1445 1045 1500 heros
1062 1446 1097 1500 ad
1114 1462 1213 1501 vocem
1227 1445 1341 1501 barbari
1360 1447 1543 1517 contremuit,
1560 1451 1589 1503 et
1606 1449 1776 1506 tescelinum

95 1535 167 1592 simo
188 1554 255 1610 rege
278 1538 399 1594 Sabaoth
422 1556 488 1594 sues
511 1542 667 1596 castrenses
691 1542 906 1609 corroborante,
959 1556 987 1595 se
1000 1556 1060 1594 esse
1074 1540 1235 1611 denegarit.
1249 1542 1285 1595 At
1297 1539 1344 1595 ille
1361 1557 1368 1595 ε
1383 1542 1457 1604 Noli,
1471 1542 1575 1614 inquit,
1592 1559 1697 1613 aspare
1711 1544 1778 1616 quod

94 1631 222 1687 obtinere
238 1633 374 1704 nequivit.
671 1686 673 1690 ,
959 1641 1118 1697 cestianae
1141 1636 1225 1691 mites.
1250 1636 1354 1706 Optime
1379 1639 1404 1689 te
1425 1640 1456 1690 at
1481 1637 1618 1692 dominam
1644 1654 1776 1710 cognosco,

128 1728 238 1781 Interea
266 1727 367 1798 captivi
391 1727 558 1785 satellitibus
583 1729 707 1784 Etbnieis
728 1731 905 1799 serviebant;
918 1703 946 1774 B
959 1729 1097 1784 tescelina.
1118 1731 1150 1782 ln
1165 1730 1242 1783 camo
1262 1733 1310 1783 tua
1325 1730 1375 1784 tibi
1388 1730 1523 1787 multoties
1536 1733 1647 1795 servivi,
1663 1736 1691 1788 ct
1711 1734 1779 1790 laeta-

95 1836 184 1876 unum
200 1821 303 1892 pedem
319 1821 402 1893 cippo
421 1822 575 1894 constricti,
599 1824 807 1896 imperantibus
828 1825 907 1881 obse·
960 1828 1003 1877 tas
1022 1838 1090 1887 sam,
1107 1824 1171 1878 dam
1185 1824 1262 1878 licuit
1274 1824 1343 1878 milri
1356 1824 1498 1879 vilioribus
1513 1826 1649 1882 riteatalis
1665 1830 1722 1883 tais
1734 1830 1777 1895 la-

95 1914 266 1971 cuudahant.
282 1917 395 1987 deluam
412 1917 447 1971 de
465 1917 608 1989 Euphrate
624 1935 675 1990 per
695 1935 784 1974 uuum
804 1920 907 1975 millia·
959 1918 1070 1971 malari.
1092 1918 1200 1987 Aquam
1220 1917 1313 1983 detali,
1339 1919 1427 1988 ignem
1446 1920 1567 1984 accendi,
1588 1924 1615 1975 et
1629 1923 1704 1976 iuter
1723 1926 1779 1978 taos

93 2009 169 2064 rium
191 2009 317 2081 quotidie
338 2010 513 2080 deferebant,
528 2018 555 2066 et
575 2012 631 2067 alia
652 2030 750 2084 opera,
773 2031 836 2086 quae
856 2014 909 2070 illis
958 2012 1086 2065 amardus
1099 2010 1132 2064 dc
1150 2011 1276 2078 largitate
1294 2015 1343 2066 tae
1361 2014 1462 2067 vietam
1482 2018 1508 2067 et
1527 2016 1655 2068 vestitum
1671 2030 1777 2086 proata-

93 2101 332 2175 injungebantur,
359 2105 486 2159 hilariter
513 2106 666 2161 faciehant.
691 2108 813 2162 Gentiles
839 2125 908 2181 ergo
958 2106 1012 2159 rai.
1027 2107 1088 2159 Post
1101 2105 1205 2175 aliquot
1218 2120 1304 2160 annos
1322 2110 1449 2177 parentes
1467 2123 1536 2163 meos
1555 2110 1655 2179 repetii
1671 2111 1776 2178 Tereos,

95 2214 151 2264 eos,
172 2196 259 2253 veluti
277 2198 352 2253 bona
369 2199 509 2269 jumenta,
534 2199 691 2272 diligebant
712 2207 739 2257 et
760 2202 908 2259 affabiliter
959 2201 1136 2268 parasitarum
1155 2200 1279 2269 relinquo
1302 2205 1333 2253 at
1355 2203 1495 2269 prosaaos,
1515 2208 1541 2255 et
1561 2217 1668 2273 reposco
1693 2203 1777 2260 cans·

93 2292 263 2359 tractabant,
284 2309 315 2347 ac
332 2297 362 2347 ut
380 2293 468 2349 bonos
488 2294 620 2349 officiales
641 2298 669 2350 et
694 2297 847 2367 operarios,
872 2314 907 2352 no
960 2296 1056 2354 tiuaos,
1072 2294 1141 2347 inter
1155 2301 1275 2363 quassat
1289 2295 1393 2349 beatius
1408 2295 1497 2363 deaut,
1518 2312 1599 2366 qaam
1619 2300 1695 2352 inter
1716 2313 1776 2367 cog-

94 2384 264 2456 deficorcnt,
291 2386 412 2442 ubertim
438 2389 604 2459 pascebant.
630 2390 711 2445 Solus
736 2394 833 2446 autem
860 2408 906 2447 rer
957 2394 1036 2441 aulos
1059 2392 1085 2442 et
1106 2392 1297 2458 compatriotas
1322 2404 1401 2443 meos.
1429 2391 1587 2457 infortunia
1609 2395 1674 2454 tarci,
1696 2394 1777 2463 probe

92 2479 246 2535 Balduinus
272 2486 300 2536 et
323 2482 478 2538 tescelinus
506 2482 683 2552 otiabantur,
711 2485 760 2540 scd
788 2486 905 2540 sollicite
956 2483 1009 2543 uir,
1037 2482 1142 2544 arcadici,
1166 2486 1190 2536 et
1208 2497 1261 2550 pro
1285 2482 1426 2552 dejectione
1450 2489 1506 2547 tae,
1529 2489 1692 2555 tuorumque
1713 2488 1777 2541 satis

93 2575 288 2631 servabantur.
309 2578 369 2641 Rex
390 2593 515 2650 quoquc,
536 2579 616 2650 jussu
640 2579 736 2649 Balad,
760 2579 905 2634 dominica
957 2576 1020 2629 oli-m
1041 2575 1126 2629 (lotari.
1142 2576 1221 2633 Nesaee
1241 2580 1329 2631 uatem
1345 2577 1463 2632 artasatis
1482 2578 1616 2642 absoluto,
1635 2583 1776 2650 proprios·

92 2673 120 2724 et
133 2669 203 2725 feria
216 2672 316 2742 quinta
331 2673 531 2728 tantummodo
546 2673 575 2727 in
590 2672 772 2728 hebdomada
787 2674 907 2729 mandu·
957 2685 1008 2739 que
1020 2674 1130 2740 periotes
1139 2672 1281 2740 repetenti,
1293 2671 1376 2739 fidam
1390 2671 1440 2726 tibi
1452 2672 1605 2726 comitatem
1616 2674 1741 2738 sacrabo,
1753 2681 1777 2730 et

91 2764 189 2833 cabat;
207 2768 235 2819 et
247 2770 315 2820 tuuc
331 2770 472 2820 trecentos
486 2767 693 2838 quinquaginta
712 2767 826 2835 milites,
842 2784 904 2822 ens·
956 2764 1060 2818 itineris
1078 2766 1161 2818 vestri
1179 2765 1237 2819 dua
1255 2780 1338 2834 usqae
1358 2768 1388 2818 in
1406 2767 1578 2820 Antiochiam
1595 2782 1651 2822 ero.
1668 2768 1735 2823 lloec
1749 2772 1776 2824 et

92 2857 233 2913 lodieutes
259 2875 298 2926 se,
327 2860 468 2932 pascebat.
497 2861 610 2916 Cunctis
634 2861 719 2916 etiam
748 2861 904 2917 consodali·
956 2858 1046 2912 multa
1061 2857 1104 2912 his
1119 2857 1219 2912 similia
1234 2858 1486 2930 paganuslocutus
1505 2862 1557 2929 est,
1576 2864 1604 2913 et
1620 2861 1775 2917 lescelinus

89 2951 143 3007 bus
156 2952 214 3008 suis
229 2956 259 3007 et
273 2953 390 3025 captivis
403 2972 436 3008 ru.
450 2955 727 3026 quosiucarceratos
744 2955 904 3024 invenerat,
956 2967 1020 3006 cum
1041 2952 1115 3006 socio
1140 2968 1190 3007 suo
1211 2952 1291 3007 valde
1311 2952 1421 3007 laetatus
1444 2955 1496 3007 ost.
1513 2953 1646 3009 Protinus
1666 2972 1775 3027 pannos

89 3046 203 3103 abunde
215 3047 332 3116 victum,
346 3052 403 3103 tarn
419 3066 470 3121 pro
487 3049 577 3121 regali
593 3049 799 3118 munificentia,
817 3067 904 3122 quam
916 3078 943 3152 C
957 3049 1215 3101 conimutaverunt.
1232 3045 1371 3100 barbarus
1384 3046 1564 3118 praecedebat
1582 3052 1614 3102 ut
1629 3049 1774 3119 dominus,

89 3158 141 3213 pro
155 3142 252 3197 lavore
272 3143 420 3198 custodum
442 3144 645 3215 comparando,
666 3144 814 3215 erogabat.
836 3146 905 3217 [lap-
957 3145 985 3196 et
998 3139 1234 3195 confabulabatur
1248 3156 1313 3195 cum
1332 3140 1518 3196 obviantibus.
1535 3142 1691 3198 Christiani
1708 3161 1775 3200 vero

89 3235 175 3289 silitas
202 3236 368 3307 hujusmodi
398 3238 523 3292 multum
549 3237 604 3292 illis
632 3238 761 3293 eontulit.
793 3238 905 3293 Ethnici
951 3251 1096 3306 proceros,
1111 3239 1144 3289 ut
1158 3234 1225 3289 vilia
1237 3235 1389 3308 mancipia,
1410 3235 1665 3309 subsequebantur,
1683 3242 1714 3293 et
1731 3255 1774 3295 re·

89 3331 166 3384 euim
190 3330 295 3385 milites
319 3348 365 3387 eos
386 3331 541 3387 honorifice
566 3332 730 3400 servabant,
755 3337 782 3388 et
806 3337 905 3388 eontra
957 3345 1022 3401 gem
1042 3328 1166 3383 Sabaoth
1187 3346 1239 3400 pro
1261 3328 1407 3384 conrmuni
1429 3330 1518 3385 salute
1537 3330 1617 3386 taciti
1636 3332 1773 3404 depreca-

86 3430 261 3497 praceptum
283 3425 370 3481 Balad
394 3428 501 3481 occulte
522 3442 619 3498 regem
644 3426 764 3499 copiosis
785 3427 905 3498 dapibus
956 3423 1069 3477 bantur.
1087 3423 1233 3478 Sarraccni
1248 3440 1364 3495 quoque
1378 3441 1534 3480 sexennem
1548 3423 1638 3480 filiam
1654 3426 1775 3482 alterna-

88 3519 253 3592 frequenter
279 3521 426 3576 satiabant.
454 3521 623 3577 ddrniralius
648 3522 682 3576 de
708 3521 903 3590 Caloiambar,
956 3517 992 3571 tis
1010 3517 1116 3572 vicibus
1134 3517 1163 3571 in
1186 3517 1262 3572 ulnis
1282 3518 1340 3572 suis
1363 3517 1520 3589 gaudentes
1541 3518 1722 3591 bajolabant,
1747 3526 1775 3577 ct

88 3619 207 3685 patruus
233 3615 329 3669 uxoris
357 3616 433 3687 ejus,
460 3632 527 3671 eum
551 3616 684 3685 juvabat,
712 3616 759 3689 qui
786 3616 905 3687 siugulis
955 3627 1008 3683 per
1021 3610 1126 3684 oppida
1137 3611 1180 3667 vel
1195 3612 1428 3684 urbesincogniti
1441 3612 1664 3685 pertransibant.

89 3709 257 3781 septimanis
271 3711 386 3764 centum
401 3710 544 3765 bizanteos
559 3710 586 3763 ei
602 3709 743 3765 mittebat.
991 3705 1081 3776 Nune,
1096 3706 1164 3776 quid
1181 3706 1299 3778 illisqui
1317 3707 1461 3778 Carpetras
1475 3707 1665 3779 agonizabant
1682 3710 1773 3765 eonti-

123 3803 277 3859 Gentilium
297 3804 421 3859 versutia
440 3804 586 3859 multoties
609 3803 773 3859 Christianis
790 3804 903 3859 favora-
956 3800 1040 3871 gerit,
1060 3799 1164 3856 audite.
1186 3803 1217 3855 ln
1237 3817 1301 3855 arce
1323 3803 1382 3856 tres
1403 3818 1506 3856 uxores
1527 3802 1613 3856 Balad
1636 3803 1772 3873 latebant,

88 3897 184 3953 biliter
198 3897 397 3970 applaudebat,
409 3897 459 3952 scd
470 3899 572 3953 canina
586 3897 656 3952 sides
670 3914 768 3952 eorum
782 3898 812 3953 in
826 3903 905 3954 aeter-
956 3910 1024 3966 quas
1039 3893 1190 3951 Christiani
1206 3911 1258 3966 per
1272 3911 1306 3949 xv
1321 3894 1381 3949 dies
1398 3895 1504 3950 ibidem
1522 3912 1581 3952 csse
1601 3912 1661 3951 non
1682 3914 1772 3970 agno·

90 4009 159 4047 num
179 3991 294 4064 percat!
310 3993 380 4046 Nam
402 3991 446 4045 his
466 3992 494 4046 in
511 4009 624 4046 suorum
645 3991 791 4047 solemniis
809 4009 903 4047 sacro·
955 3992 1064 4042 verant.
1088 3987 1227 4055 Fatumia,
1252 3989 1327 4060 regis
1350 3988 1498 4043 Medorum
1520 3990 1595 4045 llalis
1617 3991 1684 4059 lilia,
1708 3995 1772 4066 pul-

89 4103 156 4141 rum
180 4086 215 4139 de
239 4085 403 4140 Christianis
427 4084 563 4140 militibus
585 4090 659 4140 sorte
680 4093 847 4157 rapuerunt,
869 4086 904 4140 ad
955 4080 1117 4136 chritudine
1139 4082 1323 4153 praecellebat
1348 4099 1379 4137 ac
1404 4083 1542 4154 potentia,
1557 4084 1614 4140 alia
1633 4102 1701 4142 vero
1720 4088 1776 4143 ilo·

90 4180 215 4251 stipitem
236 4178 354 4250 ligatum
374 4179 586 4251 sagittaverunt,
605 4183 712 4234 etcum
732 4181 841 4251 ingenti
860 4180 904 4234 lu·
956 4175 1043 4231 duani
1071 4176 1104 4230 de
1132 4176 1223 4248 dleph
1248 4176 1315 4243 tilia,
1341 4182 1370 4231 et
1388 4177 1472 4231 tertia
1495 4182 1555 4234 erat
1574 4177 1720 4236 admiralii
1737 4183 1771 4237 dc

91 4273 182 4331 dibrio
206 4278 403 4345 peremerunt.
424 4276 482 4329 lloo
504 4274 598 4346 itaque
620 4274 689 4342 viso,
712 4274 795 4329 vincti
819 4274 905 4329 velrc·
956 4269 1134 4326 Caloiamhar
1148 4270 1215 4324 srlia.
1234 4271 1320 4325 Porro
1338 4270 1396 4325 tilia
1411 4271 1538 4327 Roduani
1555 4273 1663 4329 litteras
1684 4275 1771 4349 scrip-

91 4372 204 4427 meuter
225 4367 382 4423 contristati
403 4372 479 4436 sunt,
503 4377 530 4424 et
551 4368 642 4440 magis
666 4368 799 4424 nobiliter
820 4368 903 4435 mori,
957 4363 1001 4431 sit,
1025 4369 1053 4420 et
1073 4364 1245 4432 columbam,
1272 4364 1411 4419 serentem
1438 4365 1589 4436 epistolam
1615 4368 1689 4424 collo
1712 4369 1773 4425 alli·

4 4492 9 4500 ·
90 4480 179 4536 quam
194 4463 398 4518 miserabiliter
413 4464 518 4532 vivere,
534 4465 732 4535 peroptarunt.
750 4462 830 4518 Unde
845 4454 945 4534 postD
957 4463 1065 4531 galam,
1080 4459 1195 4527 marito,
1212 4475 1277 4514 cum
1290 4463 1407 4513 contram
1423 4459 1549 4514 millibus
1563 4462 1709 4518 Sardanas
1722 4464 1773 4519 ob·

89 4575 180 4614 uuum
199 4575 306 4613 aunum
329 4557 480 4613 Christiani
505 4557 623 4613 viriliter
646 4557 763 4613 animati
785 4562 861 4626 sunt,
877 4561 905 4611 et
956 4553 1071 4622 sidenti,
1095 4553 1130 4608 de
1153 4558 1230 4608 torre
1254 4553 1365 4621 direxit,
1388 4552 1435 4608 uhi
1460 4555 1558 4609 omnia
1581 4555 1774 4629 deceptione

91 4653 214 4724 quodam
230 4652 374 4708 [lominica
390 4653 436 4706 die
452 4651 582 4707 custodes
595 4668 669 4721 suos,
687 4651 773 4722 regiis
786 4651 905 4722 dapibus
956 4648 1028 4702 arcis
1048 4652 1076 4702 et
1097 4646 1236 4702 occisione
1261 4648 1411 4703 custodum
1433 4654 1461 4703 et
1481 4649 1708 4721 depopulatione
1730 4670 1773 4709 re·

89 4749 202 4819 copiose
216 4748 347 4808 reiectos.
361 4747 583 4801 inebriaverunt.
599 4745 790 4801 stertentibus
807 4750 904 4800 autem
956 4742 1064 4813 glanis,
1081 4741 1189 4813 liquido
1208 4743 1362 4797 enarravit.
1382 4743 1445 4797 idox
1466 4742 1551 4797 Balad
1567 4743 1683 4799 territus
1699 4746 1773 4802 obsi·

88 4843 218 4915 paganis,
243 4842 340 4897 Franci
368 4858 447 4896 arma
474 4857 571 4895 eorum
599 4844 790 4911 sumpserunt,
819 4845 847 4894 et
872 4856 906 4896 rr.
957 4837 1073 4892 dionem
1088 4836 1223 4906 dissolvit,
1239 4839 1267 4891 et
1283 4839 1449 4908 Carpetram
1469 4840 1599 4909 repetere
1618 4838 1773 4913 festinavit,

89 4936 254 4992 Christianis
269 4937 303 4992 dc
318 4935 461 4991 Armeniis
477 4940 504 4991 et
519 4935 655 5003 Surianis,
672 4934 720 5006 qui
733 4934 905 5005 iamdudum
957 4948 1053 5004 quom,
1072 4930 1196 4986 collectis
1210 4931 1336 5003 undique
1351 4931 1469 4999 viribus,
1484 4937 1547 4987 octo
1563 4933 1710 4990 mensibus
1723 4939 1772 4993 ob·

90 5030 218 5102 captivati
236 5033 359 5097 inerant,
375 5030 427 5085 sibi
447 5029 597 5100 adjunctis,
617 5045 717 5084 omnes
734 5030 838 5084 Turcos
858 5045 904 5082 oc·
956 5026 1038 5081 sedit.
1070 5046 1072 5051 ·

91 5125 233 5195 ciderunt,
251 5129 280 5180 et
289 5125 462 5196 janitoribus
475 5124 591 5194 necatis,
608 5126 697 5180 totam
715 5122 904 5178 munitionem
992 5121 1069 5175 Tune
1085 5118 1240 5175 lescelinus
1255 5135 1320 5174 cum
1335 5119 1417 5174 sociis
1432 5120 1489 5174 suis
1504 5137 1557 5192 per
1573 5122 1684 5179 medias
1701 5124 1774 5180 acies

91 5218 186 5290 adepti
202 5222 277 5274 sunt.
292 5220 323 5273 ln
338 5218 494 5274 crastinum
509 5219 537 5273 in
556 5218 657 5274 urbem
676 5218 796 5273 viriliter
813 5219 904 5273 irrue·
956 5215 1043 5271 Balad
1055 5214 1217 5287 incognitus
1227 5214 1403 5286 pertransiit,
1414 5215 1547 5285 atquead
1556 5216 1689 5289 proprios
1700 5219 1774 5275 lares

89 5316 167 5381 runt,
182 5317 210 5368 et
221 5312 308 5368 multa
322 5314 410 5368 millia
423 5329 603 5386 paganorum
614 5312 790 5383 ecciderunt,
802 5318 829 5368 et
842 5312 906 5369 sab-
956 5308 1138 5383 perveniens,
1152 5309 1253 5364 ducem
1269 5324 1352 5364 suum
1368 5308 1475 5381 optime
1489 5310 1690 5368 remuneravit.
1710 5313 1774 5369 Om-

89 5406 149 5463 lata
174 5424 269 5464 secum
294 5408 405 5479 prada,
429 5408 488 5463 lere
510 5408 655 5463 mensibus
680 5425 724 5462 uu
746 5406 903 5462 munitissi-
956 5422 1006 5462 nes
1025 5405 1101 5459 enim
1121 5419 1200 5458 sacro
1216 5402 1294 5459 tonte
1315 5404 1478 5475 regenerari
1498 5403 1575 5475 fecit,
1589 5408 1618 5460 et
1634 5406 1772 5463 maritum

89 5516 167 5557 mam
181 5518 277 5558 arcem
290 5507 455 5558 tonuerunt.
470 5503 547 5557 Tune
560 5503 730 5558 lescelinum
744 5501 904 5557 etGoistre-
956 5517 1023 5556 cum
1044 5499 1168 5571 conjuge
1187 5497 1300 5571 magnis
1320 5497 1546 5570 possessionibus
1564 5497 1673 5555 ditavit.
1694 5502 1775 5558 Pael-

90 5595 160 5653 dum
180 5597 318 5653 Gracilem
338 5598 414 5653 toras
429 5596 578 5669 miserunt,
595 5601 624 5652 ct
636 5614 688 5671 per
702 5614 750 5653 eos
768 5595 903 5652 auxilium
955 5597 1045 5651 lularn
1059 5609 1182 5666 quoque,
1197 5609 1281 5665 quam
1298 5592 1412 5665 ignotus
1430 5592 1560 5665 bajulans
1574 5592 1707 5651 Etbnicas
1720 5596 1772 5652 tri·

90 5691 125 5747 ab
142 5692 221 5747 omui
234 5692 448 5748 christianitate
461 5697 664 5765 poposcerunt.
956 5690 1007 5745 bus
1028 5688 1181 5755 deluserat,
1199 5687 1357 5743 Christiano
1378 5686 1462 5743 militi
1483 5686 1513 5743 in
1532 5688 1688 5761 conjugem
1706 5706 1773 5747 eum

118 5786 201 5841 Circa
224 5788 288 5845 eac
309 5791 436 5863 ternpore
464 5788 645 5863 ,stlta-llil]
667 5788 905 5865 ierosolymorum
954 5800 1059 5858 magno
1077 5784 1189 5841 bonore
1208 5781 1335 5840 donavit.
1357 5782 1442 5841 Balad
1458 5782 1625 5861 Carpetmm
1643 5799 1712 5845 eum
1725 5785 1771 5847 itt·
