3750 6046
96 174 140 232 l'lf
782 168 944 228 ORHEHICl
963 162 1093 226 VH'ALlS
1723 160 1775 219 fi?

94 299 272 371 copulantur,
282 298 348 353 boui
358 298 451 369 operis
464 293 609 351 honestate
620 294 760 363 oriuntur,
773 297 794 350 si
808 298 904 349 sancte
917 292 1135 390 Airnperatoris
1159 290 1309 346 inventurn
1334 292 1386 357 est,
1412 289 1474 359 ipso
1501 288 1655 342 revelante.
1684 288 1779 358 Hujus

94 395 207 463 ctjuste
219 392 400 463 copulentur.
414 393 449 446 hl
467 392 491 445 si
505 405 603 445 servus
616 389 693 460 regis
706 389 905 460 desponsatam
955 387 1093 442 uiurirum
1114 383 1283 440 memoriam
1303 387 1400 438 sancta
1415 370 1513 436 mater
1523 380 1644 435 Ecclesia
1660 397 1686 434 ru
1709 382 1774 436 liat.

94 486 202 540 domiui
221 485 265 539 sui
281 501 416 556 usurpare
435 486 545 551 audeat,
563 500 620 539 nou
642 483 736 538 solum
755 482 904 550 offensam,
956 479 1083 537 Octobris
1108 478 1207 534 festive
1232 476 1367 543 celebrat,
1393 476 1477 547 eique
1505 475 1581 531 vocis
1607 477 1637 528 et
1667 475 1775 530 mentis

92 578 141 634 sed
160 579 246 633 etiam
267 579 374 634 crimen
392 584 450 634 tam
469 576 578 648 grande
598 575 749 631 incurrisse
764 574 903 647 dignosci-
955 572 1030 629 dailei
1043 572 1238 629 modulamine
1252 573 1370 627 canmt:

91 677 138 726 tur
150 678 182 727 ut
194 672 298 727 merito
309 673 405 726 vivens
418 672 598 725 flammarum
612 668 751 724 incendiis
765 669 904 724 tradatur.
1021 696 1138 747 pam,
1151 700 1249 755 mm„
1262 693 1324 744 gin,
1339 692 1439 756 popm,
1453 706 1571 747 mum,

92 766 148 820 Hoc
176 765 238 819 ideo
263 764 305 829 lit,
330 781 387 819 uon
412 764 479 835 quia
506 779 621 817 uxorem
647 762 734 830 duxit,
761 762 812 816 sed
838 762 904 832 quia
1017 764 1510 829 Sedelislssemtatsrpsttooocr'bus,

93 857 204 913 meliori
223 875 253 912 se
270 858 406 928 injuriam
426 855 501 911 fecit.
518 877 532 904 a
549 856 596 909 His
612 855 729 927 aliisque
749 854 905 910 manifestis
1020 839 1049 888 m
1063 851 1110 889 '¹⁰⁸
1123 837 1152 886 ¹⁵¹²
1165 836 1259 887 ''¹⁰¹¹AE
1271 834 1567 916 ⁹⁰⁶⁶m⁶imfii⁶²⁸b¹⁴⁸r

94 950 242 1022 exemplis,
253 951 400 1006 Hatthrcus
414 949 556 1021 apostolus
570 950 688 1021 Hyrtaco
700 948 761 1020 regi
775 947 906 1003 dissuasit
1018 911 1055 958 Ne
1067 912 1127 973 Μ
1141 913 1254 958 mmm
1267 905 1373 958 mm
1387 911 1518 955 'mmm

94 1046 150 1099 Deo
173 1045 274 1099 dicatae
296 1044 408 1115 nuptias
429 1043 607 1114 Ephigenia,
629 1059 665 1097 nc
690 1041 810 1097 eoelestis
831 1042 903 1096 irem
1091 1024 1167 1078 xVss·
1182 1024 1273 1081 ΨΜ
1293 1021 1377 1084 5⁰4⁰>
1393 1023 1448 1075 five
1468 1020 1631 1076 Tl‘lddaeus·

93 1137 169 1209 regis
191 1139 357 1206 incurreret,
382 1137 405 1191 si
426 1153 489 1191 eam
512 1152 564 1191 suo
589 1135 771 1190 matrimonio
796 1139 905 1191 temere
989 1137 1087 1193 Simon
1106 1137 1296 1201 Chananeus,
1317 1134 1344 1189 id
1365 1136 1409 1188 est
1428 1135 1537 1197 zelotes,
1554 1133 1591 1188 ad
1611 1133 1771 1189 distinctio·

92 1231 245 1303 copularet.
272 1233 407 1301 Hyrtacus
434 1230 522 1300 igitur
548 1230 591 1284 ira
616 1244 750 1283 accensus
773 1228 902 1296 recussit3
954 1247 1020 1285 nem
1040 1230 1160 1285 Simonis
1176 1229 1252 1284 Petri
1272 1234 1301 1283 et
1320 1227 1399 1283 ludae
1419 1227 1571 1295 traditoris,
1593 1227 1644 1299 qui
1663 1233 1693 1282 et
1710 1227 1773 1298 ipse

93 1323 238 1396 apostolus
261 1328 357 1377 eutem
380 1328 513 1377 constans
538 1325 566 1375 et
590 1321 689 1375 alacris
715 1321 853 1376 doctrinm
876 1325 905 1376 et
954 1322 1054 1379 Simon
1077 1322 1215 1378 iscariotis
1234 1321 1326 1376 dictus
1345 1324 1399 1389 est,
1417 1321 1453 1376 de
1472 1322 1550 1377 Cana
1569 1321 1628 1391 uico
1646 1320 1772 1375 Galilaeae

93 1416 268 1472 orationibus
294 1414 406 1470 institit.
434 1415 512 1469 Tunc
537 1412 728 1484 Ephigeniam
756 1413 791 1468 ad
820 1414 904 1484 pedes
952 1416 1016 1484 fuit,
1038 1416 1087 1472 ubi
1112 1415 1247 1470 Dominus
1269 1430 1374 1487 equam
1395 1414 1425 1468 in
1445 1414 1542 1469 vinum
1566 1414 1697 1469 mutavit.
1721 1413 1772 1467 Hic

92 1509 154 1579 ejus
170 1511 339 1580 prostratam
359 1523 456 1562 coram
477 1506 556 1562 omui
577 1506 683 1577 populo
703 1506 857 1573 benedixit,
877 1511 905 1562 et
953 1509 1143 1582 principatum
1155 1509 1186 1564 in
1198 1510 1319 1579 AEgypto
1332 1508 1448 1579 accepit.

92 1603 221 1657 velamen
238 1600 375 1672 capitibus
394 1599 524 1655 omnium
544 1599 699 1670 virginum,
716 1616 780 1670 quac
798 1598 904 1654 ibidem
988 1604 1071 1658 ludas
1084 1601 1180 1658 lacobi
1197 1601 1350 1657 trinomius
1363 1601 1426 1656 fnit.
1441 1599 1528 1656 ludas
1544 1599 1621 1655 enim
1638 1602 1667 1655 et
1679 1599 1771 1654 ruad-

91 1698 182 1762 eraut,
192 1695 336 1765 imposuit.
346 1694 475 1765 Cumque
485 1693 620 1765 mysteria
629 1693 752 1760 Homini,
764 1693 904 1748 celebrata
913 1696 943 1768 Β
953 1696 1032 1752 daeus
1046 1701 1132 1768 atque
1145 1694 1271 1750 chbeus
1285 1694 1376 1749 dictus
1390 1700 1442 1749 est.
1459 1693 1509 1749 Hic
1523 1692 1553 1748 iu
1564 1692 1771 1764 Mesopotamia

63 1789 187 1855 .missa,
207 1786 301 1843 omnis
320 1786 437 1842 ecclesia
456 1786 633 1857 suscepisset,
657 1789 686 1840 et
707 1786 903 1857 unusquisque
952 1793 983 1844 et
1008 1788 1039 1844 in
1069 1788 1250 1845 interioribus
1275 1786 1358 1843 Ponti
1386 1786 1559 1860 praedicavit.
1587 1787 1658 1841 lnde
1685 1785 1772 1841 simul

93 1881 127 1936 ad
148 1881 295 1952 propriam
316 1880 433 1936 domum
452 1882 615 1946 remeasset,
629 1879 689 1951 ipse
702 1879 902 1949 juxtaaltere,
952 1882 1036 1938 ambo
1059 1881 1206 1938 Persidem
1229 1881 1361 1953 ingressi,
1382 1897 1448 1936 cum
1469 1880 1653 1937 innumeram
1674 1878 1771 1950 gentis

92 1975 140 2029 nbi
166 1990 269 2045 corpus
295 1973 410 2028 Homini
436 1974 607 2039 confeceret,
635 1972 781 2041 remansit,
808 1972 904 2044 ibique
952 1975 1040 2047 ipsius
1063 1975 1276 2032 multitudinem
1301 1974 1414 2030 Christo
1439 1972 1642 2041 subdidissent,
1668 1989 1684 2026 v
1707 1972 1767 2027 llal.

90 2066 223 2122 manibus
236 2068 368 2139 expensis
386 2083 470 2122 orans
484 2066 653 2136 martyrium
669 2065 786 2137 recepit.
802 2066 901 2136 Spica·
952 2069 1116 2125 Novembris
1130 2068 1300 2141 martyrium
1315 2070 1597 2123 consummaverunt.

90 2161 165 2215 lator
182 2161 259 2215 euim
280 2161 316 2215 ab
340 2162 459 2232 Hyrtace
482 2159 584 2214 missus
606 2159 766 2230 apostolum
784 2176 800 2214 a
821 2162 902 2230 terge
987 2162 1102 2229 Craton,
1122 2163 1315 2234 apostolorum
1337 2160 1502 2232 discipulus,
1521 2176 1586 2232 quae
1605 2176 1660 2231 per
1677 2176 1769 2215 anuos

90 2258 229 2326 puuctum
249 2254 344 2325 gladio
366 2253 512 2325 percussit,
528 2253 609 2309 etsie
626 2252 729 2309 Christi
747 2256 902 2324 martyrem
953 2272 1000 2313 run
1021 2262 1142 2328 egerunt
1166 2262 1195 2311 et
1216 2271 1279 2327 quae
1302 2255 1331 2309 in
1353 2254 1467 2310 Perside
1488 2253 1564 2326 passi
1585 2257 1663 2320 suut,
1684 2253 1768 2324 longa

88 2347 165 2403 fecit.
182 2348 244 2413 Quo
260 2347 368 2415 audite,
383 2364 448 2402 cum
469 2346 535 2418 igne
551 2345 588 2400 ad
606 2345 744 2417 palatium
764 2344 903 2417 pergebat
952 2349 1133 2406 enarratione
1154 2348 1274 2420 scripsit,
1287 2353 1316 2404 et
1331 2348 1360 2402 in
1379 2348 1478 2403 decem
1496 2347 1689 2402 voluminibus
1704 2347 1766 2401 uui-

90 2441 183 2496 omuis
195 2442 328 2513 popalus,
342 2440 391 2496 sed
406 2441 451 2495 six
466 2456 482 2495 a
495 2438 668 2511 presbyteris
682 2444 709 2494 et
727 2438 901 2506 diaconibus,
952 2460 1032 2500 versa
1041 2443 1269 2514 comprehendit,
1282 2457 1346 2512 quse
1356 2441 1506 2496 Africanus
1519 2440 1767 2511 historiographus

88 2535 210 2607 aliisque
224 2534 364 2606 religiosis
377 2534 445 2588 viris
459 2533 597 2588 coercitus
611 2536 653 2587 est
670 2533 759 2587 sacris
772 2533 900 2587 admoui·
952 2537 983 2592 in
1004 2537 1134 2592 Latinam
1155 2536 1282 2607 linguam
1304 2533 1457 2590 transtulit.
1478 2533 1581 2589 abdias
1599 2534 1687 2589 etiam
1705 2533 1766 2605 cpi·

88 2628 212 2683 tionibus
224 2644 260 2684 ue
279 2644 376 2699 regem
392 2626 593 2682 comburerent
605 2642 669 2680 cum
685 2625 742 2680 suis
756 2625 901 2681 omnibus.
952 2646 1054 2701 scopus
1073 2629 1243 2701 Babyloniae,
1259 2629 1309 2700 qui
1328 2628 1363 2683 ab
1384 2627 1453 2698 ipsis
1472 2627 1618 2683 ordinatus
1635 2630 1688 2695 est,
1706 2643 1767 2681 ser-

89 2721 174 2777 Porro
194 2720 362 2792 Ephigenia,
383 2718 525 2791 quidquid
546 2719 577 2773 iu
598 2735 668 2774 auro
688 2722 717 2773 et
735 2723 853 2790 argento
874 2725 902 2775 et
952 2739 1037 2779 mone
1051 2724 1085 2778 dc
1098 2723 1153 2777 illis
1168 2721 1281 2793 scripsit
1294 2720 1441 2788 Hebraico,
1456 2736 1520 2791 quar
1533 2720 1631 2774 omnia
1645 2719 1675 2774 in
1689 2720 1766 2776 Grae·

89 2815 213 2887 gemmis
225 2814 331 2868 habere
345 2813 448 2884 potuit,
464 2812 659 2868 sacerdotibus
670 2818 698 2868 et
711 2813 788 2868 clero
801 2817 899 2868 contu·
952 2834 1018 2873 curu
1034 2817 1172 2872 translata
1186 2821 1251 2870 sunt
1269 2815 1305 2870 ab
1318 2815 1453 2886 Eutropio
1468 2813 1596 2885 ejusdem
1611 2808 1750 2885 discipule
1758 2831 1767 2883 ;

87 2909 131 2977 lit,
148 2912 180 2962 ut
192 2907 259 2962 iude
278 2906 393 2977 dignam
412 2907 541 2977 apostolo
555 2905 704 2961 basilicam
719 2905 899 2977 fabricarent,
953 2927 1017 2983 quae
1033 2909 1164 2965 universa
1177 2908 1363 2963 nihilominus
1379 2907 1483 2962 Latinis
1497 2906 1686 2978 interpretata
1702 2912 1768 2961 sunt

88 3007 117 3056 et
137 3000 285 3056 residuum
306 2999 476 3071 pauperibus
498 3003 657 3070 erogarent.
678 3000 815 3071 Hyrtacus
834 3016 901 3056 vero
952 3005 988 3060 ab
1008 3002 1155 3059 Africano.
1173 3002 1241 3057 lude
1261 3001 1435 3057 abbreviatio
1459 3003 1592 3071 excerpta
1610 3006 1664 3067 est,
1685 3004 1768 3071 grata

87 3111 140 3166 per
163 3094 302 3148 nobilium
322 3109 425 3149 uxores
445 3092 522 3147 illam
545 3094 624 3164 prius
646 3094 776 3160 tentavit,
797 3093 901 3149 deinde
913 3065 939 3137 C
952 3096 1110 3153 volentibus
1123 3096 1193 3150 scire
1207 3112 1271 3166 quae
1287 3094 1425 3165 principia
1444 3093 1655 3165 predicationis
1668 3109 1767 3149 eorum

87 3204 139 3260 per
152 3204 253 3260 magos
264 3187 401 3243 seducere
414 3187 527 3257 sategit.
541 3186 584 3241 ud
598 3191 771 3255 extremum,
785 3187 902 3259 quaudo
951 3191 1069 3257 fuerint,
1085 3191 1129 3245 rel
1148 3205 1205 3261 quo
1224 3190 1281 3243 tine
1303 3189 1441 3243 mundum
1457 3188 1671 3260 dereliquerint,
1686 3204 1718 3242 ac
1733 3187 1767 3242 ad

87 3282 159 3337 nihil
180 3281 216 3336 ad
234 3297 319 3336 suum
339 3280 506 3353 profecisset
528 3280 653 3349 libitum,
673 3281 739 3336 fecit
757 3282 826 3352 igne
846 3282 900 3336 cir·
951 3284 1073 3340 coelestia
1086 3299 1177 3354 regua
1191 3281 1387 3355 migraverint.

88 3374 217 3430 camdari
232 3374 409 3445 pretorium,
423 3374 454 3428 iu
468 3390 526 3445 quo
541 3390 607 3429 cum
621 3373 779 3445 virginibus
798 3374 903 3430 Christi
987 3378 1081 3434 Sancti
1099 3377 1186 3449 igitur
1204 3374 1325 3448 apostoli
1345 3375 1445 3431 Simon
1463 3379 1492 3430 ct
1507 3373 1593 3429 ludas
1613 3390 1666 3447 per
1686 3391 1768 3431 rere·

88 3468 327 3536 commorabatur,
341 3467 387 3522 die
404 3470 548 3539 noctuque
561 3469 618 3522 Heo
631 3483 682 3523 suo
695 3467 900 3524 famulabatur.
951 3472 1086 3527 lationem
1112 3469 1234 3542 Spiritus
1255 3469 1348 3524 sancti
1373 3467 1518 3524 Persidem
1541 3467 1665 3539 ingressi
1689 3475 1767 3538 suut,

87 3562 153 3630 Sed,
166 3579 232 3617 cum
246 3578 297 3633 per
313 3561 464 3617 circuitum
483 3561 557 3633 iguis
575 3561 700 3632 arderet,
713 3562 834 3633 angelus
848 3563 900 3618 llo-
951 3566 1048 3637 ibique
1066 3565 1136 3620 diros
1152 3580 1263 3635 magos,
1277 3564 1393 3618 zaroem
1413 3566 1441 3617 et
1460 3561 1583 3631 arfaxat,
1598 3562 1648 3633 qui
1663 3579 1682 3617 a
1693 3563 1767 3618 facie

88 3656 162 3712 mini
173 3672 239 3711 cam
252 3660 350 3710 sancto
364 3655 495 3710 Hatthaeo
507 3655 635 3726 apostolo
651 3657 793 3728 apparuit,
807 3672 902 3713 sacras
952 3660 1042 3715 sancti
1053 3658 1179 3715 Hatthrei
1193 3657 1314 3729 apostoli
1327 3656 1362 3713 de
1374 3655 1516 3727 AEtbiopia
1529 3655 1674 3726 fugerant,
1687 3657 1767 3711 iuve-

87 3749 211 3822 virgiues
228 3748 404 3819 confortavit,
418 3748 600 3821 celeremque
619 3750 815 3806 liberationem
834 3768 901 3823 pro·
953 3758 1068 3808 nerunt.
1084 3755 1151 3808 Erat
1168 3757 1264 3807 autem
1283 3750 1412 3806 doctrina
1428 3765 1527 3805 eorum
1544 3765 1641 3821 prava,
1655 3754 1769 3805 etcon·

87 3843 175 3899 misit.
198 3844 260 3898 Hor
286 3844 360 3899 Heus
384 3849 500 3900 ventum
526 3842 733 3899 validissimum
759 3845 901 3913 excitavit,
952 3845 1164 3901 trellumiuam
1182 3850 1268 3917 atque
1283 3844 1437 3916 prophetas
1455 3842 1567 3898 lethalis
1583 3842 1769 3914 blasphemiae

88 3952 173 3993 omne
192 3936 358 3992 incendium
376 3952 394 3990 a
411 3936 496 3992 domo
517 3936 634 4008 virginis
652 3953 710 3991 suae
729 3939 859 4006 mutavit,
874 3943 903 3994 et
951 3941 1045 4013 plena.
1067 3937 1293 4010 lngredierrtibus
1313 3938 1344 3992 iu
1368 3936 1513 3993 Persidem
1534 3936 1675 4008 apostolis,
1700 3938 1767 3993 Wa-

88 4032 226 4104 palatium
249 4030 323 4102 regis
344 4047 408 4085 cum
429 4029 611 4086 facultatibus
633 4030 694 4101 ejus
715 4032 900 4103 consumpsit.
952 4034 1071 4089 rardacb
1086 4033 1236 4104 praefectus
1254 4036 1285 4086 et
1301 4032 1359 4086 dnn
1379 4031 1454 4101 regis
1473 4029 1704 4102 babyloniorum,
1719 4048 1769 4087 ne-

88 4128 150 4197 lpse
173 4131 269 4178 autem
295 4140 360 4179 cum
382 4123 441 4179 lilio
465 4124 549 4178 unico
572 4124 617 4178 rix
640 4124 741 4191 evasit,
765 4125 812 4178 scd
837 4125 902 4180 iude
952 4126 1031 4181 miue
1057 4126 1163 4195 Xerxis,
1192 4126 1323 4192 occurrit,
1351 4124 1400 4195 qui
1426 4127 1526 4178 contra
1555 4122 1640 4179 ludos
1665 4123 1769 4179 tirrium

90 4219 201 4274 nullum
215 4218 242 4271 ei
255 4217 392 4288 gaudium
405 4216 543 4288 provenit.
555 4217 628 4271 Ham
642 4217 732 4271 filiam
747 4218 808 4290 ejus
821 4220 903 4273 vehe—
953 4219 1074 4275 Persidis
1086 4221 1231 4275 invasores
1242 4217 1350 4273 bellum
1362 4219 1534 4288 srrsceperat.
1547 4216 1769 4272 Advenientibus

62 4376 66 4385 ,
89 4311 282 4368 mantissimas
300 4311 416 4366 daemon
433 4309 572 4381 implerit,
588 4310 745 4382 rapidoque
764 4328 848 4368 cursu
866 4313 903 4367 ad
952 4318 1047 4369 autem
1063 4313 1207 4385 apostolis,
1219 4310 1374 4381 daemonia,
1389 4328 1455 4383 quas
1471 4310 1591 4382 siugulis
1609 4312 1768 4367 mansioni-

88 4405 209 4462 Hatthaei
237 4403 358 4477 apostoli
381 4404 556 4475 sepulturam
580 4404 706 4473 adduxit,
731 4409 760 4460 et
783 4423 799 4459 a
823 4407 1005 4503 tergonus
1027 4407 1133 4463 dabant
1153 4422 1291 4479 responsa
1314 4422 1374 4460 suae
1394 4404 1515 4460 fallacias
1534 4405 1767 4474 sacrificantibus,

90 4499 221 4555 manibus
243 4498 280 4553 ab
303 4497 363 4570 ipso
386 4497 501 4553 diabole
521 4496 671 4569 coHigatis,
693 4501 815 4570 paterna
835 4516 903 4555 eum
953 4501 1165 4558 obmutuerunt.
1178 4499 1258 4556 Unde
1271 4498 1547 4555 cultoresoorumad
1559 4498 1659 4553 fanum
1668 4498 1768 4555 vicinas

90 4593 209 4651 crimina
224 4590 353 4648 confiteri
366 4590 511 4663 compulit.
528 4592 589 4663 lpse
608 4607 677 4647 vero
692 4592 903 4664 elephantiosas
952 4595 1071 4651 civitatis
1083 4597 1236 4666 pergentes
1250 4594 1463 4648 cousuluerunt.
1477 4593 1564 4648 Porro
1577 4591 1695 4649 daemon
1707 4609 1769 4649 mu·

88 4688 179 4744 factus
191 4687 221 4742 in
234 4705 263 4742 se
276 4685 404 4758 gladium
418 4686 569 4756 imponens
579 4686 720 4756 occubuit,
731 4687 903 4760 propriaque
954 4690 1046 4762 gitum
1070 4688 1283 4744 eousalentibus
1305 4687 1393 4754 dedit,
1417 4690 1445 4742 et
1466 4685 1552 4758 quod,
1575 4686 1768 4757 presentibus

89 4798 177 4838 manu
191 4780 333 4851 perforato
351 4779 495 4835 stomacho
509 4779 672 4851 apostolice
690 4781 791 4836 mortis
805 4798 903 4854 paenas
953 4783 1089 4855 apostolis
1106 4782 1153 4838 Hei
1168 4782 1282 4837 Simone
1300 4784 1329 4837 et
1341 4780 1424 4847 luda,
1440 4779 1479 4834 dii
1493 4795 1593 4836 eoram
1612 4780 1693 4853 loqui
1709 4797 1768 4837 non

88 4874 153 4931 luit.
168 4873 265 4929 Omnis
278 4878 376 4929 autem
388 4874 510 4945 populus
525 4874 611 4929 morti
628 4874 690 4945 ejus
705 4875 861 4944 insultavit,
875 4880 904 4933 et
952 4883 1077 4949 possent,
1091 4875 1242 4932 intimavit.
1257 4876 1335 4930 Tunc
1354 4873 1525 4930 Warardach
1545 4873 1600 4928 dux
1619 4876 1769 4946 apostolos

89 4969 183 5026 Behor
203 4968 321 5023 fratrem
339 4967 505 5039 Ephigeniae
524 4968 561 5023 ab
582 4969 710 5039 apostolo
730 4969 903 5041 baptisatam
953 4972 1057 5044 inquiri
1068 4971 1144 5039 fecit,
1156 4970 1287 5026 inventos
1299 4970 1349 5042 qui
1364 4974 1457 5025 essent
1470 4969 1512 5025 rel
1528 4966 1606 5023 unde
1622 4969 1769 5025 venissent

88 5061 318 5134 comprehendit,
338 5059 448 5132 sibique
467 5077 568 5133 regem
589 5062 762 5119 sublimavit.
782 5066 832 5120 Hic
852 5082 903 5122 xxv
952 5065 1156 5138 interrogarit;
1174 5080 1277 5136 eosque
1299 5063 1334 5119 de
1357 5079 1462 5135 genere
1484 5062 1669 5118 Hebraeorum
1690 5080 1768 5119 com·

89 5173 165 5212 auno
183 5155 272 5212 aetatis
293 5171 351 5210 suae
370 5170 491 5225 regnare
509 5156 646 5227 cespitat
666 5173 717 5228 per
736 5175 828 5214 annos
849 5177 902 5217 ssu
953 5160 1049 5216 munis
1061 5175 1145 5215 cause
1159 5158 1257 5214 salutis
1269 5157 1338 5213 illuc
1351 5156 1499 5213 advenisse
1513 5155 1630 5212 audivit.
1640 5158 1769 5230 Cumque

87 5250 234 5328 regnarit,
248 5263 403 5321 pacemque
417 5248 613 5305 firmissimam
631 5267 697 5306 cum
720 5252 856 5310 Honranis
876 5260 904 5311 et
952 5255 1002 5311 illo
1024 5258 1144 5326 rogante
1166 5255 1199 5309 ut
1220 5251 1275 5307 diis
1297 5251 1355 5307 suis
1378 5253 1549 5322 potestatem
1574 5251 1769 5323 respondendi

89 5344 182 5402 Persis
200 5343 309 5400 habuit.
328 5343 432 5398 Omnes
446 5343 612 5416 AEtbiopum
630 5345 784 5417 provincias
802 5350 901 5406 catha·
953 5350 1065 5416 darent,
1084 5351 1113 5403 et
1132 5347 1171 5402 illi
1191 5346 1255 5402 fusa
1276 5345 1405 5402 oratione
1428 5343 1635 5417 permisissent,
1653 5345 1770 5403 fanatici

88 5438 153 5495 licis
178 5437 303 5494 ecclesiis
331 5435 445 5508 repletae
470 5442 546 5507 sunt,
573 5453 606 5493 ac
633 5438 671 5494 ad
696 5439 903 5498 confessionem
952 5458 1053 5501 comm
1061 5439 1401 5514 protinusadremonibus
1412 5437 1519 5512 arrepti
1531 5441 1609 5507 suut¹
1619 5440 1650 5495 et
1658 5439 1769 5512 grande

88 5531 165 5589 beati
184 5531 306 5588 Hatthari
324 5531 445 5601 apostoli
467 5531 608 5587 mirabilia
626 5549 731 5606 magua
751 5534 836 5591 flunt.
854 5534 903 5592 Hic
951 5536 1059 5593 bellum
1082 5536 1222 5605 futurum,
1246 5540 1334 5608 atque
1355 5533 1459 5590 multos
1483 5549 1520 5589 ex
1543 5516 1665 5605 utraque
1685 5538 1768 5607 parte

89 5626 199 5698 primus
223 5623 409 5698 Evangelium
442 5624 557 5681 Homini
583 5627 673 5683 nostri
703 5629 769 5683 lesu
799 5629 903 5687 Christi
952 5647 1068 5688 casuros
1098 5646 1158 5688 esse
1190 5629 1335 5687 vaticinati
1362 5633 1441 5685 sunt.
1471 5624 1640 5683 Hidsntibus
1668 5632 1768 5685 autem

75 5721 209 5797 ¹Hebraeo
231 5719 343 5796 scripsit
368 5736 509 5791 sermone,
532 5719 608 5792 quod
633 5726 762 5794 tempore
782 5724 904 5779 Zenonis
953 5725 1097 5799 apostolis,
1118 5724 1173 5781 dus
1195 5723 1311 5783 territus
1332 5724 1384 5791 est,
1405 5720 1456 5778 ssd
1478 5719 1547 5795 ipsis
1566 5718 1766 5795 pemsdsnti·
