3750 6046
70 202 141 263 1337
869 206 954 269 t'lfs.
1686 210 1753 267 tota

65 327 174 381 festum
189 329 266 379 Beati
280 327 424 380 Michaelis
439 324 583 380 descendit
602 329 635 380 ad
661 328 795 381 Sanctum
816 332 887 384 Ger·
899 348 928 421 Α
939 334 1062 399 pontifex
1076 333 1225 398 deceptum
1246 346 1277 384 se
1291 330 1349 383 fore
1369 331 1509 397 cognovit,
1523 334 1550 382 et
1564 331 1599 382 ab
1613 333 1753 394 omnibus,

69 412 196 460 manum,
210 399 305 463 ibique
326 404 436 464 recepta
452 399 586 451 fidelitate
606 405 633 451 et
654 400 785 466 homagio
799 416 814 452 a
830 403 889 455 Bo·
940 406 988 470 qui
1004 410 1099 456 s'eoum
1118 404 1233 454 tirmiter
1244 400 1494 463 ειετειετετετεει,
1509 403 1619 466 penitus
1634 402 1755 455 derelic-

69 469 150 520 barto
165 470 289 534 principe
313 469 453 535 Capuano‚
468 477 496 521 et
516 470 626 522 Andrea
647 472 757 533 comite,
771 474 889 538 aliisque
938 480 1009 535 tum,
1028 476 1163 541 praemisit
1178 476 1309 539 majorem
1330 477 1436 537 partem
1458 475 1572 523 fratrum
1590 487 1703 525 suorum
1725 476 1754 524 in

68 542 214 593 nobilibus
234 542 343 593 illarum
366 544 501 606 partium,
525 545 658 608 praemisit
682 558 730 595 eos
760 551 823 597 aute
848 548 889 596 fa·
939 546 1129 612 Campaniam,
1145 550 1173 597 ει
1194 548 1253 610 ipse
1272 559 1337 597 curn
1359 545 1454 609 paucis
1468 543 1542 608 apud
1562 545 1754 597 Beneventum

69 614 143 665 ciam
157 629 247 674 suum,
262 618 293 665 ut
307 621 491 679 praepararent
503 616 529 666 ei
544 617 626 678 viam,
643 622 669 666 ει
691 630 774 680 prava
794 619 821 667 in
843 617 889 668 di·
939 622 1080 682 remansit,
1095 622 1247 683 expectans
1270 618 1357 682 ipsius
1376 617 1449 680 regis
1468 617 1626 666 adventum.
1652 616 1753 669 Evolu·

69 688 146 735 recta
167 685 298 745 iacetani,
315 690 342 736 ct
367 697 462 750 aspera
484 684 511 735 in
534 686 593 735 vias
612 686 718 751 planas.
742 686 803 752 Ιρεε
824 703 889 740 vero
939 689 973 740 tis
995 695 1088 741 autem
1113 690 1209 755 paucis
1230 688 1346 749 diebus,
1372 700 1419 737 rex
1443 687 1502 750 ipse
1524 701 1539 736 a
1563 687 1753 751 superioribus

70 761 134 821 post
155 757 262 822 aliquot
283 756 342 808 dias
363 771 412 822 per
432 756 560 808 Castrum
581 757 702 822 illignavi
717 772 766 822 ρετ
780 758 889 825 Capua·
939 761 1183 826 Apuliaepartibus
1194 774 1258 811 cum
1270 759 1394 810 exercitu
1404 759 1498 818 movit,
1511 761 1539 807 ει
1550 758 1752 808 Beneventanis

69 842 135 881 narn
151 831 292 880 civitatem
306 830 452 879 transitum
468 829 572 880 faciens
590 842 679 893 usqua
696 830 888 883 Beneventum
938 832 1042 883 civitati
1066 845 1156 897 usque
1179 831 1214 881 ad
1238 830 1294 881 duo
1312 831 1440 879 milliaria
1452 830 1655 894 propinquavit.
1673 830 1752 881 Tunc

71 901 192 950 Domino
213 901 315 952 comite
337 901 482 964 processit,
498 904 524 951 et
541 914 639 952 omncs
655 900 887 952 ferebarenesil·
938 903 1105 967 saepedictus
1129 902 1253 968 pontifex
1284 900 1455 953 venerabiles
1486 902 1559 951 viros
1587 901 1752 964 praedictum
1809 926 1815 933 ·

71 972 161 1023 larum
182 974 311 1036 partium,
333 986 485 1037 eorumque
511 978 606 1032 terras,
629 977 655 1023 et
679 974 888 1037 circumpositas
937 973 1099 1024 Hubaldum
1120 974 1200 1024 titulo
1219 972 1330 1025 Sanctae
1354 972 1493 1029 Praxedls‚
1508 973 1534 1022 J.
1555 972 1636 1022 titulo
1657 970 1752 1023 Sancti

71 1044 197 1093 civitates
221 1043 255 1092 ud
274 1043 437 1094 fidelitatem
461 1044 536 1094 Beati
566 1045 637 1095 Petri
661 1049 689 1095 et
710 1059 801 1105 stram,
822 1050 887 1096 tan·
938 1044 1112 1108 Marcelli‚et
1130 1045 1162 1095 B.
1184 1044 1265 1095 titulo
1287 1043 1381 1095 Sancti
1401 1043 1484 1093 blarcl
1502 1042 1751 1107 sedisapostolicae

71 1127 156 1178 quarn
181 1127 277 1164 eorum
303 1115 464 1179 principalis
487 1114 667 1175 deminuam
693 1117 790 1167 eadem
814 1117 887 1167 civi·
937 1116 1134 1167 cancellarium
1149 1116 1326 1180 presbyteros
1342 1114 1506 1175 cardinales,
1527 1114 1561 1165 ad
1576 1127 1640 1165 eum
1656 1127 1749 1178 regem

71 1188 128 1235 tate
141 1185 251 1248 recepit.
270 1185 376 1236 interea
393 1188 542 1250 imperator
562 1187 721 1237 Graecorum
739 1188 886 1237 niaximam
936 1185 1046 1249 direxit,
1059 1191 1197 1252 quatenus
1218 1201 1252 1239 ex
1266 1192 1343 1250 parte
1360 1187 1433 1236 Beati
1450 1185 1521 1236 Petri
1537 1199 1600 1235 eum
1619 1186 1751 1236 attentius

70 1254 105 1306 de
139 1256 269 1307 thesauro
301 1258 449 1321 pecuniam
482 1271 530 1321 per
555 1258 704 1323 quemdam
734 1259 886 1323 principem
936 1262 1153 1319 commonerent,
1168 1264 1200 1309 ut
1214 1259 1250 1309 ab
1272 1257 1386 1308 offensis
1403 1259 1467 1320 ejus
1490 1257 1603 1307 omnino
1620 1262 1750 1319 cessaret,

69 1340 153 1376 suum
175 1328 288 1378 nomine
310 1327 479 1392 paliologum
500 1329 576 1378 misit
595 1330 746 1380 Anconam.
770 1328 887 1394 Scripsit
936 1327 971 1379 de
996 1329 1080 1379 illatis
1105 1330 1216 1380 damnis
1243 1330 1414 1380 satisfaceret
1439 1333 1466 1378 et
1486 1330 1547 1391 jura
1572 1330 1750 1380 matrissuae

69 1399 152 1448 etiarn
169 1398 259 1448 eidem
273 1398 409 1462 pontifici,
425 1413 524 1463 rogans
539 1405 564 1450 ot
579 1405 676 1464 petens
693 1400 784 1463 abeo,
800 1405 830 1451 ut
851 1401 886 1452 de
935 1405 1121 1452 sacrosanctas
1133 1402 1266 1453 Romanae
1282 1401 1414 1451 Ecclesiae
1429 1399 1481 1449 sibl
1501 1400 1616 1463 pacifico
1637 1413 1749 1451 conser-

70 1470 234 1519 civitutibus
248 1470 367 1533 Apuliae,
384 1485 447 1535 quaa
464 1472 524 1521 sitae
540 1473 647 1521 suntin
663 1473 817 1535 maritimis,
831 1477 886 1524 tres
935 1477 1019 1523 varet.
1037 1472 1145 1536 Quibus
1159 1473 1278 1537 benigne
1291 1474 1428 1535 susceptis
1444 1476 1526 1535 atque
1540 1473 1672 1530 tractatis,
1688 1477 1751 1536 post

71 1540 162 1591 eidem
181 1542 387 1605 imperatoriae
407 1547 503 1593 tcnore
525 1543 701 1605 concederet,
716 1548 748 1594 ut
769 1545 827 1608 ipse
850 1545 885 1595 ad
935 1547 1061 1594 mutuam
1081 1544 1253 1596 diversorum
1271 1544 1477 1594 altercationem
1493 1543 1686 1606 capitulorum,
1701 1558 1750 1595 rex

69 1612 287 1675 expugnandum
314 1613 476 1676 praedictum
498 1626 590 1677 regem
612 1617 639 1665 et-
661 1614 694 1664 de
715 1619 771 1665 tote
791 1615 885 1667 Sicilia
934 1616 993 1680 ipse
1012 1629 1075 1666 cum
1089 1616 1187 1666 codcm
1209 1628 1279 1680 papa
1294 1615 1334 1665 eis
1355 1614 1543 1664 mediantibus
1560 1615 1748 1677 concordavit,

69 1683 267 1747 expellendum
282 1684 454 1735 sufficienter
474 1685 564 1736 eidem
585 1686 709 1749 pontiflci
732 1687 803 1737 vires
828 1691 883 1736 tam
935 1691 961 1736 at
975 1688 1091 1738 veniens
1106 1686 1140 1736 ad
1155 1686 1310 1737 Ecclesiam
1330 1686 1423 1736 Sancti
1445 1687 1576 1736 Marciani
1594 1688 1671 1749 juxte
1695 1687 1748 1737 Be-

68 1755 97 1804 in
120 1756 249 1819 pecunia,
270 1769 353 1818 quam
377 1757 404 1805 in
429 1754 564 1807 militibus
587 1760 614 1808 et
632 1758 693 1807 aliis
716 1762 884 1808 armatarum
896 1720 922 1791 B
935 1766 1089 1810 uenantum
1107 1761 1235 1823 positam,
1251 1757 1286 1807 ad
1300 1757 1385 1821 pedes
1399 1759 1486 1821 ipsius
1502 1756 1641 1821 pontificis
1656 1757 1749 1808 huml-

68 1824 206 1887 praesidiis
228 1824 421 1876 indeficienter
441 1827 586 1878 conferret.
612 1828 745 1879 Praeterea
760 1830 884 1895 quinquo
934 1829 998 1881 liter
1016 1845 1046 1882 se
1067 1831 1222 1896 prostravit,
1237 1833 1263 1880 et
1282 1828 1379 1893 ligium
1402 1827 1561 1893 homagium
1583 1833 1610 1879 et
1628 1828 1749 1881 fidelita-

68 1895 156 1945 millia
179 1896 334 1946 librasauri
351 1897 441 1948 eidem
463 1911 541 1963 papae
556 1902 672 1965 ejusque
687 1903 771 1952 carriae
784 1901 884 1951 nihilo·
933 1904 987 1951 tem
1013 1915 1105 1953 coram
1135 1901 1375 1952 circumstantium
1398 1900 1522 1950 maxima
1544 1901 1748 1964 episcoporum,

67 1967 161 2015 minus
179 1967 244 2018 dare
261 1969 395 2031 promisit.
419 1970 471 2018 Pro
494 1973 527 2020 iis
548 1983 622 2035 ergo,
641 1985 704 2035 quae
725 1977 821 2022 contra
844 1974 884 2037 ip-
933 1972 1131 2034 cardinalium,
1151 1974 1299 2032 comitum,
1323 1972 1459 2022 baronum
1483 1976 1509 2022 ot
1535 1972 1653 2021 aliorum
1679 1974 1750 2022 mul-

67 2053 130 2090 sum
155 2053 247 2105 regem
271 2042 397 2104 quotidie
419 2041 622 2104 tractabantur,
651 2044 730 2094 valde
754 2047 882 2109 perterri-
933 2046 1067 2107 titudine,
1094 2045 1190 2097 Odone
1213 2045 1392 2108 Frangepaue
1416 2045 1606 2106 juramentum
1633 2058 1749 2108 compu-

67 2114 113 2160 tus
134 2115 184 2172 est,
200 2117 228 2163 et
250 2113 350 2162 erroris
371 2112 414 2162 sui
437 2114 598 2176 paenitentia
613 2115 723 2176 vinctus,
743 2115 777 2166 ad
789 2118 883 2168 sinum
933 2117 1017 2176 tante,
1034 2116 1088 2166 sibi
1103 2116 1175 2166 fecit.
1193 2115 1314 2178 Recepto
1334 2115 1427 2177 itaque
1448 2115 1508 2177 ipso
1530 2127 1595 2177 rege
1616 2113 1650 2163 ad
1671 2116 1749 2178 pacis

65 2183 163 2231 matris
185 2196 244 2233 suae
266 2186 452 2234 sacrosanctae
478 2185 610 2236 Romanas
635 2187 779 2247 Ecclesiae,
796 2193 823 2237 ει
848 2186 882 2238 ad
932 2187 1060 2237 osculum
1084 2192 1110 2237 ει
1127 2187 1235 2238 collatis
1259 2186 1367 2249 magnis
1389 2184 1551 2235 muneribus
1568 2187 1597 2234 in
1619 2199 1701 2246 aure,
1721 2192 1749 2236 ot

65 2252 254 2305 obedientiam
276 2254 380 2304 domini
403 2260 430 2305 et
452 2256 539 2305 Patris
560 2258 603 2305 sui
619 2258 743 2319 ejusdem
766 2258 882 2310 llomanl
932 2261 1054 2322 argento,
1071 2263 1098 2309 et
1118 2258 1215 2308 sericis
1236 2257 1335 2320 pannis
1356 2256 1446 2306 eidem
1469 2256 1608 2319 pontifici,
1631 2258 1748 2321 ejusque

64 2325 206 2388 pontificis
230 2326 319 2376 redire
350 2339 414 2376 cum
446 2327 521 2376 omni
552 2327 708 2380 humilitate
736 2329 880 2394 disposuit.
931 2326 1615 2392 fratribus‚attetiejuscnriae,abinvioemlaeti
1635 2332 1747 2379 etcum

66 2396 205 2459 Quocirca
220 2398 341 2447 electum
355 2398 530 2448 Catauiensis
544 2399 678 2450 Ecclesiae
691 2413 755 2450 curn
769 2403 882 2466 quibus·
931 2400 1033 2463 gaudio
1058 2400 1254 2451 discesserunt.
1281 2398 1435 2463 Egrediens
1459 2403 1553 2447 autern
1583 2398 1747 2464 benignissi-

64 2465 128 2515 dem
153 2466 188 2516 de
210 2467 361 2530 majoribus
385 2468 456 2518 aulae
475 2481 533 2519 suar
552 2468 585 2518 ad
604 2473 779 2533 praesentiam
795 2473 881 2535 ipsius
930 2485 994 2521 mus
1019 2486 1090 2536 papa
1115 2471 1149 2522 de
1176 2471 1286 2521 civitate
1312 2471 1508 2520 Beneventano
1534 2472 1560 2519 et
1586 2469 1620 2519 de
1643 2469 1746 2520 finibus

64 2538 205 2601 pontificis
237 2551 398 2588 accessuros
424 2553 515 2604 usque
545 2539 689 2591 Salernum
718 2544 879 2603 transmisit,
931 2541 1051 2602 Samnii,
1075 2556 1173 2593 versus
1198 2542 1295 2592 urbem
1318 2542 1433 2592 Romam
1456 2541 1508 2592 iter
1528 2554 1610 2591 suum
1636 2541 1745 2591 direxit.

65 2607 169 2671 quibus
190 2607 343 2672 plenariam
364 2614 528 2672 potestatem
550 2609 641 2670 dedit,
664 2617 696 2663 ut
716 2615 832 2675 gratiam
853 2617 882 2665 et
931 2614 1082 2665 Transiens
1105 2627 1170 2665 vero
1188 2626 1238 2677 per
1261 2614 1383 2663 Mentem
1401 2613 1534 2664 Casinum
1550 2615 1638 2675 etper
1652 2613 1746 2663 Marsi-

63 2692 161 2742 pacem
185 2679 280 2729 domui
301 2693 379 2744 pupae
402 2680 437 2729 ab
459 2694 492 2730 ee
513 2681 654 2732 humiliter
675 2690 839 2746 quaererent,
854 2690 881 2736 ει
930 2699 1000 2736 εεεε
1015 2687 1144 2736 Μεειεεε
1160 2687 1234 2735 venit
1248 2685 1283 2734 ad
1297 2685 1439 2735 civitatem
1458 2685 1596 2734 Narniam.
1619 2683 1655 2733 Et
1675 2699 1746 2749 quo-

63 2751 281 2802 sntisfactionem
305 2752 548 2817 plenariamque
575 2755 732 2805 continetur
754 2756 878 2819 inferius,
930 2756 1005 2805 niam
1020 2757 1161 2806 civitatem
1175 2755 1377 2806 Urbevetannm
1391 2768 1454 2818 quae
1469 2767 1518 2818 per
1532 2755 1692 2818 longissima
1706 2769 1748 2806 re·

64 2835 129 2873 cum
152 2822 231 2872 firma
246 2824 396 2873 securitate
410 2823 462 2873 sibi
476 2828 650 2887 praestarent.
673 2826 702 2874 ln
717 2826 813 2890 primis
828 2841 879 2892 ρε-
929 2830 971 2875 tro
993 2831 1116 2890 tempora
1138 2839 1168 2876 εε
1190 2824 1412 2889 ajurisdictione
1425 2825 1503 2875 Beati
1518 2824 1589 2873 Petri
1603 2824 1746 2876 subtraxe-

64 2891 141 2942 tabat
165 2891 271 2944 absolvi
293 2895 449 2945 secundum
473 2895 606 2946 Ecclesiae
631 2910 753 2957 morem3
778 2897 879 2950 deiude
929 2899 978 2954 rat,
995 2910 1078 2959 quum
1093 2911 1157 2947 cum
1172 2897 1260 2946 multe
1274 2896 1366 2946 studio
1384 2900 1408 2946 et
1422 2896 1564 2959 diligentia
1585 2911 1674 2960 nuper
1694 2912 1745 2949 ac-

63 2962 225 3028 homagium
247 2969 274 3015 ει
293 2966 452 3017 fidelitatem
466 2967 556 3018 eidem
573 2968 697 3032 pontifici
711 2969 801 3020 facere
814 2984 879 3033 pro·
929 2967 1070 3031 quisierut
1087 2974 1113 3018 et
1129 2968 1250 3019 dominio
1265 2968 1400 3019 Ecclesiae
1416 2968 1547 3018 Romanae
1564 2968 1743 3031 subjecerat:

63 3037 201 3087 mittebat.
221 3037 325 3089 Omnes
343 3052 456 3103 quoque
476 3043 554 3090 terroe
578 3055 637 3092 suae
660 3042 793 3093 ecclesias
813 3056 877 3093 cum
928 3038 1034 3089 bonum
1049 3040 1102 3089 sibi
1124 3045 1151 3090 et.
1168 3040 1298 3090 fratribus
1313 3040 1370 3089 suis
1384 3041 1474 3089 visum
1490 3044 1541 3101 εει,
1556 3043 1587 3089 ει
1600 3040 1634 3088 ud
1650 3040 1745 3091 civita-

61 3107 185 3172 plenaria
214 3108 340 3160 libertate
367 3112 501 3162 restituet.
520 3112 583 3161 'l'ria
609 3116 696 3162 castra
723 3127 772 3177 pro
795 3088 983 3163 illatisCtem
1006 3111 1093 3173 ipsam
1117 3109 1263 3160 accederet
1282 3112 1310 3160 ει
1324 3122 1374 3160 εεε
1396 3124 1457 3161 earn
1479 3112 1637 3173 praestantia
1658 3110 1745 3161 hono·

62 3178 181 3241 damnis,
203 3179 336 3231 Padulem
359 3181 498 3242 videlicet,
515 3183 749 3234 Montamfuscum
766 3189 793 3234 ει
806 3186 876 3235 Μετ-
928 3184 1008 3231 roret·
1033 3182 1100 3231 Nem
1120 3181 1259 3246 usquead
1278 3183 1338 3244 ejus
1354 3183 1575 3245 lemp0r⁰‚³icut
1594 3181 1629 3231 ab
1652 3184 1743 3234 Omni·

61 3254 158 3301 tonem
171 3264 235 3301 cum
254 3254 427 3316 pertinentiis
441 3256 499 3303 suis
522 3256 551 3303 in
573 3258 711 3319 propriam
729 3255 876 3306 haeredita·
926 3249 980 3300 bus
996 3251 1150 3312 dicebatur,
1165 3252 1258 3301 nullus
1273 3265 1398 3316 unquam
1420 3253 1607 3302 Romanorum
1629 3255 1742 3315 pontiti·

60 3325 117 3372 tem
140 3323 223 3373 Beate
244 3323 333 3385 Petro,
350 3329 378 3374 et
393 3324 528 3376 Ecclesiae
549 3326 876 3376 BomanaeniBilominns
926 3335 990 3372 curn
1007 3321 1131 3374 eamdem
1145 3324 1285 3373 civitatem
1298 3324 1455 3385 intraverat,
1472 3323 1515 3372 vel
1528 3322 1651 3386 aliquam
1666 3324 1693 3373 in
1709 3338 1742 3376 ea

59 3392 146 3443 dabit.
175 3393 291 3444 Romam
317 3399 459 3458 praeterea,
487 3410 550 3461 quae
581 3400 649 3447 tunc
678 3394 877 3448 adversabatur
927 3394 1105 3457 temporalem
1128 3396 1293 3457 potestatem
1324 3392 1470 3443 habuerat.
1503 3392 1656 3457 Eapropter
1683 3394 1739 3445 cle-

58 3464 194 3529 pontitloi,
211 3465 333 3515 dominio
356 3467 444 3530 ipsius
466 3469 559 3529 arinis,
574 3468 618 3518 vel
640 3469 759 3532 pecunia
775 3469 875 3532 subju·
925 3476 981 3526 rats,
1000 3469 1027 3516 et
1040 3465 1169 3529 populus,
1185 3467 1211 3513 et
1226 3464 1328 3514 milites
1348 3464 1423 3513 illius
1443 3463 1498 3514 loci
1519 3464 1616 3528 majori
1633 3464 1739 3515 deside-

58 3536 144 3601 gabit.
167 3536 231 3587 Post
251 3543 440 3602 recuperatam
464 3539 557 3590 domni
583 3554 672 3604 pspae,
692 3545 718 3591 et
740 3541 874 3592 Ecclesiae
925 3538 965 3585 rio
989 3540 1016 3585 ει
1041 3535 1167 3599 ampliori
1195 3536 1370 3584 veneratione
1397 3536 1489 3597 ipsum
1513 3533 1673 3597 pontificem
1696 3548 1738 3586 re·

58 3608 186 3672 gratiam,
208 3609 379 3660 tantumdem
401 3612 538 3674 pecuniae,
554 3617 691 3676 quantum
712 3611 802 3663 Graeci
824 3614 873 3665 ob·
924 3611 1069 3671 ceperunt,
1091 3609 1117 3657 ει
1139 3604 1228 3655 modis
1247 3605 1388 3666 omuibus,
1411 3604 1513 3669 quibus
1534 3608 1668 3670 poterant,
1689 3606 1738 3657 bo-

57 3675 189 3740 tulerant,
204 3680 345 3745 largietur.
371 3682 480 3732 Auditis
499 3684 592 3747 itaque
614 3683 773 3747 hujusmodi
793 3684 873 3734 obla·
923 3683 1064 3730 notarunt.
1081 3679 1142 3742 lpse
1157 3690 1222 3728 vere
1236 3675 1400 3740 aliquandiu
1420 3689 1525 3726 moram
1549 3676 1736 3739 faciens,ma·

57 3749 192 3811 tionibus,
207 3751 242 3802 de
261 3753 404 3802 communi
418 3754 533 3804 fratrum
549 3754 666 3804 consilio
685 3754 872 3806 venerabilem
920 3754 995 3816 iores
1010 3756 1037 3801 ει
1048 3752 1178 3808 minores,
1197 3752 1328 3811 tanqum
1349 3760 1450 3797 1¹0thOE
1470 3747 1545 3797 Beati
1564 3747 1636 3797 Ρθῑιῑ
1655 3748 1736 3799 fami·

57 3824 151 3871 virttm
174 3822 336 3873 Hubeldum
351 3828 419 3874 tunc
441 3826 633 3889 presbyterum
652 3826 820 3877 cardinalem
841 3829 873 3878 ti·
922 3825 987 3873 liam
1010 3821 1162 3873 affectuose
1178 3818 1333 3870 honorabat
1354 3824 1383 3869 et
1401 3819 1429 3868 in
1449 3832 1545 3869 eorum
1560 3821 1734 3884 congratula-

56 3894 119 3946 tulo
141 3893 250 3947 Sanctae
274 3895 414 3958 Praxedis,
432 3911 508 3947 nunc
523 3896 680 3949 Ostiensem
700 3899 870 3964 episcopum,
920 3894 1003 3945 hatur
1034 3891 1200 3958 aspectibus.
1235 3890 1483 3955 Appropinquante
1519 3891 1602 3955 igitur
1634 3891 1734 3943 hiemis

57 3967 178 4017 domnus
190 3980 260 4030 papa
273 3968 424 4018 transmisit
432 3982 522 4034 arsque
535 3968 691 4031 Salernum,
704 3976 870 4034 quatenusa
921 3970 1054 4029 ternpore,
1075 3963 1109 4013 ad
1131 3974 1274 4014 amoenum
1297 3965 1325 4011 et
1346 3962 1513 4025 populosum
1538 3961 1653 4012 viterbii
1674 3976 1733 4014 cas·

55 4037 869 4106 praedictisnuntilsinquireret,slea,quaefuerantoblata,
921 4041 994 4088 trum
1021 4036 1180 4096 detcentfih
1206 4039 1234 4085 θῑ
1257 4032 1358 4084 “lude
1384 4034 1419 4083 ἃᾶ
1443 4034 1545 4085 Urbem
1571 4037 1598 4084 θῑ
1622 4035 1732 4087 Lattm-

54 4109 172 4160 veritate
193 4114 268 4160 certa
286 4110 479 4173 inniterentur,
501 4116 529 4162 al
546 4112 621 4176 quod
636 4113 804 4177 invenirent,
816 4116 869 4167 sibi
920 4123 1008 4161 nense
1019 4109 1214 4160 consistorium
1227 4119 1291 4158 cum
1304 4105 1390 4170 gloria
1406 4111 1433 4157 ot
1455 4105 1560 4158 honore
1577 4106 1670 4159 debito
1691 4123 1733 4161 re·

55 4180 199 4231 referrent.
214 4179 330 4231 Factum
343 4186 386 4232 est
399 4182 446 4243 ita,
462 4186 489 4233 et
504 4181 637 4234 redeunte
656 4184 715 4248 ipse
736 4184 869 4238 cardinali
919 4183 1030 4234 meavit.

54 4253 159 4313 omnia,
178 4266 242 4317 quas
265 4255 400 4317 promissa
418 4268 453 4305 ex
473 4259 549 4319 parte
572 4256 645 4319 regis
666 4256 784 4319 fuerant,
805 4271 869 4310 vara
951 4255 1005 4305 Hic
1018 4254 1117 4303 beatus
1131 4252 1255 4316 pontifex
1276 4252 1304 4300 in
1325 4250 1450 4302 Ecclesia
1468 4250 1562 4302 Sancti
1582 4253 1655 4304 Petri
1674 4258 1731 4307 tec-

53 4324 168 4373 inventa
180 4328 247 4373 sunt
258 4329 286 4374 et
300 4325 334 4374 ad
344 4326 540 4391 complendum
553 4332 655 4392 parata.
669 4330 777 4378 Bonum
787 4329 869 4393 igilur
919 4331 979 4377 tum
1015 4325 1111 4375 Sancti
1146 4324 1285 4381 Processi,
1314 4323 1388 4387 quod
1416 4322 1580 4386 dissipatum
1611 4327 1730 4388 invenit,

52 4395 146 4445 visum
170 4397 211 4445 est
227 4394 317 4445 eidem
339 4397 473 4460 pontiflci,
489 4404 521 4449 ει
537 4402 592 4448 ιετε
613 4400 690 4449 utilis
709 4400 867 4461 concordia,
918 4399 1021 4462 optime
1040 4396 1190 4455 resarcivit,
1204 4400 1231 4445 et
1254 4407 1338 4457 super
1358 4395 1508 4444 oratorium
1530 4395 1626 4446 Sancti
1646 4397 1731 4447 Joan-

52 4470 83 4516 ει
97 4478 161 4515 cum
176 4480 275 4530 magno
291 4466 395 4518 bonore
414 4468 558 4531 Ecclesiae,
574 4471 738 4534 compositio
755 4470 868 4523 deberet
878 4457 907 4529 D
918 4471 962 4518 nis
977 4470 1004 4517 in
1020 4468 1096 4518 fonte
1111 4479 1222 4515 murum
1241 4479 1256 4514 a
1274 4464 1363 4515 tribus
1382 4464 1515 4516 lateribus
1535 4467 1652 4529 erigens,
1663 4469 1730 4519 navi

53 4536 174 4589 admitti.
189 4536 243 4589 Sed
265 4539 331 4604 quia
351 4542 513 4605 mejorpars
536 4543 659 4604 fratrum,
672 4542 726 4592 alta
742 4543 826 4593 nimis
841 4548 869 4595 et
918 4539 1042 4604 eiusdem
1066 4537 1200 4589 Ecclesiae
1222 4537 1387 4599 coaequavit.
1410 4537 1440 4585 ln
1463 4537 1640 4588 Laterauensi
1664 4552 1731 4602 quo-

53 4611 169 4660 omnino
186 4610 292 4661 incerta
313 4613 443 4671 sentiens,
460 4615 615 4665 consentire
637 4613 798 4665 nullatanus
817 4630 868 4666 vo·
918 4625 973 4677 que
985 4611 1087 4675 palatio
1100 4610 1248 4660 cistemam
1265 4604 1346 4657 valde
1358 4608 1554 4670 necessariam,
1570 4613 1598 4659 ει
1612 4609 1730 4659 ετειιετε

53 4682 116 4740 ιειι,
130 4680 314 4733 disturbatum
335 4689 376 4733 est
395 4688 492 4745 toturn,
510 4685 586 4751 quod
600 4687 723 4737 oblatum
738 4686 828 4737 fuerat
842 4690 869 4738 et
918 4684 1060 4747 copiosam
1080 4678 1204 4731 studiose
1219 4678 1278 4728 ilari
1294 4678 1367 4739 fecit,
1383 4683 1410 4727 et
1421 4677 1475 4729 alia
1488 4679 1584 4741 multe,
1599 4693 1662 4744 quae
1674 4694 1732 4745 prae

53 4753 165 4818 penitus
187 4754 343 4804 refutatum.
364 4756 397 4805 Et
421 4758 553 4821 quoniam
574 4759 655 4821 juxta
676 4758 869 4822 evangelicum
918 4756 1004 4805 nimia
1020 4757 1155 4804 vetustate
1171 4753 1336 4815 consumpta
1350 4750 1468 4812 fueraut,
1483 4752 1511 4801 in
1533 4751 1631 4803 eedem
1656 4754 1732 4817 palu·

53 4823 195 4874 verbum:
217 4825 307 4876 Omnia
326 4829 373 4891 qui
393 4828 756 4887 sseaoltetdmnrilietritar,
780 4837 803 4880 ct
823 4831 869 4895 qui
919 4828 957 4878 tio
984 4825 1133 4877 resarcivit.
1164 4824 1193 4873 ln
1223 4822 1342 4873 ecclesia
1377 4822 1539 4873 Sanctorum
1565 4822 1674 4875 Cosmaa
1705 4829 1733 4875 et

52 4907 81 4946 se
100 4893 233 4953 tramitiuf,
255 4896 418 4948 enoltotritur
445 4901 611 4962 (Lec.,x1v),
634 4905 781 4965 postquam
810 4902 868 4964 ipsa
917 4897 1047 4947 Damieui
1071 4897 1160 4958 majus
1180 4892 1560 4958 altarelapideauperposite
1579 4894 1731 4958 illilapidi,

53 4978 104 5018 rex
119 4966 157 5016 ita
177 4980 207 5018 se
228 4967 393 5031 humiliavit,
407 4975 434 5021 ει
450 4973 511 5035 ejus
523 4972 673 5023 satisfactio
688 4976 795 5036 recepte
811 4986 868 5023 non
918 4981 1002 5032 quern
1016 4968 1113 5017 beatus
1128 4980 1198 5030 papa
1211 4964 1362 5029 Gregorius
1382 4969 1592 5015 consecraverat
1614 4967 1731 5031 propriis

51 5038 214 5101 fuit,exivit
235 5054 300 5091 cum
324 5043 448 5094 exercitu
464 5047 560 5095 contra
583 5044 697 5096 Graecos
711 5048 738 5094 ει
754 5043 867 5109 apulos,
918 5039 1057 5098 manibus,
1079 5036 1219 5087 medianto
1247 5035 1475 5102 Quadrageslma‚
1503 5035 1650 5087 dedicavit.
1677 5038 1731 5088 Hic

52 5109 103 5175 qui
128 5112 188 5174 ejus
211 5116 311 5163 terram
338 5120 556 5179 occupaverant,
583 5119 609 5165 et
632 5115 747 5166 veniens
778 5128 868 5180 usque
918 5110 994 5161 Beati
1016 5110 1087 5159 Petri
1112 5109 1307 5174 patrimonium
1331 5109 1358 5158 in
1377 5109 1487 5172 magnis
1499 5108 1735 5171 possessionibus,

51 5180 256 5244 Brundusium,
278 5184 327 5234 ubi
351 5185 461 5236 fuerant
485 5188 656 5251 congregati,
681 5188 815 5250 pugnavit
839 5187 868 5236 in
918 5186 945 5233 et
979 5180 1106 5232 aedificiis
1137 5180 1288 5244 plurimum
1322 5180 1520 5245 augmentavit.
1555 5178 1733 5243 Comparavtt

51 5264 150 5315 campo
164 5265 228 5302 curn
244 5254 313 5313 illis;
328 5254 430 5319 quibus
444 5257 556 5307 tandem
574 5259 709 5321 superatis
728 5262 756 5307 et
768 5261 868 5321 poten·
918 5254 992 5303 enim
1015 5256 1137 5302 castrum
1162 5250 1291 5302 Corclani
1303 5250 1328 5299 'a
1351 5250 1526 5301 Buccalconc
1548 5265 1597 5315 pro
1618 5256 1732 5302 centurn

51 5325 95 5372 ter
116 5322 233 5374 devictis
253 5330 337 5389 atque
358 5326 469 5391 fugatis,
490 5328 602 5391 plenum
624 5328 658 5379 de
682 5329 748 5392 ipsis
771 5329 867 5378 trium·
919 5323 1099 5388 quadraginta
1122 5320 1199 5372 libris
1223 5320 1381 5372 afforciatis.
1410 5322 1473 5373 Due
1492 5335 1605 5386 quoque
1630 5324 1732 5386 optimu

51 5394 141 5458 pbum
157 5395 284 5446 obtinuit.
301 5396 496 5448 Undafuctum
518 5405 568 5461 est,
585 5400 659 5463 quod
685 5403 768 5449 totam
790 5399 868 5463 Apu·
917 5394 1076 5445 molendina
1095 5394 1184 5458 posita
1206 5392 1280 5456 apud
1303 5392 1433 5443 Sanctam
1456 5391 1625 5444 christinam
1647 5395 1682 5445 ab
1699 5397 1731 5445 ll-

51 5465 119 5516 liam
141 5470 167 5517 et
190 5469 248 5531 ejus
267 5468 337 5518 tlnes
363 5472 456 5518 tantus
481 5470 563 5519 timor
583 5473 611 5520 ct
633 5476 734 5521 tremor
756 5474 868 5534 repento
918 5464 1058 5518 debrando
1081 5469 1108 5514 ει
1128 5464 1266 5516 Barnardo
1289 5463 1355 5514 fllits
1370 5465 1478 5529 Ugolini
1492 5465 1603 5515 comitis
1617 5465 1652 5515 de
1669 5466 1733 5516 Cal-

51 5537 164 5600 invasit,
178 5543 209 5590 ut
227 5540 253 5591 ai
267 5538 398 5605 deinceps
416 5541 543 5592 resistere
563 5542 658 5592 nullus
679 5542 801 5602 auderet,
820 5540 868 5591 sed
918 5541 1059 5603 maugiaro
1073 5552 1121 5601 pro
1134 5541 1245 5587 centurn
1261 5535 1409 5598 nonaginta
1429 5534 1506 5585 libris
1524 5536 1650 5599 ejrrsdcm
1673 5550 1732 5585 me-

53 5608 178 5659 universi
200 5624 216 5660 a
237 5611 307 5661 facie
326 5612 414 5677 ipsius
428 5612 574 5677 fugientes,
588 5614 648 5663 sine
666 5614 751 5663 armis
772 5618 799 5663 ει
821 5626 867 5663 ce·
917 5614 992 5662 uetae
1015 5609 1198 5659 nihilominus
1219 5608 1400 5672 comparavit.
1419 5606 1538 5659 Reccam
1564 5607 1657 5657 Sancti
1676 5607 1735 5680 Ste-

52 5680 164 5733 actione
183 5681 276 5747 aliqua
296 5684 422 5733 civitates
442 5688 469 5734 et
489 5697 567 5735 arces
582 5685 780 5735 munitissimus
792 5685 868 5735 illico
918 5682 1003 5749 phani
1017 5694 1084 5732 eum
1104 5680 1258 5732 medietate
1276 5672 1693 5737 trecassensem-,agas
1712 5682 1759 5712 exe

53 5750 177 5809 dominic
203 5754 264 5819 ejus
287 5755 471 5807 restituerent.
504 5755 693 5823 Quamobrem
719 5760 873 5829 postquam
923 5755 992 5811 dem
1012 5754 1169 5812 comitibus
1184 5752 1219 5806 iu
1235 5752 1361 5821 pignore
1376 5760 1434 5813 pro
1452 5748 1577 5795 centnm
1585 5735 1785 5800 ,mmmm
