3750 6046
76 146 142 233 „m
498 176 655 235 HISTORIA
674 176 940 237 ECCLESlllSFle.
961 209 995 221 —
1011 179 1096 235 PARS
1115 178 1160 234 lll.
1181 209 1215 219 —
1230 180 1294 234 cut.
1314 177 1373 234 llll.
1714 182 1767 237 906

89 297 145 355 tiro
157 296 266 369 ubique
289 297 473 365 discurrebat,
489 304 517 355 et
535 300 667 355 vivaciter
685 301 802 373 agendis
822 302 904 356 rebus
915 308 1032 383 Acerto
1063 300 1112 372 qni
1146 301 1179 356 ad
1214 301 1265 355 boc
1295 299 1405 355 lacinus
1437 300 1629 366 innotuerunt,
1663 301 1769 370 publici

90 392 224 447 insistens
248 397 363 447 cunctos
389 392 545 447 animabat.
571 395 769 465 Carpenterios
800 394 907 449 bertre·
958 395 1053 449 hostes
1087 398 1116 448 et
1143 395 1269 465 perjurio
1294 393 1335 447 rei
1360 399 1460 448 currtra
1485 410 1582 463 regem
1615 393 1771 463 adjudicati·

89 484 162 539 dum
185 485 322 540 iacientes
341 485 468 554 docebat,
486 486 512 541 in
530 486 665 557 operibns
685 488 839 543 defectivos
854 489 905 542 im·
959 494 1035 544 sunt.
1053 489 1319 543 Radbertusautem
1341 489 1371 540 ut
1394 504 1443 542 eos
1458 487 1493 540 de
1514 487 1589 553 villa,
1604 504 1668 558 quae
1681 489 1773 542 muni·

88 579 235 651 properiis
267 579 470 634 subsannando
501 579 702 651 redarguebat,
735 586 764 636 et
795 586 908 637 strenue
958 582 1151 643 tissimaerat.
1167 580 1273 635 viribus
1293 580 1351 635 suis
1372 580 1436 651 ejici
1459 598 1516 635 non
1538 597 1620 650 posse
1644 581 1772 636 conside·

91 674 214 743 egentes
232 671 375 728 laudando
399 673 435 727 ad
460 674 570 743 majora
585 674 687 729 ciebat.
702 675 827 730 Tandem
847 692 907 731 me·
958 675 1040 744 ravit,
1067 675 1194 729 immisso
1219 674 1286 745 igno
1308 673 1451 744 proximas
1474 674 1574 729 domos
1590 673 1726 742 incendit,
1743 680 1770 729 et
1835 664 1838 669 ’

89 765 191 821 chinus
215 765 316 834 erexit,
340 766 447 821 crebris
470 766 621 822 assultibus
644 771 801 823 castrenses
826 768 907 836 lussit,
959 770 1076 823 banania
1098 785 1195 835 voras,
1214 768 1300 821 llante
1322 769 1416 833 vento,
1431 770 1521 821 totum
1541 767 1666 838 burgum
1689 768 1774 822 corri-

93 864 123 914 et
135 875 227 930 usque
240 859 275 914 ad
289 859 463 914 deditionem
480 861 615 916 coercuit.
636 862 793 917 ludovicus
813 868 909 917 autern
959 863 1031 934 puit.
1046 863 1145 917 llostes
1163 862 1260 932 itaque
1279 861 1314 916 de
1336 861 1422 931 septis
1445 860 1518 914 rillae
1541 860 1668 930 projecit,
1685 865 1713 915 et
1736 861 1771 915 ab

90 954 120 1007 et
134 951 271 1007 Radullns
286 952 410 1007 burandi
423 953 507 1020 filius,
522 960 551 1009 et
562 955 712 1026 complices
726 971 828 1009 eorum
844 971 909 1010 cum
959 955 1066 1011 assultu
1086 954 1252 1010 munitionis
1271 953 1388 1024 fugavit.
1407 955 1438 1008 ln
1453 956 1529 1007 tanta
1552 970 1648 1008 rernm
1671 954 1770 1009 conlu-

90 1046 202 1101 victore
216 1061 316 1116 pacem
330 1046 469 1113 lecerunt,
485 1047 652 1119 redditaque
666 1049 837 1115 munitione,
852 1065 910 1103 om·
958 1050 1038 1104 sione
1050 1049 1183 1103 liberales
1201 1051 1230 1102 et
1250 1047 1362 1101 honesti
1383 1047 1542 1118 burgenses
1561 1047 1680 1102 Gisortis
1696 1048 1771 1101 rnul-

89 1155 144 1195 nes
165 1156 232 1193 cum
258 1138 343 1194 rebus
365 1139 423 1194 suis
444 1141 512 1194 salvi
535 1141 612 1195 abire
635 1142 765 1211 permissi
788 1147 863 1209 sunt,
882 1145 911 1197 et
959 1148 1021 1198 tum
1047 1141 1254 1213 perdiderunt,
1282 1143 1324 1207 et,
1350 1141 1526 1211 consumptis
1550 1140 1681 1195 domibus
1705 1156 1771 1195 eum

90 1231 211 1304 quidem
234 1248 336 1288 eorum
361 1233 619 1300 bellum-Morrtem,
644 1234 693 1288 ubi
717 1251 813 1290 comes
838 1240 908 1302 erat,
960 1236 1046 1307 gazis,
1073 1240 1199 1307 egestate
1226 1235 1368 1288 attenuati
1399 1238 1474 1288 sunt.
1500 1234 1624 1289 Ecclesia
1655 1249 1769 1305 quoque

91 1342 160 1382 cum
175 1326 289 1381 Francis
304 1326 445 1381 abierunt.
960 1329 1056 1384 Sancti
1068 1328 1202 1396 Gervasii,
1217 1344 1302 1398 quam
1316 1329 1383 1383 ante
1394 1344 1495 1397 paucos
1505 1344 1597 1382 annos
1611 1326 1772 1383 Goislredus

129 1419 190 1474 Illic
213 1418 312 1474 Simon
335 1419 369 1473 de
397 1421 523 1474 Parrona
547 1424 576 1474 et
598 1420 694 1476 Simon
718 1421 752 1476 de
775 1422 908 1492 Nealpbe,
960 1421 1188 1492 archiepiscopus
1200 1421 1388 1488 dedicaverat,
1403 1420 1550 1475 combusta
1563 1426 1615 1476 est.

90 1511 184 1567 Guido
217 1515 408 1582 cognomento
438 1513 653 1568 italus-Vicinus
686 1517 715 1569 et
746 1515 846 1569 Petrus
874 1514 909 1569 de
996 1517 1055 1570 Rex
1071 1520 1179 1582 entem,
1198 1516 1229 1569 ut
1247 1531 1377 1570 rumores
1391 1514 1587 1584 hujuscemodi
1603 1514 1720 1581 audivit,
1735 1514 1770 1570 de

88 1605 200 1660 Manlia
222 1621 313 1677 nepos
340 1606 416 1676 ejus,
442 1605 609 1662 Gnillelmus
634 1623 748 1678 quoque
777 1608 908 1677 Aculeus,
960 1610 1049 1663 Ponte
1064 1608 1208 1663 aldemari
1223 1624 1288 1662 curn
1309 1608 1434 1663 exercitu
1457 1624 1507 1662 sno
1521 1608 1640 1663 Gisortis
1654 1608 1769 1664 lestine-

90 1698 201 1770 aliique
223 1699 282 1754 lere
302 1714 333 1752 cc
352 1698 464 1770 pugiles
487 1700 522 1754 de
543 1700 670 1773 Francia,
684 1700 780 1755 comiti
803 1700 908 1757 milite·
920 1683 948 1755 B
960 1701 1008 1768 vit,
1023 1701 1120 1772 ibique
1135 1704 1236 1756 contra
1253 1701 1413 1771 proditores
1428 1717 1503 1768 suos,
1518 1701 1541 1755 si
1556 1701 1696 1771 reperiret
1710 1717 1771 1771 eos,

88 1791 174 1860 bant,
192 1791 229 1846 ad
247 1791 401 1862 imperium
417 1793 478 1863 ejus
498 1809 550 1864 per
563 1793 755 1849 collimitanea
768 1811 834 1849 rura
849 1794 906 1849 dis·
957 1795 1090 1849 audacter
1105 1794 1228 1864 praeliari
1243 1794 1359 1867 opterit.
1374 1795 1478 1848 Verum
1497 1793 1549 1861 illi,
1562 1798 1595 1847 nt
1608 1793 1768 1865 triumpha-

90 1884 258 1951 currebant,
273 1890 302 1940 et
320 1884 450 1955 ingentia
465 1886 570 1942 damna
593 1887 699 1957 rapinis
718 1892 747 1943 et
769 1887 908 1943 incendiis
958 1894 1061 1954 turem,
1076 1903 1163 1958 quern
1177 1886 1268 1941 adbuc
1282 1886 1430 1942 obsidione
1441 1891 1608 1957 occupatum
1622 1887 1769 1958 putabant,

90 1977 254 2033 fautoribus
267 1979 342 2048 regis
356 1977 528 2033 inferebant.
958 1996 1115 2052 properare
1143 1985 1356 2049 compererunt,
1382 1996 1447 2034 curn
1478 1980 1582 2034 timore
1608 1983 1637 2033 et
1663 1980 1770 2049 labore,

129 2071 602 2142 lpsediequapraelatumcastrum
613 2074 907 2141 redditumest‚triste
959 2074 1106 2144 multoque
1122 2073 1257 2127 dedecore
1275 2073 1422 2142 fugerunt.
1436 2072 1542 2127 Deinde
1561 2073 1708 2143 justitiarii
1729 2090 1774 2129 re-

90 2163 349 2219 nelasalibiactnm
359 2164 421 2235 regi
432 2165 552 2220 rolatum
565 2170 617 2220 est.
631 2167 739 2221 Bellicis
750 2167 826 2222 enirn
838 2167 907 2221 dum
958 2167 1002 2237 gis
1016 2166 1213 2221 Ebroicensem
1227 2166 1404 2220 consulatum
1421 2169 1449 2220 et
1466 2182 1565 2220 ornnes
1584 2166 1687 2221 fundos
1707 2183 1772 2238 pro·

89 2258 183 2327 idem,
202 2264 231 2313 ut
250 2257 358 2313 dietum
375 2263 425 2328 est,
440 2260 671 2329 occupationibus
691 2261 765 2315 eirca
783 2261 907 2317 Rizelam
959 2259 1083 2315 dirorum
1107 2259 1280 2327 invaserunt,
1303 2264 1332 2313 ct
1352 2259 1480 2314 dominio
1504 2259 1578 2329 regis
1598 2260 1772 2330 mancipave-
1833 2286 1837 2294 ·

90 2352 282 2419 detineretur,
298 2352 478 2422 perjurorum
491 2352 570 2407 fraus
591 2354 664 2408 circa
685 2355 786 2425 Eptam
806 2355 907 2426 hujus·
958 2357 1034 2408 runt.
1057 2353 1146 2423 liuga,
1163 2352 1271 2423 Pagani
1288 2351 1372 2419 lilius,
1387 2368 1452 2407 cnm
1470 2352 1626 2423 Stephano,
1640 2352 1771 2408 bloritolii

90 2445 204 2501 cenredi
218 2444 373 2499 lectionem
388 2445 611 2501 machinabatur.
958 2447 1083 2514 eorrsule,
1100 2449 1166 2500 tunc
1179 2451 1248 2514 erat,
1260 2445 1404 2517 patrisque
1417 2446 1461 2499 sui
1474 2446 1636 2501 facinorum
1650 2447 1772 2515 nescius,

89 2549 157 2603 xlx.
176 2549 317 2611 Henetus,
332 2548 475 2602 rebellibus
495 2552 520 2601 ct
543 2548 729 2617 proditoribus
753 2551 907 2620 perpetrare,
958 2539 1019 2610 regi
1041 2538 1187 2593 Ssssliebfll·
1212 2540 1270 2594 Rex
1295 2555 1363 2610 ⁰13⁰
1387 2539 1429 2592 5¹¹3
1451 2545 1605 2610 paternum
1631 2540 1770 2596 h⁰⁰⁰l0ffl

323 2630 518 2685 Nonnanntnm
530 2631 671 2697 pacificat.
959 2631 1105 2697 concessit,
1131 2631 1336 2703 perjurumque
1360 2648 1459 2687 senem
1484 2632 1595 2703 penitus
1618 2648 1683 2689 cum
1706 2634 1772 2689 ller-

126 2724 278 2791 Plecitum,
299 2724 368 2779 teria
389 2726 513 2779 secunda
535 2724 637 2798 [tl23],
658 2726 776 2798 qnando
799 2742 906 2781 morce-
958 2726 1030 2791 velo,
1050 2725 1108 2778 lilio
1131 2741 1192 2793 suo,
1217 2724 1421 2779 exhaeredavit.
1445 2725 1553 2780 Exinde
1576 2726 1676 2793 loedus,
1695 2727 1773 2798 quod

90 2821 141 2873 tus
155 2818 261 2889 agitur,
276 2821 411 2873 statutum
426 2818 480 2873 luit
493 2818 522 2873 in
536 2819 623 2873 donio
638 2819 743 2890 Pagani
764 2820 798 2875 de
817 2820 909 2875 Gisor·
958 2835 1032 2889 papa
1045 2818 1148 2873 nudius
1170 2818 1271 2872 tertius
1284 2817 1359 2872 inter
1378 2834 1459 2890 reges
1477 2818 1637 2890 pepigerat,
1654 2826 1772 2890 ruptum

88 2910 140 2980 tis,
162 2910 199 2965 ed
220 2910 296 2982 quod
320 2910 454 2965 invitatus
471 2911 524 2966 luit
548 2911 708 2967 bedbertus
727 2913 762 2967 de
787 2913 907 2981 Cendos,
958 2917 1009 2978 est,
1024 2916 1052 2966 et
1066 2910 1190 2966 rediviva
1204 2927 1308 2982 guerra
1318 2910 1444 2967 feraliter
1463 2911 1645 2968 inardescens
1667 2913 1772 2968 utrobi·

90 3005 196 3059 munio
217 3004 290 3076 regii
312 3003 473 3075 dangionis,
490 3010 551 3059 ute
572 3005 696 3061 siccariis
710 3006 816 3062 ibidem
830 3006 906 3061 trau·
958 3021 1014 3077 que
1031 3009 1129 3059 exorte
1142 3010 1193 3060 est.

89 3097 226 3152 dolenter
250 3097 366 3152 armatis
391 3102 509 3169 repente
536 3098 651 3153 inermis
682 3053 946 3165 obtruncaretur,C
993 3100 1069 3152 Tunc
1088 3098 1178 3154 hiems
1199 3098 1330 3170 pluvialis
1351 3102 1421 3154 eret.
1447 3099 1505 3153 Rex
1528 3102 1624 3153 autem
1645 3100 1772 3171 plebium

90 3188 292 3262 oppidumque
306 3191 436 3262 protinus
450 3207 467 3245 a
482 3191 634 3247 latentibus
646 3192 742 3247 cuneis
755 3199 908 3247 totumun·
958 3192 1069 3247 labores
1095 3198 1123 3247 ct
1147 3192 1305 3247 anxietates
1333 3191 1471 3247 discretus
1497 3193 1695 3258 consideravit,
1720 3194 1773 3250 eis,

90 3283 183 3354 dique
207 3283 397 3339 invaderetur.
422 3286 484 3356 lpsa
507 3301 573 3339 vero
598 3285 654 3352 die,
677 3286 792 3355 milites,
817 3286 908 3340 turbis
959 3300 1023 3356 que,
1038 3301 1074 3340 ne
1088 3285 1176 3340 nimis
1185 3285 1296 3356 letigeti
1308 3300 1386 3340 more
1396 3285 1593 3354 jumentorum
1609 3302 1668 3357 pres
1682 3287 1771 3344 nimio

89 3376 264 3432 rusticorum
291 3383 320 3432 et
340 3377 513 3432 laminarum
535 3378 571 3432 de
593 3378 858 3450 circumjacentibus
870 3379 908 3433 vi·
958 3379 1056 3434 labore
1068 3378 1259 3434 fatiscentium
1270 3378 1434 3447 delicerent,
1448 3378 1585 3450 pepercit.
1597 3380 1682 3451 Ergo,
1696 3385 1771 3451 post·

89 3470 166 3525 culis
178 3471 212 3525 ed
226 3470 318 3525 forum
342 3472 559 3542 properantium
573 3472 660 3539 misti,
676 3472 801 3543 burgum
819 3471 907 3527 libere
958 3488 1044 3543 quem
1066 3471 1121 3526 duo
1142 3470 1335 3526 munitissima
1353 3487 1418 3525 cum
1441 3471 1651 3542 subjacentibus
1676 3472 1771 3529 lundis

89 3564 283 3630 intraverunt,
300 3567 328 3618 et
340 3580 356 3618 a
370 3564 571 3635 burgensibus,
585 3565 688 3636 quibus
701 3564 819 3636 plurimi
837 3565 907 3620 olim
958 3564 1071 3636 oppida,
1086 3566 1202 3619 Pontem
1215 3563 1361 3619 Aldemari
1377 3567 1406 3618 et
1419 3565 1542 3619 blontem
1563 3566 1677 3620 Fortem
1701 3566 1770 3621 obti-

91 3657 158 3712 noti
175 3662 269 3726 erant,
284 3657 313 3711 in
331 3673 431 3712 eorum
446 3658 577 3713 domibus
596 3658 762 3730 simpliciter
784 3658 907 3729 hospitio
958 3658 1069 3726 nuit,irl
1086 3657 1215 3712 Adventu
1230 3656 1343 3712 llomini
1356 3658 1476 3728 populos
1493 3656 1523 3711 in
1538 3674 1607 3728 pace
1621 3658 1769 3729 quiescere

92 3749 221 3822 suscepti
234 3756 309 3817 sunt,
324 3751 426 3822 suique
440 3752 623 3806 multitudine
638 3752 735 3807 viltam
752 3768 859 3822 magna
872 3768 908 3808 ex
953 3751 1046 3822 jussit.
1062 3751 1190 3806 Familias
1211 3766 1278 3807 vero
1303 3766 1368 3805 suas
1386 3766 1451 3805 cum
1474 3751 1626 3823 proeeipuis
1648 3752 1770 3807 ducibus

90 3847 175 3916 parte
195 3844 393 3916 impleverunt.
408 3846 545 3912 Tandem,
563 3846 632 3900 hora
649 3845 829 3916 proditionis,
844 3862 906 3901 cre-
957 3860 1008 3916 per
1029 3845 1142 3900 castella
1163 3843 1311 3916 disposuit,
1328 3842 1428 3914 eisque
1451 3848 1549 3898 contra
1567 3845 1713 3915 predones
1728 3851 1771 3901 tu-

90 3936 138 3992 bri
151 3938 244 3992 nuntii
257 3937 432 3993 Radbertum
446 3938 667 3994 commonebant
688 3942 720 3992 nt
738 3939 906 4008 festinarem
957 3939 1041 3993 telam
1066 3937 1277 4009 provinciarum
1302 3936 1455 3991 commisit.
1490 3937 1560 3992 Nem
1591 3939 1768 3994 Rannultum

91 4031 145 4086 sed
167 4030 411 4101 religiosalsabel,
426 4048 496 4087 irxor
514 4033 584 4103 ejus,
600 4033 648 4087 diu
670 4031 804 4099 detinuit,
823 4036 854 4087 ut
871 4033 906 4089 de
957 4032 1136 4102 bajocensem
1160 4029 1305 4085 constituit
1327 4031 1356 4084 in
1378 4030 1539 4086 Ebroarum
1565 4031 1646 4100 turri,
1671 4032 1768 4087 tlenri·

91 4124 256 4181 domesticis
271 4125 354 4180 rebus
378 4131 521 4181 tractaret.
535 4128 591 4181 lloc
606 4126 743 4182 nimirum
765 4131 834 4182 nutu
857 4128 906 4182 bei
957 4142 1022 4181 cum
1037 4141 1114 4192 vero,
1129 4124 1252 4180 Goisleni
1262 4124 1297 4180 de
1308 4125 1458 4179 Pomereto
1472 4124 1573 4192 silium,
1586 4125 1622 4179 ad
1637 4127 1769 4182 Pontem·

91 4218 203 4273 iactum
219 4220 271 4272 est.
287 4218 430 4273 llodberto
447 4219 546 4290 itaque
562 4219 739 4287 demorante,
762 4219 907 4276 baldricus
956 4219 1081 4286 Attouci,
1107 4222 1135 4273 et
1157 4217 1300 4283 odonem,
1322 4223 1513 4289 cognomento
1536 4219 1718 4289 Borleugum,
1733 4219 1770 4276 ad

91 4311 132 4367 ad
154 4311 288 4382 placitum
311 4313 427 4368 ultimus
450 4313 538 4382 venit,
561 4314 680 4385 aliisque
706 4313 799 4368 adhuc
823 4314 907 4368 tacite
957 4312 1123 4383 praesidium
1149 4311 1289 4380 bernaici,
1313 4312 1441 4382 aliosque
1468 4311 1571 4382 probos
1595 4312 1715 4368 athletas
1737 4313 1769 4369 iu

91 4406 323 4478 prestolantibus
337 4406 366 4461 in
379 4407 476 4475 armis,
494 4408 602 4478 primus
623 4409 760 4463 amictum
776 4408 905 4479 projecit,
917 4426 946 4497 D
957 4406 1019 4461 aliis
1031 4406 1099 4461 locis
1111 4404 1148 4459 ad
1160 4404 1309 4459 tutandam
1320 4404 1470 4476 regionem
1481 4409 1581 4460 contra
1591 4405 1769 4462 incursiones

91 4501 122 4554 et
136 4498 223 4553 lorica
238 4499 352 4554 indutus
366 4517 544 4572 praepropere
557 4501 724 4557 exclamavit
740 4518 747 4555 t
762 4501 842 4570 «Eia,
857 4499 908 4555 mi·
957 4499 1076 4555 inimici.
1090 4498 1257 4553 Guillelmns
1269 4514 1395 4570 quoque,
1411 4498 1485 4553 tllius
1508 4498 1645 4554 Radberti
1666 4500 1700 4554 de
1718 4502 1770 4556 lla-

92 4593 170 4658 lites,
184 4592 262 4663 qnod
283 4593 427 4664 agendum
449 4601 489 4650 cst
511 4595 591 4662 inite,
605 4601 633 4650 et
651 4596 763 4650 fortiter
784 4595 877 4666 agitet
892 4616 906 4644 n
958 4593 1125 4660 rolli-Corte,
1139 4591 1200 4663 regi
1215 4591 1365 4647 adhaerens
1381 4592 1530 4649 serviebat.

92 4686 230 4741 Protinus
243 4687 391 4757 oppidanis
407 4689 529 4759 proditio
546 4689 657 4744 detecta
671 4694 721 4756 est,
736 4692 765 4744 et
784 4690 908 4744 clamoso
995 4690 1026 4743 ln
1050 4685 1235 4757 subsequenti
1261 4684 1493 4756 Quadragesima,
1509 4684 1702 4741 Gualerannus
1725 4703 1770 4742 cu-

95 4780 228 4835 tumultu
242 4785 349 4850 exorto,
365 4781 416 4836 sibi
436 4783 554 4854 propior
567 4782 602 4837 ab
624 4782 788 4837 bominibus
801 4782 909 4853 l'egani
958 4798 1019 4837 mes
1041 4779 1247 4836 conloedemtos
1271 4795 1336 4833 suos
1358 4778 1495 4845 accersiit,
1518 4795 1550 4832 ac
1573 4782 1656 4834 noete
1678 4781 1772 4835 bomi-

92 4875 181 4946 porte
208 4873 347 4928 violenter
369 4875 485 4930 obtenta
510 4881 561 4930 est.
592 4877 719 4948 Cumque
751 4876 910 4931 bedbertus
958 4875 1028 4930 nicae
1044 4872 1276 4929 Anrruntielionis
1290 4873 1326 4928 ed
1340 4872 1523 4926 muniendam
1538 4872 1638 4927 turrim
1653 4873 1689 4928 de
1701 4875 1772 4931 Gua-

92 4982 204 5037 equum
215 4967 395 5036 ascendisset,
412 4973 441 5024 et
455 4970 620 5040 proditionis
632 4970 752 5040 ignarus
764 4969 799 5024 cd
812 4969 909 5024 lorum
959 4969 1063 5023 travilla
1083 4966 1216 5038 perrexit.
1231 4967 1297 5022 Tres
1316 4965 1420 5037 quippe
1443 4965 1567 5021 sororios
1589 4983 1654 5022 suos
1674 4982 1771 5025 secum

92 5060 230 5129 venisset,
257 5068 380 5116 armatos
410 5063 560 5134 praedones
586 5063 681 5119 villam
713 5063 909 5134 depraedantes
961 5061 1069 5127 babuit,
1085 5058 1285 5130 llugonemde
1304 5059 1614 5114 Novo-Castellolilium
1633 5061 1769 5130 Gervasii,

93 5155 254 5226 prospexit,
277 5155 493 5227 terribilemque
516 5157 583 5212 belli
607 5158 759 5228 strepitum
783 5155 910 5226 undique
960 5158 989 5211 et
1003 5153 1197 5225 lluguncmde
1218 5152 1410 5218 blonte-Forti,
1426 5153 1706 5222 atqueGuillelmum
1720 5156 1772 5211 Lu-

92 5247 213 5315 audivit,
236 5253 263 5302 et
288 5250 456 5319 perterritus
476 5250 512 5305 sd
535 5252 661 5323 asylum,
684 5251 759 5305 unde
782 5249 911 5305 nondum
960 5246 1184 5322 pellun1,srlium
1203 5244 1501 5301 beceliniGoclli.llis
1525 5246 1657 5302 omnibus
1674 5264 1771 5305 comes

94 5340 246 5411 elongatus
279 5342 380 5411 lueret,
406 5345 574 5414 quantocius
606 5344 744 5416 confugit.
774 5342 812 5399 lbi
845 5346 911 5398 tunc
960 5339 1282 5397 emalricuseminebat.
1305 5338 1514 5394 Bellieacohors
1529 5340 1773 5398 ltisdueibusvie·

93 5434 252 5492 amalricus
265 5452 369 5504 comes,
384 5444 412 5492 et
432 5454 520 5509 nepos
539 5440 599 5509 ejus
621 5438 790 5494 Guillelnrus
810 5436 912 5507 Crispi·
962 5435 1049 5490 tuella
1061 5434 1180 5489 obsessis
1195 5432 1339 5499 conduxit,
1349 5432 1540 5489 munitionem
1556 5450 1671 5506 quoque
1682 5436 1770 5509 regis,

92 5545 160 5596 nus,
181 5544 246 5583 cum
271 5529 327 5584 suis
347 5532 475 5601 cetibus,
490 5533 520 5588 in
542 5538 668 5588 montem
690 5537 789 5586 contra
814 5530 910 5585 muni·
961 5544 1026 5602 quae
1049 5543 1144 5582 arcem
1167 5525 1339 5593 coarctabat,
1355 5542 1388 5581 ex
1402 5526 1546 5597 insperato
1561 5544 1646 5584 mane
1660 5529 1773 5601 impug-

93 5627 228 5679 mentum
248 5624 350 5679 armati
371 5627 569 5693 ascenderunt,
584 5630 614 5681 et
627 5627 713 5681 minis
736 5626 798 5697 plus
826 5640 912 5697 quam
962 5622 1047 5678 navit.
1067 5620 1244 5677 Guelterium
1262 5625 1377 5689 eutem,
1389 5620 1485 5675 tilium
1499 5620 1790 5675 ectuctmxcecce-

94 5714 178 5774 tactis
208 5718 317 5772 terrere
342 5723 496 5776 casbenses
525 5722 586 5776 ausi
617 5724 693 5805 sunt.
720 5720 829 5780 Omnes
861 5737 914 5797 pro
963 5717 1335 5793 licherilillu,qusmren
1343 5709 1693 5788 principemcustobcm
1701 5701 1816 5755 censb-

242 5812 381 5880 Parnoi.
406 5817 619 5889 uufflvlu.
1634 5803 1685 5857 Ἦ
