3750 6046
496 167 656 228 ersroen
675 141 992 227 ιιιιιειιιτιιιμ
1005 170 1183 228 ιιιιι.-
1197 171 1260 227 ne.
1282 173 1303 227 1.
1708 146 1744 231 ii

14 34 84 297 ἠ
56 292 164 350 Eusebii
181 292 366 350 Caesariensis
383 293 511 365 episcopi
524 295 710 365 necessarius,
735 293 816 366 cujus
831 294 875 350 vi·
887 295 1079 382 Atinopolim
1094 294 1198 350 librum
1212 311 1263 367 pro
1279 311 1308 351 se
1327 296 1492 351 Constantio
1507 297 1691 369 porrexisset,
1704 299 1742 354 ad

13 344 21 631 Ι
56 387 129 443 hm
121 404 187 459 ipse
202 387 294 444 tribus
308 387 391 443 libris
405 388 635 460 comprehendit.
924 387 1026 444 Gallias
1041 388 1137 444 rediit.

84 482 182 539 veruo
213 481 419 554 persecutionis
446 499 523 540 anno
551 499 608 555 quo
639 486 668 539 et
694 482 875 539 Constantius
958 482 1085 540 Julianus
1101 498 1189 538 annos
1202 500 1232 552 11,
1253 499 1366 540 menses
1379 501 1435 541 vro
1457 485 1507 540 llic
1527 485 1696 558 baptizatus,
1712 493 1742 544 et

56 576 138 645 obiit,
165 577 340 634 Maximinus
363 581 392 634 et
415 577 534 634 Severus
566 594 583 632 a
609 577 720 633 Galerio
752 577 875 634 ldaximo
924 576 1008 632 sacris
1025 576 1172 633 ordinibus
1198 581 1285 650 atque
1307 579 1343 634 ad
1364 578 1546 635 diaconatum
1573 580 1742 637 sublimatus

56 673 177 728 casam
206 670 282 726 lacti.
312 671 334 726 E
358 670 462 744 quihus
485 671 655 728 Maximinus
680 671 819 728 maleficia
846 675 875 728 et
924 670 993 726 init:
1016 671 1066 727 sed
1086 671 1184 728 relicto
1204 671 1346 742 clericatu,
1366 689 1446 729 arma
1464 674 1612 744 sustulitf
1604 675 1740 747 xmperio·

56 769 152 837 stupra
169 781 223 821 sua
234 764 461 822 Christianorum
473 765 720 837 persecutionibus
738 781 872 823 accumu-
928 781 983 838 qne
1000 769 1127 838 arrepto,
1149 766 1184 822 ad
1197 765 1339 824 idolorum
1355 769 1462 825 cultum
1483 784 1634 825 conversus
1647 769 1740 827 Chris·

56 859 100 914 lat
111 859 216 914 Passus
230 864 273 914 est
285 862 498 933 eetempestate
513 861 612 915 Petrus
620 859 798 917 Alexandriae
812 860 873 932 epi·
926 859 1019 915 tianos
1044 861 1211 931 persecutus
1228 863 1280 916 cst.
1301 862 1406 934 Pagani
1426 863 1502 936 apud
1527 863 1665 920 sebasten
1687 864 1740 919 Pa·

56 969 164 1025 scopus,
189 953 406 1025 cumpluribus
423 953 537 1025 AEgypti
558 955 711 1026 episcopis.
734 955 874 1011 Lucienus
928 953 1047 1008 laestinae
1069 953 1173 1008 urbem
1196 955 1357 1025 sepulcrum
1374 956 1489 1011 loannis
1510 957 1673 1029 Bnptistas‘
1666 973 1743 1013 inva-

57 1062 180 1119 quoque,
202 1046 248 1101 vir
264 1047 396 1102 moribus
418 1050 447 1102 et
468 1048 686 1104 continentiaet
711 1048 874 1104 eruditione
926 1046 1010 1114 dunt,
1045 1049 1075 1101 et
1097 1063 1158 1102 ossa
1190 1047 1372 1120 dispergunt,
1396 1049 1556 1120 eademque
1572 1066 1669 1105 rursus
1687 1050 1742 1106 col·

57 1141 231 1214 precipuus,
248 1140 405 1197 Antiochia
421 1140 582 1212 presbyter,
598 1146 627 1197 et
640 1141 690 1197 alii
702 1143 785 1198 multi
797 1143 873 1214 passi
928 1139 1002 1195 lecta
1012 1143 1041 1195 et
1049 1144 1173 1196 cremata
1185 1141 1269 1196 latins
1278 1140 1456 1213 dispergunt.
1465 1142 1520 1199 Sed
1532 1143 1578 1198 Dei
1591 1143 1743 1215 providen-

58 1240 127 1290 sunt.
928 1233 967 1287 tiu
982 1233 1101 1304 quidam
1117 1249 1150 1289 ex
1161 1235 1343 1304 ierosolymis
1362 1235 1494 1290 monachi
1511 1235 1675 1303 adfuerunt,
1690 1238 1738 1308 qui

14 1366 17 1371 ·
87 1327 296 1384 Constantinus
307 1327 464 1384 Constantii
479 1343 514 1384 ex
530 1329 690 1385 concubine
715 1331 822 1386 Helena
843 1331 875 1386 o·
924 1329 1001 1384 misti
1023 1329 1223 1402 colligentibus
1241 1347 1361 1403 querque
1380 1337 1514 1403 poterant
1528 1331 1622 1386 ablata
1635 1333 1670 1387 ad
1689 1347 1738 1404 pa·

13 1412 18 1479 l
59 1423 116 1491 lios,
130 1422 162 1478 in
178 1421 327 1478 Britannia
342 1425 454 1478 creatus
469 1422 636 1494 imperator,
646 1423 777 1494 regnavit
791 1423 874 1480 annis
924 1426 1002 1478 trem
1018 1439 1102 1479 suum
1116 1423 1281 1496 Philippum
1305 1425 1495 1496 pertulerunt.
1518 1424 1567 1481 Ille
1590 1425 1739 1481 confestim

61 1533 105 1572 xxx
124 1519 155 1572 et
168 1514 322 1572 mensibus
344 1532 370 1570 x.
386 1515 427 1571 Ab
449 1532 526 1572 auno
546 1516 753 1588 persecutionis
771 1520 873 1590 quarto
923 1516 985 1572 haec
989 1516 1075 1588 ,qnia
1087 1534 1174 1589 supra
1189 1534 1218 1574 se
1233 1518 1355 1574 ducebat
1367 1521 1481 1573 tantum
1494 1519 1662 1575 thesaurum
1675 1535 1738 1592 pro-

60 1610 225 1679 fluentius,
239 1609 364 1665 Herculii
380 1609 542 1665 ldaximiani
558 1609 642 1678 illius,
657 1610 754 1667 Romae
767 1614 875 1684 Angus-
923 1610 993 1682 priis
1006 1627 1118 1666 servare
1140 1611 1253 1683 vigiliis,
1269 1612 1304 1667 ad
1319 1611 1484 1684 pontificem
1500 1612 1656 1668 maximum
1671 1616 1740 1668 tunc

61 1711 102 1758 tus
121 1703 296 1775 appellatur.
319 1702 453 1771 Licinius,
472 1703 646 1760 Constantine
664 1704 767 1760 sororis
784 1706 871 1761 Cons-
883 1681 1107 1760 Bethanesium
1112 1721 1188 1776 ,per
1205 1705 1348 1761 talianum
1361 1705 1511 1761 diaconem
1535 1722 1629 1773 sunm,
1650 1706 1739 1762 misit.

60 1797 155 1853 tantini
172 1797 228 1865 vir,
254 1797 393 1853 Carnunti
410 1797 568 1869 imperator
590 1803 711 1854 creatur.
734 1799 872 1854 Constan·
923 1798 989 1863 Quae
1003 1798 1049 1853 ille
1068 1801 1206 1869 suscepta,
1224 1799 1320 1870 paucis
1335 1798 1459 1868 arbitris,
1475 1799 1630 1855 subcavato
1644 1815 1740 1855 secra·

59 1892 130 1945 tinus
146 1891 184 1946 de
197 1896 385 1963 persecutore
397 1891 575 1947 Christianus
587 1891 719 1959 eflicitur,
735 1895 764 1947 et
777 1892 872 1948 Ecclo·
923 1892 957 1946 rii
972 1891 1078 1962 pariete
1097 1892 1221 1958 inclusit,
1236 1895 1265 1948 et
1281 1892 1450 1964 prophetico
1471 1892 1574 1963 spiritu
1592 1893 1742 1964 profutura

59 1986 124 2040 siam
143 1984 197 2040 Dei
217 1984 374 2040 sublimare
395 1987 454 2040 toto
473 1984 540 2040 nisu
559 1988 689 2040 conatur.
710 1985 739 2041 ln
759 1986 873 2043 Nicaeno
924 1984 1102 2056 generationi
1122 1989 1242 2057 posterae
1261 1986 1447 2041 consecravit.
1463 1986 1549 2058 Cujus
1569 1986 1741 2059 presagium

59 2078 176 2134 concilio
202 2078 276 2134 tides
308 2078 452 2135 Catholica
482 2079 646 2150 exponitur.
672 2079 873 2137 Constantinus
924 2077 975 2132 sub
988 2077 1147 2134 Theodosio
1159 2078 1287 2151 principe
1303 2095 1355 2150 per
1366 2079 1556 2152 Theophilum
1574 2081 1740 2152 episcopum
1857 2144 1861 2151 ¹

59 2174 159 2228 multas
185 2172 313 2228 Domino
336 2171 467 2228 basilicas
494 2173 665 2228 construxit.
693 2173 802 2242 Romae,
823 2173 874 2229 ubi
922 2171 1103 2227 Alexandriae
1129 2173 1290 2244 completur
1308 2173 1368 2245 qui,
1390 2173 1533 2230 destructo
1559 2174 1671 2246 Serapis
1693 2190 1739 2229 se·

59 2266 216 2338 baptizatus
243 2272 297 2334 est,
328 2265 474 2321 basilicam
501 2265 570 2321 lecit
595 2266 624 2320 in
654 2266 761 2322 honore
784 2267 873 2321 sancti
922 2266 1032 2336 pulcro,
1053 2266 1146 2321 Sancti
1163 2265 1278 2322 loannis
1300 2265 1409 2322 ibidem
1429 2267 1574 2324 ecclesiam
1594 2283 1739 2323 consecra·

59 2360 170 2416 loannis
191 2359 339 2432 Baptistae,
359 2375 424 2431 quae
437 2359 598 2431 appellatur
622 2359 871 2429 Constantiniana;
922 2359 971 2412 vit.

61 2454 140 2509 beato
152 2454 282 2509 Petroin
299 2453 409 2525 templo
420 2452 572 2524 Apollinis,
586 2457 615 2508 et
633 2453 717 2509 beato
734 2454 820 2509 Paulo
842 2454 872 2508 in
956 2450 1140 2520 Iovinianus,
1169 2468 1282 2509 menses
1308 2469 1367 2509 vru.
1395 2452 1526 2525 Synodus
1542 2453 1739 2511 Antioohiae
1841 2476 1844 2481 ·

61 2546 97 2601 via
110 2546 248 2603 Ostiensi.
276 2548 308 2603 ln
330 2545 437 2618 palatio
458 2545 622 2602 sessoriano
638 2546 792 2614 basilicam,
808 2563 872 2620 qnae
921 2544 1030 2601 lteletio
1053 2548 1081 2602 et
1106 2545 1164 2601 suis
1188 2545 1265 2601 lacta
1289 2550 1342 2616 est,
1371 2547 1402 2601 in
1425 2563 1483 2618 qua
1506 2549 1738 2604 Macedonianum

62 2641 280 2712 cognominatur
291 2640 462 2709 Jerusalem,
477 2639 555 2708 tecit,
571 2639 618 2695 uhi
631 2643 667 2696 de
688 2640 767 2713 ligno
782 2640 873 2696 crucis
923 2639 1029 2711 dogma
1042 2638 1179 2711 Spiritum
1200 2643 1329 2695 mpetum
1347 2639 1549 2713 blasphemans
1567 2643 1738 2697 condemna·

10 2772 13 2813 Ι
61 2733 164 2789 Domini
189 2734 297 2807 posuit.
312 2733 547 2805 Exrogatutlliae
568 2749 628 2789 suae
641 2733 708 2789 tecit
721 2735 872 2791 eeclesiam
921 2738 984 2788 tum
994 2736 1046 2789 est.
1058 2732 1224 2790 loviniaous
1240 2736 1391 2806 postquam
1406 2735 1436 2790 in
1450 2751 1514 2790 xxxx
1528 2752 1618 2790 annos
1637 2752 1736 2807 pacem

61 2828 162 2883 Sanctae
187 2828 310 2899 martyri
333 2830 439 2899 Agnae,
465 2826 547 2883 beato
575 2843 687 2900 quoque
717 2828 872 2885 Laurentio
922 2842 988 2882 cum
1001 2827 1096 2882 Persis
1109 2826 1279 2898 composuit,
1293 2826 1331 2881 ad
1350 2828 1512 2884 Romanum
1530 2844 1677 2900 regressus
1697 2833 1739 2885 est

60 2922 171 2994 martyri
184 2921 231 2977 via
244 2920 395 2976 Tiburtina
412 2919 442 2975 iu
463 2935 534 2992 agro
555 2922 675 2977 verano.
695 2923 766 2978 ltem
780 2921 872 2977 basili·
922 2920 1032 2987 solnm;
1057 2920 1198 2991 lapsuque
1219 2920 1379 2976 Constantii
1405 2921 1625 2994 predecessoris
1645 2923 1741 2977 admo·
1764 2996 1767 3003 Ι

59 3031 113 3070 um
126 3016 173 3070 via
185 3015 326 3070 [avimus
338 3014 415 3070 inter
426 3014 498 3070 duas
509 3014 619 3082 lauros,
633 3014 725 3070 beatis
743 3016 873 3088 martyri·
924 3015 1009 3084 uitus,
1026 3013 1191 3070 honorificis
1211 3019 1240 3069 et
1255 3013 1468 3070 officiosissimis
1485 3016 1671 3072 Athanasium
1693 3017 1738 3072 tit·

10 3164 12 3177 ,
59 3108 104 3163 bus
122 3108 290 3165 Marcellino
305 3112 334 3164 et
357 3109 437 3164 Petro
456 3108 540 3178 tecit3
557 3111 586 3164 et
609 3108 801 3176 mausoleum,
824 3109 873 3164 ubi
924 3109 990 3164 teris
1005 3107 1235 3179 requirit,aquo
1249 3108 1372 3163 formem
1386 3108 1463 3178 fidei,
1477 3109 1633 3165 elmodam
1647 3109 1741 3166 Eccle-

10 3214 12 3255 ε
59 3207 177 3258 nahem
194 3201 323 3257 suamin
344 3201 522 3273 sarcophago
542 3218 687 3274 purpureo
710 3203 816 3273 posuit.
841 3205 871 3259 ιιι
923 3202 1029 3257 siarum
1047 3201 1291 3273 disponendarum
1311 3202 1445 3274 suscepit.
1468 3201 1524 3257 Sed
1543 3201 1665 3275 ejuspia
1686 3202 1739 3259 lte-

57 3296 163 3352 ciritate
176 3296 255 3352 Ostia
264 3295 347 3367 juxta
368 3300 483 3366 portum
501 3296 580 3352 urbis
594 3297 703 3367 Romae,
720 3297 871 3352 Deatornm
921 3298 1007 3368 taque
1020 3294 1161 3366 principia
1181 3311 1258 3351 mors
1272 3295 1426 3351 immatura
1440 3295 1517 3368 apud
1535 3296 1663 3352 Ciliciam
1679 3313 1740 3353 cor·

57 3391 249 3461 apostolorum
268 3389 345 3444 Petri
363 3394 392 3445 et
409 3388 486 3445 Pauli
499 3394 528 3446 et
541 3389 655 3444 loannis
675 3390 807 3462 Baptista
826 3392 873 3446 bn·
922 3390 1010 3463 rupit.

58 3485 166 3539 silicam
194 3483 365 3539 construxit.
390 3484 422 3537 ιιι
447 3482 601 3539 albanensi
628 3483 755 3553 civitate,
780 3486 872 3541 Sancti
957 3483 1174 3539 Valentinianus
1186 3499 1251 3538 cum
1264 3482 1490 3550 irutrellateule‚
1506 3483 1591 3539 annis
1604 3500 1640 3540 ιι.
1655 3484 1739 3556 Apol·

57 3578 172 3634 loannis
191 3576 339 3650 Baptistae,
362 3581 390 3632 ct
411 3576 441 3631 in
458 3576 529 3631 urbe
548 3577 674 3648 Neapoli,
699 3577 766 3634 fecit
784 3579 871 3634 eccle·
922 3576 1019 3632 linaris
1033 3574 1207 3632 Laodicenos
1220 3575 1371 3647 episcopus
1384 3576 1554 3631 multimoda
1569 3581 1672 3632 nostra
1690 3593 1736 3632 re·

58 3673 118 3727 sias.
132 3671 214 3727 Idem
227 3669 432 3727 Constantinus
445 3671 605 3741 Drepanum
621 3670 760 3742 Bithynia
774 3672 870 3730 civita·
921 3669 1037 3741 ligionis
1051 3669 1155 3740 scripta
1168 3670 1324 3740 componit,
1339 3669 1387 3740 qui
1406 3673 1505 3740 postea
1518 3684 1534 3722 a
1549 3669 1606 3724 ilde
1619 3669 1738 3724 devians

57 3770 113 3821 ιιιιι
135 3764 327 3820 inhonorem
350 3762 465 3819 Luciani
485 3763 672 3835 martyrisihi
696 3765 802 3821 conditi
827 3766 871 3822 in·
922 3763 965 3819 sui
990 3761 1115 3818 nominis
1141 3761 1274 3817 haeresim
1307 3761 1440 3817 instituit.
1470 3762 1607 3817 Damasus
1637 3763 1735 3819 Romae
1845 3760 1849 3767 ’

58 3857 203 3926 staurarit,
219 3861 249 3913 et
265 3872 301 3912 ex
324 3856 461 3913 vocabulo
482 3856 580 3911 matris
594 3873 653 3913 suae
667 3859 871 3931 Helenopolim
921 3857 1072 3929 episcopus
1082 3856 1229 3911 basilicam
1239 3850 1322 3926 juxta
1335 3856 1481 3911 theatrum
1497 3858 1595 3911 sancto
1609 3856 1736 3912 muren-

57 3952 223 4008 nominavit.
243 3952 276 4006 ln
290 3949 410 4006 Thracia
422 3966 490 4006 vero
505 3950 629 4007 nominis
640 3952 684 4007 sui
695 3952 796 4008 urbem
812 3959 870 4010 stu·
922 3950 961 4007 tio
973 3951 1051 4017 fecit,
1065 3956 1095 4006 et
1105 3950 1192 4005 aliam
1206 3950 1235 4004 in
1250 3948 1442 4017 catacumbas,
1457 3949 1507 4004 ubi
1517 3965 1639 4022 corpora
1654 3966 1737 4005 sanc·

55 4047 116 4113 huit,
147 4052 176 4102 et
203 4045 303 4103 sedem
329 4044 452 4101 Romani
474 4045 588 4117 imperii
614 4049 645 4102 et
669 4046 755 4102 totins
786 4054 871 4120 caput
920 4051 1016 4101 torum
1032 4044 1229 4116 apostolorum
1243 4043 1318 4098 Petri
1330 4046 1359 4099 et
1371 4043 1623 4115 Paulijacuernnt.
1637 4044 1669 4099 ln
1681 4060 1739 4117 quo

55 4139 173 4196 (trientis
196 4139 369 4196 essevolnit.
385 4139 465 4195 ldem
478 4139 576 4194 statuit
589 4138 658 4195 citra
677 4141 764 4197 ollem
777 4142 870 4198 homi·
921 4139 999 4208 loco,
1023 4138 1178 4210 platoniam
1200 4137 1308 4211 ipsam,
1336 4137 1384 4192 nbi
1408 4136 1580 4209 jacuerunt,
1610 4137 1738 4194 versibus

55 4249 122 4289 narn
135 4234 244 4290 eudem
256 4249 436 4305 paganorum
448 4232 557 4305 templa
569 4233 673 4289 claudi.
920 4233 1077 4289 adornavit.
1095 4233 1206 4301 Valens,
1221 4232 1256 4287 ab
1276 4230 1402 4287 Eudoxio
1420 4231 1591 4287 aemorum
1607 4231 1738 4305 episcopo

87 4327 276 4394 Constantius,
297 4342 363 4383 eum
385 4327 569 4384 Constantino
585 4331 616 4383 et
636 4328 791 4385 Constante
810 4331 868 4385 tra·
920 4327 1086 4398 baptizalus,
1110 4332 1220 4381 nostros
1246 4325 1438 4397 persequitur.
1462 4325 1613 4381 Gratianus
1634 4325 1735 4382 Valen-

56 4421 153 4492 tn'hus,
179 4437 270 4477 annos
296 4437 369 4489 xxxv,
395 4437 508 4477 menses
537 4438 563 4489 v,
585 4419 644 4477 dies
670 4439 728 4477 xnr.
751 4414 1019 4486 JacohnsDtiniani
1042 4419 1116 4475 tilius
1138 4419 1223 4475 tertio
1239 4418 1301 4491 ejus
1319 4434 1393 4474 anno
1410 4418 1558 4474 ambianis
1584 4418 1739 4491 imperator

56 4514 194 4570 hisibious
221 4515 369 4586 episcopus
394 4514 575 4587 agnoscitur,
603 4514 640 4570 ad
665 4516 746 4586 cinus
770 4533 871 4588 preces
920 4515 1010 4570 tactus
1041 4517 1094 4568 est.
1122 4512 1366 4584 Constantinopoli
1397 4512 1592 4584 apostolorum
1626 4518 1736 4584 marty·

56 4624 128 4680 sepe
137 4607 207 4664 urbs
218 4624 235 4663 a
248 4607 411 4664 discrimm
425 4608 604 4665 ιιιιιιιιιιοιι.
618 4608 753 4680 lmpietas
765 4610 870 4666 Ariana
920 4608 995 4664 rium
1009 4605 1166 4664 dedicatur.
1181 4607 1246 4661 Post
1257 4604 1392 4660 auxentii
1407 4620 1500 4662 seram
1518 4609 1654 4674 mortem,
1677 4605 1734 4660 ltc-

55 4701 208 4757 Constantii
234 4701 310 4774 regis
342 4700 413 4757 lulla
436 4701 580 4774 praesidio,
612 4701 727 4770 exsiliis,
752 4703 871 4760 carceri·
920 4700 1025 4758 diolani
1054 4698 1220 4754 Ambrosius
1246 4698 1396 4770 episcopus
1428 4696 1627 4765 constituitur,
1657 4697 1738 4769 cujus

52 4794 104 4851 bus
118 4800 148 4851 et
159 4794 246 4851 variis
262 4794 453 4853 afflictionum
472 4796 568 4853 modis
594 4795 722 4869 primum
746 4796 871 4853 Athana·
919 4793 1122 4868 predicatione
1135 4791 1229 4848 omnis
1240 4792 1275 4847 ad
1289 4791 1374 4847 tldem
1385 4789 1488 4847 Christi
1501 4789 1603 4846 Wallia
1617 4806 1735 4848 couver-

52 4890 134 4959 rinm,
148 4888 255 4946 deinde
270 4905 372 4946 omnes
392 4907 449 4947 non
461 4907 519 4946 suae
534 4890 622 4962 partis
641 4889 790 4963 episcopos
802 4906 868 4963 per·
919 4889 1000 4945 titur.

52 4986 209 5041 mutaest.
224 4981 390 5040 {ariminus
410 4983 595 5041 navarorum
615 4985 762 5059 episcopus
775 4985 869 5041 clarus
954 4982 1065 5050 Valens,
1088 4996 1154 5036 cum
1176 4979 1307 5036 Gratiano
1326 4981 1356 5034 el
1378 4977 1583 5046 Valentiniano,
1608 4977 1733 5036 Valenti·

51 5074 183 5145 hahetur,
205 5094 224 5133 a
239 5094 298 5151 quo
320 5077 489 5141 Athanasius
511 5078 691 5136 Alexandriae
707 5077 867 5151 episcopus,
918 5076 996 5134 niani
1017 5075 1111 5132 fratris
1131 5075 1175 5130 sui
1190 5074 1267 5142 filiis,
1280 5072 1363 5129 annis
1382 5088 1419 5127 xv.
1443 5072 1555 5141 Valens,
1580 5071 1645 5144 lege
1668 5072 1735 5129 deta

51 5185 115 5226 cum
126 5187 144 5225 a
156 5171 323 5228 (ιοιιιιιιιιιιο
335 5176 516 5244 quareretur
530 5173 565 5230 ad
580 5189 697 5246 poenam
710 5171 867 5229 honorifice
918 5174 951 5227 ut
966 5169 1099 5226 monachi
1122 5167 1291 5238 militarent,
1314 5167 1444 5223 nolentes
1455 5165 1577 5222 testibus
1588 5166 1675 5236 jussit
1685 5166 1731 5221 in-

51 5267 265 5343 usoeptoepst,
276 5257 418 5325 batonim
429 5266 589 5325 monachus
598 5267 755 5325 centesimo
766 5267 867 5339 quinto
919 5265 1017 5321 terllci.
1031 5264 1104 5320 Gens
1124 5265 1273 5319 tlunorum
1287 5260 1336 5316 diu
1355 5260 1507 5317 inaccessis
1526 5261 1633 5316 reclusa
1648 5276 1731 5317 mou·⁴

51 5357 141 5415 etatis
155 5374 217 5415 suae
229 5374 303 5416 anno
324 5359 354 5416 in
372 5376 470 5418 eremo
487 5361 621 5418 moritur.
637 5360 869 5419 Constantioito·
917 5358 1003 5428 tibus,
1025 5356 1177 5430 repentina
1195 5354 1273 5410 rabie
1296 5354 1404 5427 percita
1423 5354 1453 5410 in
1479 5353 1587 5409 Gothos
1615 5353 1731 5421 exarsit,
1833 5406 1836 5411 .

51 5452 283 5526 memo,
296 5454 633 5528 oaaaudreeupostoli
646 5457 867 5513 ethaeaevan-
918 5468 1025 5525 eosque
1051 5451 1172 5524 sparsim
1200 5448 1382 5506 conturbatos
1408 5447 1443 5503 ab
1467 5447 1593 5520 antiquis
1620 5446 1734 5504 sedibus

52 5546 161 5621 miste
177 5548 550 5627 =s<3Censtantinnpqlitanis
571 5550 657 5609 miro·
680 5549 780 5623 tsvora
808 5567 869 5607 sus·
916 5547 1033 5622 expulit.
1054 5545 1147 5613 Gothi,
1168 5544 1290 5602 transito
1310 5541 1450 5613 Danubio,
1476 5541 1655 5615 tugientesa
1679 5541 1742 5598 lle-¹

49 5638 642 5721 wimtinmuanimrsaepacopm,
656 5644 707 5721 qni
719 5643 819 5722 pulsus
831 5643 867 5703 ah
915 5643 995 5702 laute
1008 5641 1069 5700 sius
1082 5653 1233 5699 umorum
1244 5635 1421 5712 depositione
1442 5635 1577 5710 smcepti,
1597 5650 1666 5695 mox
1681 5648 1736 5710 per

48 5734 715 5817 mthflhrntaswlsrctstpournnpnd
727 5741 873 5801 mutam
918 5737 1066 5797 avaritiam
1087 5734 1197 5795 tlaximi
1219 5732 1299 5792 ducis
1320 5731 1397 5789 tame
1419 5730 1457 5789 ad
1475 5729 1682 5788 reheltaudum
1694 5744 1746 5787 uu·

169 5827 299 5897 Parnon.
322 5826 528 5905 camvill.
1572 5825 1599 5889 ἰ
