3750 6046
390 194 545 253 tttstoula
566 194 831 252 lltltleSlllSTle.
847 224 882 235 -
902 194 987 253 tutis
1008 194 1050 253 lll.
1065 229 1100 237 —
1120 199 1182 255 llll.
1203 198 1234 254 X.
1597 206 1649 260 738

73 319 201 375 etuebat.
216 320 291 376 Dixit
305 337 374 392 ergo
393 322 469 394 regi:
486 322 652 378 Cenomuuui
665 321 788 392 ausipct·
798 322 958 406 Avectigal
972 324 1137 396 exigebant.
1155 326 1198 382 Sic
1218 326 1350 382 immensi
1371 338 1473 382 census
1491 342 1580 382 onera
1597 344 1650 400 par

72 412 145 482 inlidi
159 418 234 477 sunt,
250 422 275 470 ct
288 415 360 486 quod
373 416 537 483 tortitudine
550 422 697 485 nequeunt,
714 416 783 471 dotis
833 420 875 474 las
888 434 996 491 perque
1010 420 1089 475 natas
1101 419 1317 490 coacervabant,
1329 426 1356 476 et
1369 420 1431 493 regi
1443 424 1520 476 tmus
1530 420 1648 491 fretum,

72 506 227 563 lassatione
237 510 357 575 faciunt.
370 509 437 563 Ecce
450 509 570 564 deuictus
580 509 716 579 supplicat
727 508 783 563 lios·
833 512 908 568 utin
922 511 1036 568 nefariis
1048 529 1097 569 seu
1112 512 1273 569 commodis
1294 514 1392 569 usibus
1406 516 1646 585 emendaremur,

73 599 270 667 fraudulenter
288 602 376 657 iuliiut
396 607 458 657 tuus
478 618 531 658 esse
548 602 707 669 familiaris.
729 601 784 658 Cur
834 605 1026 661 destinabant.
1041 606 1209 678 Huiusmodi
1223 608 1321 680 utique
1336 608 1550 664 collectionibus
1564 625 1649 682 grau·

72 694 155 761 petit?
166 699 196 750 ut
215 702 318 765 quauta
332 698 387 752 tuis
404 698 520 752 vicinior
537 697 693 763 interfuerit
708 710 784 751 orce—
833 699 880 755 dia
891 698 953 772 regi
964 698 1049 755 xenia
1060 699 1311 772 presentabantur,
1326 701 1429 774 quibus
1451 703 1579 759 extranei
1596 719 1648 775 pro

74 790 130 851 nto,
151 787 217 843 dum
231 790 284 845 sibi
299 793 423 846 suberit
441 792 632 861 opportunitas
647 792 782 862 temporis,
833 809 905 849 rana
920 792 1003 849 laude
1027 792 1200 850 ditabantur.
1216 794 1278 849 Filii
1299 800 1396 851 autem
1416 794 1509 868 regni,
1525 796 1648 868 propriis

80 887 106 938 te
122 884 240 951 {erectus
252 886 404 955 insurgens.
426 887 480 939 tuis
499 886 625 953 intactior
643 884 784 955 copuletur
833 887 917 943 rebus
927 886 1032 959 injuste
1046 888 1154 956 nudati,
1178 888 1427 959 contristabantur,
1449 892 1478 945 et
1498 888 1534 945 ad
1548 890 1646 957 Deum

72 983 95 1035 's.
833 981 948 1054 quiper
965 982 1041 1037 toth
1059 981 1283 1051 ambidextrum,
1304 985 1456 1054 perempto
1471 984 1561 1054 Eglon
1579 998 1648 1056 rege
1686 1009 1690 1017 ·

74 1073 115 1129 ita
138 1072 233 1141 dictis,
253 1071 385 1128 voluntas
406 1071 483 1144 ragis
502 1072 655 1127 immutata
677 1076 730 1140 est,
753 1075 781 1126 ct
833 1074 1033 1148 pinguissimo,
1045 1074 1081 1129 de
1093 1074 1511 1144 manuldoabliberaritlsrael,
1525 1076 1649 1133 claman-

72 1184 102 1223 us
123 1168 218 1233 heros,
242 1182 276 1222 ne
295 1165 324 1220 in
347 1165 457 1221 familia
472 1166 547 1235 regis
559 1168 781 1237 computaretur,
833 1172 875 1224 tas
890 1168 1129 1224 lamentabantur.
1143 1170 1206 1224 lloec
1219 1169 1316 1225 ridens
1331 1186 1411 1224 sacar
1429 1171 1581 1225 anselmus
1599 1188 1647 1226 ar·

72 1263 136 1317 atus
149 1266 200 1316 ast.
215 1260 293 1315 Unde
307 1260 387 1315 labor
399 1259 502 1331 ingens
521 1276 588 1314 eum
607 1259 740 1331 periculis
755 1265 783 1313 et
833 1261 1039 1333 cliiepiscopus,
1061 1262 1141 1317 valde
1171 1262 1358 1318 contristatus
1380 1265 1432 1333 εει,
1456 1269 1485 1318 ει
1505 1262 1649 1337 oppressis

72 1354 147 1410 antis
169 1353 349 1425 postmodum
361 1354 458 1408 multis
478 1356 592 1410 exortus
606 1354 659 1409 est.
675 1354 783 1409 Rursus
833 1372 996 1412 sirccurrara
1011 1359 1129 1411 conatus
1142 1358 1193 1411 est.
1210 1356 1305 1410 llurus
1316 1372 1367 1428 pro
1381 1357 1470 1412 domo
1484 1357 1571 1412 lsrael
1581 1374 1649 1413 con·

83 1464 182 1519 regem
204 1446 315 1503 blandis
335 1447 467 1503 all'atibus
489 1447 578 1502 lenire
596 1446 712 1515 studuit,
733 1445 783 1502 sed
833 1455 876 1505 tra
893 1449 1019 1505 colantes
1041 1448 1147 1504 baalim
1168 1453 1243 1504 stare
1265 1449 1380 1505 fortiter
1394 1450 1472 1505 nisus
1485 1454 1538 1506 est.
1553 1452 1644 1516 Unde,

77 1542 180 1597 .Unde
202 1544 364 1596 constanter
382 1540 506 1612 adjecit:
522 1542 655 1607 Libenter,
674 1543 784 1596 Domim
833 1560 884 1616 pro
903 1543 1080 1599 multimodis
1094 1541 1274 1598 eeclesiarum
1288 1543 1499 1613 afflictionibus,
1513 1561 1566 1616 per
1577 1545 1647 1600 ilde-

72 1636 120 1691 tibi
145 1637 287 1698 certarem,
317 1637 342 1691 si
370 1636 420 1690 titi
447 1636 581 1705 placeret,
614 1638 784 1706 gratiamque
834 1637 1075 1710 leslegatoscum
1094 1637 1268 1709 supplicibus
1290 1638 1416 1708 epistolis
1441 1639 1643 1710 regamintcr-

72 1731 264 1784 teinticuirem.
287 1728 392 1784 Aruodo
411 1729 489 1791 mibi,
509 1743 608 1799 quase,
629 1730 686 1784 uoti
705 1713 823 1786 cero-B
834 1731 953 1803 pallens,
973 1733 1145 1803 conquestus
1162 1735 1215 1786 ast.
1236 1729 1304 1798 Sed,
1325 1730 1465 1787 obdurata
1483 1731 1579 1803 corde,
1594 1749 1646 1789 rex

73 1824 84 1878 i
95 1823 176 1878 uliud
187 1823 302 1878 molitor
315 1828 480 1893 perpetrare.
501 1824 637 1878 Putieutcr
655 1824 728 1889 (erre
740 1837 784 1877 uc-
833 1824 1003 1880 malesanus
1014 1824 1115 1880 humili
1126 1824 1266 1880 didascalo
1278 1840 1334 1880 non
1346 1824 1458 1896 paruit,
1473 1830 1648 1897 quapropter

72 1917 120 1972 rod
133 1918 297 1972 rucaerrumibi
310 1917 432 1972 subletum
446 1917 630 1972 hereditatem
641 1917 781 1987 perspicio,
833 1919 879 1975 ille
902 1917 1045 1975 licentiam
1067 1917 1153 1974 eundi
1173 1919 1293 1974 Romam
1314 1917 1350 1973 ab
1368 1934 1402 1973 eo
1421 1918 1528 1990 petivit.
1547 1920 1646 1989 Porro,

72 2014 141 2067 tutia
152 2011 327 2083 praeooleute,
347 2012 433 2064 oannis
452 2010 519 2065 miti
533 2009 681 2080 misceretur
701 2012 782 2065 recti·
834 2012 958 2068 tumidus
971 2012 1101 2084 princeps
1115 2012 1232 2067 Romam
1252 2011 1371 2084 quidem
1394 2027 1461 2066 eom
1480 2011 1560 2068 abire
1578 2030 1644 2085 per·

73 2105 247 2172 Qurtmobrem
270 2120 344 2159 nemo
367 2106 492 2165 miretur,
513 2106 537 2158 si
554 2104 721 2159 cirtumuium
744 2106 784 2171 fc·
834 2106 922 2171 arisit,
937 2105 983 2161 sed
998 2106 1200 2161 Normanniam
1216 2121 1250 2160 aa
1265 2105 1381 2161 intraret
1395 2105 1551 2177 prohibuit.
1567 2104 1645 2162 licut

74 2201 84 2252 i
104 2202 209 2254 cattum
230 2199 354 2253 tanmem
369 2199 431 2253 tatis
453 2198 555 2252 unitus
575 2199 716 2268 repetiero.
733 2196 784 2254 Cui
834 2216 922 2273 quam
942 2200 1060 2271 protunc
1079 2205 1192 2255 tumore
1211 2204 1330 2254 caecatas
1352 2199 1407 2254 cito
1426 2199 1554 2254 ruiturus
1573 2200 1647 2256 desi-

72 2307 104 2346 us
116 2308 163 2347 rex
181 2291 235 2347 ait:
255 2292 340 2353 Vecte,
361 2295 386 2346 ct
407 2307 457 2362 ege
478 2290 614 2362 quidquid
630 2292 783 2361 metipsos
833 2293 907 2366 pult,
920 2292 970 2366 qni
986 2293 1160 2349 lleiserrum
1174 2308 1191 2348 a
1204 2292 1278 2347 lacte
1293 2291 1452 2364 tyrannidis
1464 2309 1523 2347 sure
1537 2293 1648 2365 tugien-

834 2393 893 2443 tem
913 2386 1009 2442 ridere
1026 2386 1130 2442 noluiti
1150 2386 1241 2452 Quem
1260 2384 1456 2457 postmodum,
1478 2386 1545 2458 quia
1561 2387 1647 2459 paulo

72 2494 103 2533 as
116 2477 210 2550 itaque
226 2478 398 2535 conductum
412 2495 465 2551 per
479 2480 582 2534 terram
597 2477 671 2548 regis
686 2475 722 2531 ab
737 2476 784 2531 illo
834 2485 897 2554 post
908 2481 968 2553 ipsa
983 2496 1054 2536 sceva
1068 2484 1160 2536 morta
1170 2480 1310 2553 collapsus
1321 2484 1373 2549 ast,
1388 2494 1537 2552 nunquam
1551 2480 1647 2537 ridere

72 2571 137 2639 irit;
159 2587 214 2642 quo
228 2575 355 2645 accepto,
372 2571 446 2629 liber
466 2572 500 2627 ad
521 2587 573 2626 sua
594 2570 784 2643 gaudentibus
834 2575 936 2648 potuit.
958 2574 1143 2631 venerandus
1167 2589 1234 2630 raro
1258 2574 1311 2643 uir,
1329 2573 1422 2644 jussui
1445 2572 1582 2646 principis
1598 2574 1647 2630 ob·

88 2666 235 2721 remearit.
250 2666 379 2738 Quinque
392 2665 496 2738 oppida
510 2681 559 2719 sua
570 2680 635 2721 com
650 2665 781 2737 adjacen·
833 2675 1009 2742 temperans,
1030 2685 1082 2741 per
1101 2667 1246 2723 boloniam
1265 2666 1402 2735 transisit,
1421 2671 1450 2723 et
1477 2668 1648 2724 reverendos

72 2759 133 2815 sicis
153 2760 297 2829 instruxit,
320 2760 441 2815 sollicita
464 2760 660 2832 procuratione
681 2760 784 2814 damna
834 2780 932 2819 secum
945 2762 1055 2818 itineris
1080 2761 1195 2817 comites
1212 2760 1323 2828 habuit,
1343 2760 1512 2816 balduinum
1528 2760 1563 2816 de
1579 2762 1645 2817 l'or·

75 2853 122 2921 rit,
144 2853 322 2926 propriisque
337 2853 458 2926 negotiis
481 2853 596 2909 sedulus
612 2853 721 2909 institit.
742 2853 783 2909 ub
834 2874 905 2913 naco
919 2857 1088 2913 beccensem
1100 2856 1281 2919 monachum,
1295 2858 1324 2910 et
1338 2853 1571 2911 cantuariensem
1594 2855 1647 2913 ltd-

72 2951 100 3003 ιο
112 2963 202 3019 usque
216 2947 251 3002 ad
264 2948 369 3002 Pascha
381 2948 411 3002 iu
427 2964 496 3019 pace
509 2948 595 3003 siluit.
611 2948 726 3004 lnterim
742 2950 783 3001 a·
834 2967 959 3019 marum,
972 2948 1253 3021 nationeanglicum,
1265 2947 1314 3020 qui
1324 2948 1410 3004 vitam
1421 2946 1550 3019 ejusdem
1560 2948 1650 3021 patris

72 3041 134 3113 [uati
156 3042 310 3112 specimina
328 3042 408 3095 uisus
423 3058 489 3096 suos
509 3041 636 3097 hostibus
649 3040 783 3097 osteude-
835 3049 935 3117 postea
946 3042 1286 3116 diligenterconscripsit,
1301 3041 1338 3098 ad
1351 3042 1568 3098 aedificationem
1585 3043 1649 3099 ani·

72 3134 142 3190 llide
152 3135 297 3207 cogitavit,
312 3138 340 3189 ct
353 3135 569 3191 multotiascum
581 3134 644 3191 tldis
654 3089 824 3191 affinibusC
837 3154 962 3194 mamm.
977 3138 1113 3193 l’raelstus
1128 3137 1229 3208 praesul
1242 3152 1332 3209 nsque
1346 3135 1375 3190 in
1393 3136 1521 3209 Capuam
1532 3136 1647 3208 larbam,

72 3228 115 3283 rit.
837 3232 934 3288 uberis
948 3230 1110 3303 Campania
1123 3235 1217 3303 caput,
1241 3229 1414 3286 laboriosum
1434 3230 1489 3286 iter
1511 3230 1646 3302 explerit,

74 3322 178 3378 lelmus
191 3328 286 3378 eutem
300 3340 360 3392 rex,
375 3327 528 3396 postquam
540 3321 741 3389 Cenomaunis,
755 3323 788 3375 ut
837 3326 933 3398 ibique
956 3325 1103 3381 Urbanum
1118 3340 1222 3396 papam
1237 3323 1362 3392 inveniu
1377 3338 1396 3379 a
1409 3322 1649 3397 quobenignitar

72 3434 83 3472 ι
106 3419 158 3484 εει,
182 3416 242 3473 siue
263 3417 345 3473 multi
366 3417 475 3473 cruoris
493 3416 630 3472 allusione
654 3414 786 3482 obtinuit,
838 3424 868 3474 et
882 3418 1036 3474 honorifica
1049 3422 1205 3489 susceptus,
1221 3417 1247 3473 ei
1264 3432 1380 3473 causam
1393 3417 1531 3473 adrentus
1545 3418 1590 3473 sui
1603 3419 1650 3474 de·

72 3526 123 3567 ‚mo
148 3510 361 3566 Ebroicensium
386 3511 493 3579 comiti,
518 3516 548 3565 et
575 3508 730 3566 Gislebarto
753 3507 787 3563 de
838 3512 963 3569 claravit.
982 3513 1057 3584 Papa
1071 3509 1208 3566 nimirum
1221 3510 1259 3564 ibi
1275 3513 1343 3565 tunc
1356 3509 1512 3566 admodum
1528 3526 1648 3584 occupa·

72 3645 85 3673 ,,
107 3603 223 3676 aliisque
243 3604 340 3676 probis
353 3603 535 3676 optimatibus
555 3603 657 3659 urbem
672 3617 785 3658 serran-
838 3611 883 3663 tus
905 3611 975 3673 erat,
997 3605 1064 3677 quia
1085 3606 1247 3676 capuanos,
1267 3603 1317 3675 qui
1340 3607 1437 3658 contra
1459 3603 1650 3675 bichardum,

74 3698 212 3767 ammisit,
225 3704 253 3755 et
273 3698 382 3770 regiam
398 3702 519 3766 turrem,
534 3697 621 3753 armis
632 3700 661 3753 et
673 3695 742 3752 cibis
759 3699 789 3751 et
837 3699 997 3773 principem
1010 3715 1103 3765 suum,
1117 3696 1234 3753 tardani
1256 3695 1357 3765 tilium,
1374 3696 1590 3769 rebellaverant,
1607 3698 1648 3756 ci·

72 3808 108 3847 us
133 3792 296 3848 necessariis
320 3792 416 3863 opime
438 3792 623 3859 instructam,
644 3788 788 3846 Gualterio
839 3793 903 3849 dem
917 3792 1065 3864 pacificare
1078 3790 1243 3862 satagebat3
1257 3806 1327 3862 quos
1341 3789 1417 3845 idom
1429 3790 1554 3862 juvenis,
1568 3792 1650 3848 auxi·

72 3887 208 3957 megensi,
221 3886 279 3942 tilio
293 3886 434 3959 ansgerii,
449 3885 668 3942 commendarit.
683 3882 786 3939 uadul-
837 3887 875 3943 lio
885 3890 914 3943 at
925 3885 1105 3942 animositate
1118 3884 1233 3956 llogerii
1243 3884 1335 3955 Senis,
1355 3884 1487 3940 avunculi
1502 3886 1556 3957 sui,
1570 3886 1650 3945 Sicu·

72 3996 198 4036 cecomes
219 3983 247 4035 et
261 3980 420 4036 Goistredus
442 3980 477 4036 de
496 3979 643 4045 lleduaua,
661 3976 788 4033 liodber·
838 3982 932 4038 torum
944 3980 1064 4047 comitis,
1080 3978 1118 4034 ad
1138 3977 1312 4034 deditionem
1335 3977 1519 4052 pertinaciter
1532 3996 1650 4053 compu—

72 4074 268 4146 ³B⁰l81111di⁰s
282 4074 386 4146 aliique
401 4076 486 4128 tutius
496 4073 788 4146 provinciaeprooerea
798 4072 815 4081 “
838 4075 920 4133 tamt.
934 4073 1116 4133 Reverendus
1128 4072 1224 4145 itaqua
1235 4088 1321 4129 senex
1335 4071 1410 4128 iuter
1420 4073 1515 4144 Italos,
1529 4075 1564 4131 de
1577 4092 1652 4149 quo·

72 4168 245 4224 ronloedcrati
271 4173 346 4236 sunt,
372 4167 547 4239 redditisque
570 4165 787 4235 munitionibus,
839 4186 904 4225 rum
918 4169 1031 4239 origine
1042 4165 1459 4240 propagatusluerat,aliasque
1470 4173 1579 4239 gentes,
1591 4167 1652 4227 lare

72 4266 99 4321 rb
109 4282 142 4321 ao
156 4265 267 4336 legibus
277 4266 396 4321 solerter
405 4265 646 4321 obsecundarunt.
839 4262 956 4318 biennio
971 4260 1115 4327 exsulavit,
1130 4264 1158 4315 et
1171 4260 1295 4315 externis
1314 4259 1490 4316 auditoribus
1503 4260 1587 4317 dicax
1606 4278 1650 4319 sc·

72 4380 103 4434 3·
117 4379 260 4434 melma,
283 4378 491 4434 &mmm-3
513 4378 732 4448 archiepiscopus
752 4376 790 4431 ag
839 4354 1025 4411 minitarbius
1040 4352 1222 4425 spiritualiter
1245 4351 1361 4425 proluit.
1381 4353 1487 4426 Siquis
1502 4355 1652 4426 ajnslactu

72 4475 114 4514 iim
125 4462 154 4514 iu
168 4459 252 4514 ltalia
263 4462 346 4514 uenit.
363 4459 457 4514 Helius
471 4457 694 4514 Cenomimucusis
707 4468 829 4541 semul)
840 4466 889 4505 seu
906 4448 980 4504 dicta
995 4446 1108 4519 plenius
1119 4447 1290 4518 perscrutari
1301 4447 1432 4515 voluerit,
1444 4447 1474 4502 in
1493 4448 1604 4519 praelati
1620 4448 1654 4504 li·

72 4555 144 4596 crsus
156 4538 328 4595 Guitlelmum
343 4555 432 4609 regem
448 4538 547 4593 bellum
562 4542 681 4593 rectorat-
839 4544 891 4599 bro
906 4541 1019 4599 Edmari
1038 4539 1115 4613 apud
1134 4541 1254 4595 beccum
1278 4540 1415 4609 llerluini,
1439 4541 1653 4612 predecessoris

72 4641 162 4697 ahaec
174 4642 243 4696 citra
258 4659 335 4697 mara
353 4643 382 4697 in
403 4641 532 4696 Natistria
547 4644 789 4713 perpetrarentur,
840 4637 894 4704 sui,
909 4635 1035 4709 reperire
1049 4634 1167 4706 poterit.

72 4735 182 4807 dicique
193 4734 357 4806 sumptusin
368 4735 519 4807 supertluis
531 4733 715 4806 apparatibus
728 4750 791 4805 pro·
877 4733 908 4787 ln
922 4734 1072 4796 autumno,
1083 4727 1249 4783 Guillelmus
1259 4742 1318 4794 rex,
1329 4731 1480 4797 postquam
1494 4728 1653 4785 Cenoman-

72 4829 291 4897 istralrcrentur,
302 4827 730 4899 ttannulfusllambardus,jam
739 4829 792 4883 ltu·
840 4841 953 4892 nerisca,
967 4827 1000 4878 ut
1013 4824 1120 4878 dictum
1140 4824 1192 4888 est,
1207 4820 1329 4892 subegit,
1350 4823 1380 4875 et
1397 4820 1602 4877 Narmannicas
1616 4822 1654 4881 ad

86 4923 246 4995 episcopus,
262 4922 365 4995 aliique
386 4923 461 4995 regis
475 4922 612 4978 satellites
627 4928 655 4977 et
670 4921 791 4994 gastaldi
842 4918 953 4974 libitum
971 4934 1055 4973 suurn
1070 4932 1116 4972 res
1136 4913 1305 4987 composuit,
1320 4914 1407 4969 flante
1429 4917 1527 4971 austro
1547 4913 1652 4972 ditissi-

72 5032 113 5073 am
126 5016 296 5087 spoliabant,
316 5022 354 5085 et,
375 5017 532 5072 latronibus
544 5017 666 5088 pejores,
680 5016 790 5087 agrico—
842 5028 922 5067 mum
942 5010 1068 5067 albionis
1087 5025 1209 5081 regnum
1228 5006 1333 5063 revisit.

85 5128 202 5167 acervos
212 5128 245 5166 ac
256 5112 468 5183 negotiatorum
479 5110 629 5181 congeries
641 5109 792 5164 immiscui·
877 5104 1015 5178 Sequenti
1029 5121 1104 5160 auno
1117 5101 1221 5175 [totth
1244 5101 1334 5157 llelias
1349 5107 1411 5173 post
1433 5102 1538 5159 Pascha
1549 5102 1654 5161 iterare

72 5222 104 5262 er
117 5205 302 5277 diripiebant,
320 5222 371 5261 nec
383 5204 467 5261 etiam
484 5203 717 5276 sanguinolentas
730 5219 790 5257 ma·
842 5215 974 5271 guerram
990 5199 1083 5271 cupit,
1097 5202 1135 5265 et,
1152 5197 1226 5253 clam
1242 5195 1484 5251 consentientibus
1504 5196 1655 5271 indigenis,

84 5300 172 5355 sacris
189 5299 368 5355 cohibebant.
394 5298 537 5354 Defunctis
561 5297 639 5353 euim
664 5296 793 5354 Ecclesia
844 5289 1409 5366 depopularicontlniaetmilitiamregis
1426 5290 1562 5347 lacessere
1585 5296 1656 5349 sata·

72 5393 111 5462 is,
125 5393 206 5466 regia
218 5394 244 5449 ri
260 5394 389 5465 protinus
409 5392 609 5458 succedebant,
631 5396 659 5446 et
671 5407 792 5463 quaque
844 5386 894 5460 git.
907 5386 1046 5458 lienique,
1058 5401 1156 5442 mense
1168 5384 1263 5452 sunio,
1277 5400 1343 5439 cum
1352 5383 1459 5455 insigni
1472 5385 1657 5442 multitudine

72 5487 119 5543 ‚rio
131 5504 231 5543 eorum
241 5488 468 5560 reperiebantur,
479 5486 669 5542 irreverenter
679 5484 793 5540 invade·
844 5480 967 5537 militum
996 5479 1088 5547 veuit,
1118 5478 1154 5533 ad
1190 5477 1339 5534 Planchias
1376 5476 1527 5533 Godetredi
1552 5478 1658 5537 redum

72 5582 272 5639 eanobiorum
283 5581 384 5636 landos
394 5587 423 5635 et
434 5580 650 5652 episcopatuum
665 5578 794 5635 redditus
844 5573 977 5646 Egacniae
999 5572 1134 5638 fluminis,
1156 5570 1350 5643 pertransivit,
1363 5570 1515 5643 regiosque
1534 5572 1656 5645 pugiles,

72 5674 108 5731 iio
124 5675 201 5746 regis
221 5673 430 5745 mancipabant,
452 5678 481 5728 at
499 5671 729 5746 asaperstitibus
743 5688 790 5728 ar·
844 5667 893 5740 qui
918 5666 1017 5722 urbam
1039 5664 1248 5733 custodiebant,
1271 5664 1307 5720 ad
1330 5664 1494 5721 cantlictum
1520 5665 1655 5721 lacessiit.

72 5768 193 5838 adrine,
215 5785 265 5824 sau
289 5767 487 5842 pontificibus,
512 5767 637 5823 enormis
660 5765 792 5841 pecuniae
844 5763 969 5821 Audaces
982 5776 1049 5819 vero
1062 5759 1218 5818 Narmanni
1232 5759 1306 5817 toras
1325 5762 1540 5835 proruperunt,
1553 5758 1670 5826 diuum
