<?xml version="1.0" encoding="UTF-8"?>
<!DOCTYPE html PUBLIC "-//W3C//DTD XHTML 1.0 Transitional//EN"
    "http://www.w3.org/TR/xhtml1/DTD/xhtml1-transitional.dtd">
<html xmlns="http://www.w3.org/1999/xhtml" xml:lang="en" lang="en">
 <head>
  <title>
</title>
<meta http-equiv="Content-Type" content="text/html;charset=utf-8" />
  <meta name='ocr-system' content='tesseract 3.04.00' />
  <meta name='ocr-capabilities' content='ocr_page ocr_carea ocr_par ocr_line ocrx_word'/>
</head>
<body>
  <div class='ocr_page' id='page_1' title='image "./patrologiaecurs67unkngoog_0124.png"; bbox 0 0 3750 6046; ppageno 0'>
   <div class='ocr_carea' id='block_1_1' title="bbox 54 228 1746 297">
    <p class='ocr_par' dir='ltr' id='par_1_1' title="bbox 54 228 1746 297">
     <span class='ocr_line' id='line_1_1' title="bbox 54 228 1746 297; baseline 0.003 -6"><span class='ocrx_word' id='word_1_1' title='bbox 54 236 97 293; x_wconf 79' lang='lat' dir='ltr'>tit</span> <span class='ocrx_word' id='word_1_2' title='bbox 494 228 652 288; x_wconf 72' lang='lat' dir='ltr'>tristetur</span> <span class='ocrx_word' id='word_1_3' title='bbox 671 230 939 291; x_wconf 66' lang='lat' dir='ltr'>Ecobffitasttce.</span> <span class='ocrx_word' id='word_1_4' title='bbox 955 261 989 275; x_wconf 94' lang='lat'>-·</span> <span class='ocrx_word' id='word_1_5' title='bbox 1002 232 1089 291; x_wconf 76' lang='lat' dir='ltr'><strong>PARS</strong></span> <span class='ocrx_word' id='word_1_6' title='bbox 1110 233 1141 290; x_wconf 90' lang='lat' dir='ltr'>li.</span> <span class='ocrx_word' id='word_1_7' title='bbox 1158 262 1192 275; x_wconf 94' lang='lat'><em>-</em></span> <span class='ocrx_word' id='word_1_8' title='bbox 1208 234 1273 292; x_wconf 85' lang='lat' dir='ltr'>hlB.</span> <span class='ocrx_word' id='word_1_9' title='bbox 1295 232 1339 291; x_wconf 86' lang='grc' dir='ltr'>ΙΙΙ.</span> <span class='ocrx_word' id='word_1_10' title='bbox 1696 238 1746 297; x_wconf 72' lang='lat' dir='ltr'>ult</span> 
     </span>
    </p>
   </div>
   <div class='ocr_carea' id='block_1_2' title="bbox 49 354 1745 2862">
    <p class='ocr_par' dir='ltr' id='par_1_2' title="bbox 53 354 1745 621">
     <span class='ocr_line' id='line_1_2' title="bbox 54 354 1744 454; baseline 0.004 -41"><span class='ocrx_word' id='word_1_11' title='bbox 54 358 153 413; x_wconf 84' lang='lat' dir='ltr'>iratres</span> <span class='ocrx_word' id='word_1_12' title='bbox 169 356 230 413; x_wconf 89' lang='lat' dir='ltr'>mei</span> <span class='ocrx_word' id='word_1_13' title='bbox 247 355 301 413; x_wconf 88' lang='lat' dir='ltr'>boc</span> <span class='ocrx_word' id='word_1_14' title='bbox 313 354 593 423; x_wconf 77' lang='lat' dir='ltr'>animadvertant,et</span> <span class='ocrx_word' id='word_1_15' title='bbox 603 357 631 409; x_wconf 89' lang='lat' dir='ltr'>te</span> <span class='ocrx_word' id='word_1_16' title='bbox 643 370 695 427; x_wconf 91' lang='lat' dir='ltr'>pro</span> <span class='ocrx_word' id='word_1_17' title='bbox 706 354 760 411; x_wconf 92' lang='lat' dir='ltr'>hoc</span> <span class='ocrx_word' id='word_1_18' title='bbox 771 359 876 411; x_wconf 84' lang='lat' dir='ltr'>eventu</span> <span class='ocrx_word' id='word_1_19' title='bbox 887 380 916 454; x_wconf 63' lang='grc' dir='ltr'>Α</span> <span class='ocrx_word' id='word_1_20' title='bbox 926 372 990 429; x_wconf 79' lang='lat' dir='ltr'>ques</span> <span class='ocrx_word' id='word_1_21' title='bbox 1003 360 1185 430; x_wconf 86' lang='lat' dir='ltr'>nuncupatur</span> <span class='ocrx_word' id='word_1_22' title='bbox 1197 358 1264 427; x_wconf 88' lang='lat' dir='ltr'>Oth,</span> <span class='ocrx_word' id='word_1_23' title='bbox 1278 358 1481 417; x_wconf 86' lang='lat' dir='ltr'>monasterium</span> <span class='ocrx_word' id='word_1_24' title='bbox 1492 364 1522 417; x_wconf 92' lang='lat' dir='ltr'>et</span> <span class='ocrx_word' id='word_1_25' title='bbox 1537 365 1615 417; x_wconf 88' lang='lat' dir='ltr'>terra</span> <span class='ocrx_word' id='word_1_26' title='bbox 1627 362 1744 435; x_wconf 77' lang='lat' dir='ltr'>presby·</span> 
     </span>
     <span class='ocr_line' id='line_1_3' title="bbox 53 448 1745 528; baseline 0.005 -23"><span class='ocrx_word' id='word_1_27' title='bbox 53 450 238 507; x_wconf 81' lang='lat' dir='ltr'>interficiant.</span> <span class='ocrx_word' id='word_1_28' title='bbox 262 470 276 501; x_wconf 76' lang='lat' dir='ltr'>r</span> <span class='ocrx_word' id='word_1_29' title='bbox 299 449 405 506; x_wconf 85' lang='lat' dir='ltr'>Nobilis</span> <span class='ocrx_word' id='word_1_30' title='bbox 422 449 521 522; x_wconf 86' lang='lat' dir='ltr'>itaque</span> <span class='ocrx_word' id='word_1_31' title='bbox 535 448 652 520; x_wconf 83' lang='lat' dir='ltr'>juvenis</span> <span class='ocrx_word' id='word_1_32' title='bbox 672 465 706 505; x_wconf 89' lang='lat' dir='ltr'>co</span> <span class='ocrx_word' id='word_1_33' title='bbox 726 448 772 506; x_wconf 89' lang='lat' dir='ltr'>die</span> <span class='ocrx_word' id='word_1_34' title='bbox 791 465 875 505; x_wconf 91' lang='lat' dir='ltr'>occu·</span> <span class='ocrx_word' id='word_1_35' title='bbox 926 450 980 507; x_wconf 90' lang='lat' dir='ltr'>teri</span> <span class='ocrx_word' id='word_1_36' title='bbox 995 467 1060 506; x_wconf 90' lang='lat' dir='ltr'>cum</span> <span class='ocrx_word' id='word_1_37' title='bbox 1076 467 1132 507; x_wconf 88' lang='lat' dir='ltr'>ono</span> <span class='ocrx_word' id='word_1_38' title='bbox 1145 452 1257 525; x_wconf 82' lang='lat' dir='ltr'>bospite</span> <span class='ocrx_word' id='word_1_39' title='bbox 1268 452 1414 509; x_wconf 89' lang='lat' dir='ltr'>etdeeima</span> <span class='ocrx_word' id='word_1_40' title='bbox 1426 454 1660 513; x_wconf 87' lang='lat' dir='ltr'>molendinorum</span> <span class='ocrx_word' id='word_1_41' title='bbox 1672 456 1745 528; x_wconf 85' lang='lat' dir='ltr'>ejus·</span> 
     </span>
     <span class='ocr_line' id='line_1_4' title="bbox 53 544 1745 621; baseline 0.004 -21"><span class='ocrx_word' id='word_1_42' title='bbox 53 545 124 600; x_wconf 90' lang='lat' dir='ltr'>buit.</span> <span class='ocrx_word' id='word_1_43' title='bbox 926 544 992 600; x_wconf 92' lang='lat' dir='ltr'>dem</span> <span class='ocrx_word' id='word_1_44' title='bbox 1004 544 1092 615; x_wconf 80' lang='lat' dir='ltr'>villm;</span> <span class='ocrx_word' id='word_1_45' title='bbox 1107 550 1136 603; x_wconf 91' lang='lat' dir='ltr'>et</span> <span class='ocrx_word' id='word_1_46' title='bbox 1148 545 1177 602; x_wconf 89' lang='lat' dir='ltr'>in</span> <span class='ocrx_word' id='word_1_47' title='bbox 1195 547 1367 603; x_wconf 85' lang='lat' dir='ltr'>monasterio</span> <span class='ocrx_word' id='word_1_48' title='bbox 1384 547 1419 603; x_wconf 93' lang='lat' dir='ltr'>de</span> <span class='ocrx_word' id='word_1_49' title='bbox 1437 548 1582 621; x_wconf 88' lang='lat' dir='ltr'>Wciprato</span> <span class='ocrx_word' id='word_1_50' title='bbox 1601 548 1745 607; x_wconf 86' lang='lat' dir='ltr'>dederunt</span> 
     </span>
    </p>

    <p class='ocr_par' dir='ltr' id='par_1_3' title="bbox 49 637 1745 1182">
     <span class='ocr_line' id='line_1_5' title="bbox 81 637 1745 717; baseline 0.005 -24"><span class='ocrx_word' id='word_1_51' title='bbox 81 638 206 694; x_wconf 83' lang='lat' dir='ltr'>Geroius</span> <span class='ocrx_word' id='word_1_52' title='bbox 219 640 320 711; x_wconf 89' lang='lat' dir='ltr'>junior</span> <span class='ocrx_word' id='word_1_53' title='bbox 333 638 476 706; x_wconf 90' lang='lat' dir='ltr'>omnibus,</span> <span class='ocrx_word' id='word_1_54' title='bbox 495 638 564 694; x_wconf 88' lang='lat' dir='ltr'>dnm</span> <span class='ocrx_word' id='word_1_55' title='bbox 581 637 677 694; x_wconf 87' lang='lat' dir='ltr'>adhuc</span> <span class='ocrx_word' id='word_1_56' title='bbox 692 637 785 711; x_wconf 91' lang='lat' dir='ltr'>primo</span> <span class='ocrx_word' id='word_1_57' title='bbox 807 637 876 695; x_wconf 89' lang='lat' dir='ltr'>llore</span> <span class='ocrx_word' id='word_1_58' title='bbox 926 637 1013 694; x_wconf 90' lang='lat' dir='ltr'>etiam</span> <span class='ocrx_word' id='word_1_59' title='bbox 1031 640 1117 696; x_wconf 89' lang='lat' dir='ltr'>talem</span> <span class='ocrx_word' id='word_1_60' title='bbox 1136 644 1258 714; x_wconf 90' lang='lat' dir='ltr'>partem,</span> <span class='ocrx_word' id='word_1_61' title='bbox 1274 641 1387 713; x_wconf 85' lang='lat' dir='ltr'>qualem</span> <span class='ocrx_word' id='word_1_62' title='bbox 1407 641 1499 698; x_wconf 89' lang='lat' dir='ltr'>lenuit</span> <span class='ocrx_word' id='word_1_63' title='bbox 1516 641 1679 700; x_wconf 75' lang='lat' dir='ltr'><strong>Radbertus</strong></span> <span class='ocrx_word' id='word_1_64' title='bbox 1695 660 1745 717; x_wconf 89' lang='lat' dir='ltr'>pa·</span> 
     </span>
     <span class='ocr_line' id='line_1_6' title="bbox 49 731 1745 806; baseline 0.005 -19"><span class='ocrx_word' id='word_1_65' title='bbox 49 732 210 804; x_wconf 74' lang='lat' dir='ltr'>juventutis</span> <span class='ocrx_word' id='word_1_66' title='bbox 227 738 371 800; x_wconf 74' lang='lat' dir='ltr'><strong>vernaret,</strong></span> <span class='ocrx_word' id='word_1_67' title='bbox 395 731 525 803; x_wconf 75' lang='lat' dir='ltr'>prodam</span> <span class='ocrx_word' id='word_1_68' title='bbox 545 732 573 787; x_wconf 93' lang='lat' dir='ltr'>in</span> <span class='ocrx_word' id='word_1_69' title='bbox 595 735 673 787; x_wconf 91' lang='lat' dir='ltr'>terra</span> <span class='ocrx_word' id='word_1_70' title='bbox 691 731 876 786; x_wconf 73' lang='lat' dir='ltr'>heresiensis</span> <span class='ocrx_word' id='word_1_71' title='bbox 926 736 971 787; x_wconf 90' lang='lat' dir='ltr'>ter</span> <span class='ocrx_word' id='word_1_72' title='bbox 982 749 1099 802; x_wconf 89' lang='lat' dir='ltr'>eorum;</span> <span class='ocrx_word' id='word_1_73' title='bbox 1115 737 1254 806; x_wconf 79' lang='lat' dir='ltr'>preterea</span> <span class='ocrx_word' id='word_1_74' title='bbox 1268 733 1411 791; x_wconf 88' lang='lat' dir='ltr'>decimam</span> <span class='ocrx_word' id='word_1_75' title='bbox 1425 735 1461 791; x_wconf 88' lang='lat' dir='ltr'>de</span> <span class='ocrx_word' id='word_1_76' title='bbox 1474 736 1586 793; x_wconf 85' lang='lat' dir='ltr'>Boione</span> <span class='ocrx_word' id='word_1_77' title='bbox 1599 741 1629 793; x_wconf 90' lang='lat' dir='ltr'>et</span> <span class='ocrx_word' id='word_1_78' title='bbox 1640 737 1671 793; x_wconf 89' lang='lat' dir='ltr'>iu</span> <span class='ocrx_word' id='word_1_79' title='bbox 1684 738 1745 795; x_wconf 84' lang='lat' dir='ltr'>Bel-</span> 
     </span>
     <span class='ocr_line' id='line_1_7' title="bbox 51 825 1744 904; baseline 0.003 -22"><span class='ocrx_word' id='word_1_80' title='bbox 51 825 177 882; x_wconf 73' lang='lat' dir='ltr'>eoetesiee</span> <span class='ocrx_word' id='word_1_81' title='bbox 192 826 300 897; x_wconf 79' lang='lat' dir='ltr'>rapuit,</span> <span class='ocrx_word' id='word_1_82' title='bbox 313 829 343 881; x_wconf 89' lang='lat' dir='ltr'>et</span> <span class='ocrx_word' id='word_1_83' title='bbox 354 825 423 881; x_wconf 88' lang='lat' dir='ltr'>iude</span> <span class='ocrx_word' id='word_1_84' title='bbox 437 825 670 881; x_wconf 85' lang='lat' dir='ltr'>itonesteriolum</span> <span class='ocrx_word' id='word_1_85' title='bbox 686 841 832 897; x_wconf 76' lang='lat' dir='ltr'>regressus</span> <span class='ocrx_word' id='word_1_86' title='bbox 847 828 877 880; x_wconf 89' lang='lat' dir='ltr'>et</span> <span class='ocrx_word' id='word_1_87' title='bbox 926 827 998 882; x_wconf 90' lang='lat' dir='ltr'>meis</span> <span class='ocrx_word' id='word_1_88' title='bbox 1016 827 1130 884; x_wconf 75' lang='lat' dir='ltr'>tertiam</span> <span class='ocrx_word' id='word_1_89' title='bbox 1148 833 1259 900; x_wconf 88' lang='lat' dir='ltr'>partem</span> <span class='ocrx_word' id='word_1_90' title='bbox 1280 828 1440 885; x_wconf 80' lang='lat' dir='ltr'>molendini</span> <span class='ocrx_word' id='word_1_91' title='bbox 1461 846 1527 886; x_wconf 91' lang='lat' dir='ltr'>cnm</span> <span class='ocrx_word' id='word_1_92' title='bbox 1545 830 1658 887; x_wconf 89' lang='lat' dir='ltr'>decima</span> <span class='ocrx_word' id='word_1_93' title='bbox 1672 831 1744 904; x_wconf 86' lang='lat' dir='ltr'>ejus·</span> 
     </span>
     <span class='ocr_line' id='line_1_8' title="bbox 53 918 1743 995; baseline 0.004 -20"><span class='ocrx_word' id='word_1_94' title='bbox 53 922 80 975; x_wconf 86' lang='lat' dir='ltr'>ie</span> <span class='ocrx_word' id='word_1_95' title='bbox 93 918 257 975; x_wconf 76' lang='lat' dir='ltr'>amentiam</span> <span class='ocrx_word' id='word_1_96' title='bbox 277 935 373 976; x_wconf 85' lang='lat' dir='ltr'>versus</span> <span class='ocrx_word' id='word_1_97' title='bbox 396 919 513 975; x_wconf 89' lang='lat' dir='ltr'>interiit.</span> <span class='ocrx_word' id='word_1_98' title='bbox 533 919 578 975; x_wconf 88' lang='lat' dir='ltr'>Sic</span> <span class='ocrx_word' id='word_1_99' title='bbox 597 919 662 976; x_wconf 90' lang='lat' dir='ltr'>licet</span> <span class='ocrx_word' id='word_1_100' title='bbox 680 919 799 975; x_wconf 84' lang='lat' dir='ltr'>dirersis</span> <span class='ocrx_word' id='word_1_101' title='bbox 818 935 876 974; x_wconf 90' lang='lat' dir='ltr'>mo·</span> <span class='ocrx_word' id='word_1_102' title='bbox 926 919 1006 991; x_wconf 79' lang='lat' dir='ltr'>dem3</span> <span class='ocrx_word' id='word_1_103' title='bbox 1020 920 1248 994; x_wconf 83' lang='lat' dir='ltr'>beneficiumque</span> <span class='ocrx_word' id='word_1_104' title='bbox 1263 922 1393 978; x_wconf 81' lang='lat' dir='ltr'>Fulouini</span> <span class='ocrx_word' id='word_1_105' title='bbox 1405 923 1565 995; x_wconf 86' lang='lat' dir='ltr'>presbyteri</span> <span class='ocrx_word' id='word_1_106' title='bbox 1571 941 1579 995; x_wconf 90' lang='lat'>;</span> <span class='ocrx_word' id='word_1_107' title='bbox 1595 925 1743 982; x_wconf 87' lang='lat' dir='ltr'>ecclesiam</span> 
     </span>
     <span class='ocr_line' id='line_1_9' title="bbox 54 1011 1742 1085; baseline 0.003 -16"><span class='ocrx_word' id='word_1_108' title='bbox 54 1015 95 1069; x_wconf 85' lang='lat' dir='ltr'>dis</span> <span class='ocrx_word' id='word_1_109' title='bbox 107 1030 168 1068; x_wconf 86' lang='lat' dir='ltr'>una</span> <span class='ocrx_word' id='word_1_110' title='bbox 184 1030 263 1069; x_wconf 87' lang='lat' dir='ltr'>more</span> <span class='ocrx_word' id='word_1_111' title='bbox 277 1030 379 1069; x_wconf 90' lang='lat' dir='ltr'>omnes</span> <span class='ocrx_word' id='word_1_112' title='bbox 393 1013 488 1070; x_wconf 84' lang='lat' dir='ltr'>Geroii</span> <span class='ocrx_word' id='word_1_113' title='bbox 503 1011 576 1068; x_wconf 86' lang='lat' dir='ltr'>dlios</span> <span class='ocrx_word' id='word_1_114' title='bbox 592 1012 697 1085; x_wconf 80' lang='lat' dir='ltr'>rapuit,</span> <span class='ocrx_word' id='word_1_115' title='bbox 714 1028 765 1068; x_wconf 91' lang='lat' dir='ltr'>nec</span> <span class='ocrx_word' id='word_1_116' title='bbox 784 1011 874 1067; x_wconf 80' lang='lat' dir='ltr'>iillum</span> <span class='ocrx_word' id='word_1_117' title='bbox 924 1013 1030 1069; x_wconf 90' lang='lat' dir='ltr'>scilicet</span> <span class='ocrx_word' id='word_1_118' title='bbox 1044 1019 1072 1070; x_wconf 93' lang='lat' dir='ltr'>et</span> <span class='ocrx_word' id='word_1_119' title='bbox 1091 1014 1231 1071; x_wconf 82' lang='lat' dir='ltr'>decimam</span> <span class='ocrx_word' id='word_1_120' title='bbox 1251 1016 1286 1071; x_wconf 90' lang='lat' dir='ltr'>de</span> <span class='ocrx_word' id='word_1_121' title='bbox 1303 1016 1534 1085; x_wconf 87' lang='lat' dir='ltr'>Grentemaimil,</span> <span class='ocrx_word' id='word_1_122' title='bbox 1551 1034 1583 1072; x_wconf 90' lang='lat' dir='ltr'>ac</span> <span class='ocrx_word' id='word_1_123' title='bbox 1601 1017 1742 1074; x_wconf 89' lang='lat' dir='ltr'>decimam</span> 
     </span>
     <span class='ocr_line' id='line_1_10' title="bbox 55 1106 1744 1182; baseline 0.004 -20"><span class='ocrx_word' id='word_1_124' title='bbox 55 1125 83 1162; x_wconf 84' lang='lat' dir='ltr'>er</span> <span class='ocrx_word' id='word_1_125' title='bbox 96 1107 139 1163; x_wconf 90' lang='lat' dir='ltr'>eis</span> <span class='ocrx_word' id='word_1_126' title='bbox 153 1108 192 1163; x_wconf 86' lang='lat' dir='ltr'>ad</span> <span class='ocrx_word' id='word_1_127' title='bbox 206 1107 321 1163; x_wconf 89' lang='lat' dir='ltr'>senium</span> <span class='ocrx_word' id='word_1_128' title='bbox 334 1122 425 1179; x_wconf 90' lang='lat' dir='ltr'>usque</span> <span class='ocrx_word' id='word_1_129' title='bbox 438 1106 588 1180; x_wconf 85' lang='lat' dir='ltr'>pervenire</span> <span class='ocrx_word' id='word_1_130' title='bbox 604 1106 741 1179; x_wconf 90' lang='lat' dir='ltr'>permisit.</span> <span class='ocrx_word' id='word_1_131' title='bbox 926 1106 1083 1163; x_wconf 84' lang='lat' dir='ltr'>molendini</span> <span class='ocrx_word' id='word_1_132' title='bbox 1095 1108 1193 1164; x_wconf 87' lang='lat' dir='ltr'>Oliveti</span> <span class='ocrx_word' id='word_1_133' title='bbox 1204 1125 1211 1173; x_wconf 79' lang='lat'><em>3</em></span> <span class='ocrx_word' id='word_1_134' title='bbox 1224 1125 1312 1165; x_wconf 91' lang='lat' dir='ltr'>uuum</span> <span class='ocrx_word' id='word_1_135' title='bbox 1327 1109 1468 1182; x_wconf 84' lang='lat' dir='ltr'>hospitem</span> <span class='ocrx_word' id='word_1_136' title='bbox 1483 1110 1513 1165; x_wconf 91' lang='lat' dir='ltr'>in</span> <span class='ocrx_word' id='word_1_137' title='bbox 1525 1109 1667 1167; x_wconf 84' lang='lat' dir='ltr'>Colleeilla</span> <span class='ocrx_word' id='word_1_138' title='bbox 1678 1127 1744 1168; x_wconf 91' lang='lat' dir='ltr'>eum</span> 
     </span>
    </p>

    <p class='ocr_par' dir='ltr' id='par_1_4' title="bbox 53 1199 1744 2862">
     <span class='ocr_line' id='line_1_11' title="bbox 86 1199 1743 1275; baseline 0.003 -19"><span class='ocrx_word' id='word_1_139' title='bbox 86 1200 288 1274; x_wconf 85' lang='lat' dir='ltr'>Primogemta</span> <span class='ocrx_word' id='word_1_140' title='bbox 307 1216 422 1273; x_wconf 81' lang='lat' dir='ltr'>quoqne</span> <span class='ocrx_word' id='word_1_141' title='bbox 441 1200 565 1256; x_wconf 81' lang='lat' dir='ltr'>filimum</span> <span class='ocrx_word' id='word_1_142' title='bbox 586 1199 790 1272; x_wconf 86' lang='lat' dir='ltr'>heremburgis</span> <span class='ocrx_word' id='word_1_143' title='bbox 812 1199 876 1255; x_wconf 84' lang='lat' dir='ltr'>date</span> <span class='ocrx_word' id='word_1_144' title='bbox 926 1199 1036 1256; x_wconf 89' lang='lat' dir='ltr'>decima</span> <span class='ocrx_word' id='word_1_145' title='bbox 1051 1201 1139 1256; x_wconf 87' lang='lat' dir='ltr'>totius</span> <span class='ocrx_word' id='word_1_146' title='bbox 1153 1201 1242 1271; x_wconf 81' lang='lat' dir='ltr'>villae3</span> <span class='ocrx_word' id='word_1_147' title='bbox 1260 1201 1400 1258; x_wconf 88' lang='lat' dir='ltr'>decimam</span> <span class='ocrx_word' id='word_1_148' title='bbox 1415 1218 1531 1275; x_wconf 93' lang='lat' dir='ltr'>quoque</span> <span class='ocrx_word' id='word_1_149' title='bbox 1545 1219 1617 1259; x_wconf 89' lang='lat' dir='ltr'>ceree</span> <span class='ocrx_word' id='word_1_150' title='bbox 1632 1220 1743 1261; x_wconf 82' lang='lat' dir='ltr'>necnon</span> 
     </span>
     <span class='ocr_line' id='line_1_12' title="bbox 54 1292 1744 1370; baseline 0.002 -20"><span class='ocrx_word' id='word_1_151' title='bbox 54 1300 93 1350; x_wconf 88' lang='lat' dir='ltr'>est</span> <span class='ocrx_word' id='word_1_152' title='bbox 113 1295 281 1350; x_wconf 78' lang='lat' dir='ltr'>wascelino</span> <span class='ocrx_word' id='word_1_153' title='bbox 301 1294 337 1349; x_wconf 90' lang='lat' dir='ltr'>de</span> <span class='ocrx_word' id='word_1_154' title='bbox 356 1296 446 1350; x_wconf 87' lang='lat' dir='ltr'>Ponte</span> <span class='ocrx_word' id='word_1_155' title='bbox 466 1292 668 1361; x_wconf 83' lang='lat' dir='ltr'>Ercheufredi;</span> <span class='ocrx_word' id='word_1_156' title='bbox 691 1310 724 1348; x_wconf 85' lang='lat' dir='ltr'>er</span> <span class='ocrx_word' id='word_1_157' title='bbox 740 1310 797 1365; x_wconf 88' lang='lat' dir='ltr'>qua</span> <span class='ocrx_word' id='word_1_158' title='bbox 812 1294 875 1348; x_wconf 85' lang='lat' dir='ltr'>Wil·</span> <span class='ocrx_word' id='word_1_159' title='bbox 925 1296 954 1348; x_wconf 91' lang='lat' dir='ltr'>et</span> <span class='ocrx_word' id='word_1_160' title='bbox 973 1294 1156 1350; x_wconf 86' lang='lat' dir='ltr'>denariorum</span> <span class='ocrx_word' id='word_1_161' title='bbox 1177 1295 1272 1350; x_wconf 85' lang='lat' dir='ltr'>Sancti</span> <span class='ocrx_word' id='word_1_162' title='bbox 1292 1295 1367 1351; x_wconf 86' lang='lat' dir='ltr'>Petri</span> <span class='ocrx_word' id='word_1_163' title='bbox 1387 1296 1462 1350; x_wconf 92' lang='lat' dir='ltr'>inter</span> <span class='ocrx_word' id='word_1_164' title='bbox 1483 1301 1609 1363; x_wconf 66' lang='lat' dir='ltr'>montem</span> <span class='ocrx_word' id='word_1_165' title='bbox 1628 1297 1744 1370; x_wconf 89' lang='lat' dir='ltr'>insuper</span> 
     </span>
     <span class='ocr_line' id='line_1_13' title="bbox 53 1386 1743 1460; baseline 0.002 -18"><span class='ocrx_word' id='word_1_166' title='bbox 53 1389 155 1443; x_wconf 87' lang='lat' dir='ltr'>lelmus</span> <span class='ocrx_word' id='word_1_167' title='bbox 175 1390 206 1443; x_wconf 90' lang='lat' dir='ltr'>et</span> <span class='ocrx_word' id='word_1_168' title='bbox 228 1387 369 1443; x_wconf 81' lang='lat' dir='ltr'>Radulius</span> <span class='ocrx_word' id='word_1_169' title='bbox 391 1387 445 1443; x_wconf 92' lang='lat' dir='ltr'>orti</span> <span class='ocrx_word' id='word_1_170' title='bbox 467 1390 543 1454; x_wconf 91' lang='lat' dir='ltr'>sunt,</span> <span class='ocrx_word' id='word_1_171' title='bbox 566 1386 616 1459; x_wconf 89' lang='lat' dir='ltr'>qni</span> <span class='ocrx_word' id='word_1_172' title='bbox 637 1386 820 1458; x_wconf 85' lang='lat' dir='ltr'>postmodum</span> <span class='ocrx_word' id='word_1_173' title='bbox 846 1386 874 1441; x_wconf 90' lang='lat' dir='ltr'>in</span> <span class='ocrx_word' id='word_1_174' title='bbox 925 1387 1072 1442; x_wconf 88' lang='lat' dir='ltr'>ecclesiam</span> <span class='ocrx_word' id='word_1_175' title='bbox 1095 1388 1124 1442; x_wconf 89' lang='lat' dir='ltr'>in</span> <span class='ocrx_word' id='word_1_176' title='bbox 1146 1387 1217 1453; x_wconf 85' lang='lat' dir='ltr'>rieo,</span> <span class='ocrx_word' id='word_1_177' title='bbox 1238 1389 1286 1460; x_wconf 89' lang='lat' dir='ltr'>qui</span> <span class='ocrx_word' id='word_1_178' title='bbox 1310 1389 1449 1444; x_wconf 87' lang='lat' dir='ltr'>vocitatur</span> <span class='ocrx_word' id='word_1_179' title='bbox 1470 1389 1555 1460; x_wconf 80' lang='lat' dir='ltr'>l&#39;ogai</span> <span class='ocrx_word' id='word_1_180' title='bbox 1575 1395 1603 1445; x_wconf 92' lang='lat' dir='ltr'>et</span> <span class='ocrx_word' id='word_1_181' title='bbox 1623 1388 1743 1446; x_wconf 82' lang='lat' dir='ltr'>decimes</span> 
     </span>
     <span class='ocr_line' id='line_1_14' title="bbox 54 1479 1744 1557; baseline 0.002 -21"><span class='ocrx_word' id='word_1_182' title='bbox 54 1482 150 1553; x_wconf 72' lang='lat' dir='ltr'>apulia</span> <span class='ocrx_word' id='word_1_183' title='bbox 175 1485 206 1536; x_wconf 88' lang='lat' dir='ltr'>et</span> <span class='ocrx_word' id='word_1_184' title='bbox 225 1480 322 1537; x_wconf 88' lang='lat' dir='ltr'>Sicilia</span> <span class='ocrx_word' id='word_1_185' title='bbox 342 1480 519 1536; x_wconf 81' lang='lat' dir='ltr'>liodbertum</span> <span class='ocrx_word' id='word_1_186' title='bbox 541 1480 715 1535; x_wconf 82' lang='lat' dir='ltr'>wiscardum</span> <span class='ocrx_word' id='word_1_187' title='bbox 736 1479 875 1536; x_wconf 71' lang='lat' dir='ltr'>Calabriae</span> <span class='ocrx_word' id='word_1_188' title='bbox 925 1484 1034 1553; x_wconf 89' lang='lat' dir='ltr'>perlem</span> <span class='ocrx_word' id='word_1_189' title='bbox 1053 1480 1237 1550; x_wconf 81' lang='lat' dir='ltr'>Coluncellae,</span> <span class='ocrx_word' id='word_1_190' title='bbox 1256 1496 1345 1553; x_wconf 90' lang='lat' dir='ltr'>quam</span> <span class='ocrx_word' id='word_1_191' title='bbox 1368 1482 1462 1537; x_wconf 87' lang='lat' dir='ltr'>tenuit</span> <span class='ocrx_word' id='word_1_192' title='bbox 1481 1482 1640 1538; x_wconf 84' lang='lat' dir='ltr'>Rodbertue</span> <span class='ocrx_word' id='word_1_193' title='bbox 1659 1488 1744 1557; x_wconf 89' lang='lat' dir='ltr'>pater</span> 
     </span>
     <span class='ocr_line' id='line_1_15' title="bbox 53 1573 1742 1648; baseline 0.002 -17"><span class='ocrx_word' id='word_1_194' title='bbox 53 1577 152 1631; x_wconf 86' lang='lat' dir='ltr'>ducem</span> <span class='ocrx_word' id='word_1_195' title='bbox 181 1575 309 1631; x_wconf 89' lang='lat' dir='ltr'>multum</span> <span class='ocrx_word' id='word_1_196' title='bbox 328 1575 472 1646; x_wconf 85' lang='lat' dir='ltr'>juverunt.</span> <span class='ocrx_word' id='word_1_197' title='bbox 497 1573 603 1629; x_wconf 81' lang='lat' dir='ltr'>Deinde</span> <span class='ocrx_word' id='word_1_198' title='bbox 628 1573 747 1628; x_wconf 85' lang='lat' dir='ltr'>hadvisa</span> <span class='ocrx_word' id='word_1_199' title='bbox 770 1573 874 1628; x_wconf 87' lang='lat' dir='ltr'>sociata</span> <span class='ocrx_word' id='word_1_200' title='bbox 924 1590 1034 1629; x_wconf 90' lang='lat' dir='ltr'>eorum.</span> <span class='ocrx_word' id='word_1_201' title='bbox 1049 1575 1165 1630; x_wconf 79' lang='lat' dir='ltr'>Terram</span> <span class='ocrx_word' id='word_1_202' title='bbox 1179 1590 1245 1630; x_wconf 87' lang='lat' dir='ltr'>vero</span> <span class='ocrx_word' id='word_1_203' title='bbox 1259 1574 1295 1631; x_wconf 92' lang='lat' dir='ltr'>de</span> <span class='ocrx_word' id='word_1_204' title='bbox 1307 1575 1422 1631; x_wconf 84' lang='lat' dir='ltr'>Gueleio</span> <span class='ocrx_word' id='word_1_205' title='bbox 1436 1576 1515 1631; x_wconf 88' lang='lat' dir='ltr'>dedit</span> <span class='ocrx_word' id='word_1_206' title='bbox 1528 1576 1621 1648; x_wconf 87' lang='lat' dir='ltr'>lingo,</span> <span class='ocrx_word' id='word_1_207' title='bbox 1640 1581 1742 1648; x_wconf 88' lang='lat' dir='ltr'>peten-</span> 
     </span>
     <span class='ocr_line' id='line_1_16' title="bbox 54 1666 1744 1742; baseline 0.003 -21"><span class='ocrx_word' id='word_1_208' title='bbox 54 1675 92 1722; x_wconf 89' lang='lat' dir='ltr'>est</span> <span class='ocrx_word' id='word_1_209' title='bbox 113 1668 265 1723; x_wconf 75' lang='lat' dir='ltr'>{ledberto</span> <span class='ocrx_word' id='word_1_210' title='bbox 288 1667 324 1723; x_wconf 92' lang='lat' dir='ltr'>de</span> <span class='ocrx_word' id='word_1_211' title='bbox 347 1666 608 1735; x_wconf 89' lang='lat' dir='ltr'>Greutemaisnilio,</span> <span class='ocrx_word' id='word_1_212' title='bbox 632 1683 696 1737; x_wconf 72' lang='lat' dir='ltr'>quie</span> <span class='ocrx_word' id='word_1_213' title='bbox 718 1666 830 1738; x_wconf 85' lang='lat' dir='ltr'>peperit</span> <span class='ocrx_word' id='word_1_214' title='bbox 848 1666 873 1720; x_wconf 93' lang='lat' dir='ltr'>ei</span> <span class='ocrx_word' id='word_1_215' title='bbox 925 1666 999 1722; x_wconf 88' lang='lat' dir='ltr'>tibus</span> <span class='ocrx_word' id='word_1_216' title='bbox 1017 1674 1117 1738; x_wconf 89' lang='lat' dir='ltr'>sponte</span> <span class='ocrx_word' id='word_1_217' title='bbox 1138 1667 1262 1724; x_wconf 89' lang='lat' dir='ltr'>dominis</span> <span class='ocrx_word' id='word_1_218' title='bbox 1285 1668 1416 1740; x_wconf 86' lang='lat' dir='ltr'>ejusdem</span> <span class='ocrx_word' id='word_1_219' title='bbox 1438 1668 1520 1735; x_wconf 79' lang='lat' dir='ltr'>villae,</span> <span class='ocrx_word' id='word_1_220' title='bbox 1543 1684 1667 1742; x_wconf 92' lang='lat' dir='ltr'>quorum</span> <span class='ocrx_word' id='word_1_221' title='bbox 1681 1671 1744 1727; x_wconf 87' lang='lat' dir='ltr'>alo·</span> 
     </span>
     <span class='ocr_line' id='line_1_17' title="bbox 55 1747 1743 1833; baseline 0.002 -17"><span class='ocrx_word' id='word_1_222' title='bbox 55 1763 203 1833; x_wconf 85' lang='lat' dir='ltr'>hogonem</span> <span class='ocrx_word' id='word_1_223' title='bbox 225 1767 254 1816; x_wconf 89' lang='lat' dir='ltr'>et</span> <span class='ocrx_word' id='word_1_224' title='bbox 277 1759 453 1816; x_wconf 77' lang='lat' dir='ltr'>liodbertum</span> <span class='ocrx_word' id='word_1_225' title='bbox 477 1766 505 1816; x_wconf 86' lang='lat' dir='ltr'>et</span> <span class='ocrx_word' id='word_1_226' title='bbox 529 1758 685 1815; x_wconf 85' lang='lat' dir='ltr'>Ernaldum</span> <span class='ocrx_word' id='word_1_227' title='bbox 706 1761 735 1814; x_wconf 92' lang='lat' dir='ltr'>et</span> <span class='ocrx_word' id='word_1_228' title='bbox 755 1747 1004 1818; x_wconf 87' lang='lat' dir='ltr'>totidcdeium</span> <span class='ocrx_word' id='word_1_229' title='bbox 1013 1765 1085 1830; x_wconf 86' lang='lat' dir='ltr'>erat,</span> <span class='ocrx_word' id='word_1_230' title='bbox 1097 1760 1190 1816; x_wconf 89' lang='lat' dir='ltr'>eidem</span> <span class='ocrx_word' id='word_1_231' title='bbox 1201 1760 1415 1827; x_wconf 81' lang='lat' dir='ltr'>coenobio;imo</span> <span class='ocrx_word' id='word_1_232' title='bbox 1424 1765 1453 1818; x_wconf 90' lang='lat' dir='ltr'>et</span> <span class='ocrx_word' id='word_1_233' title='bbox 1461 1761 1603 1818; x_wconf 88' lang='lat' dir='ltr'>decimam</span> <span class='ocrx_word' id='word_1_234' title='bbox 1612 1763 1743 1819; x_wconf 91' lang='lat' dir='ltr'>emnium</span> 
     </span>
     <span class='ocr_line' id='line_1_18' title="bbox 56 1851 1744 1926; baseline 0.002 -17"><span class='ocrx_word' id='word_1_235' title='bbox 56 1856 131 1910; x_wconf 84' lang='lat' dir='ltr'>tilius.</span> <span class='ocrx_word' id='word_1_236' title='bbox 148 1855 217 1919; x_wconf 85' lang='lat' dir='ltr'>Ouo</span> <span class='ocrx_word' id='word_1_237' title='bbox 238 1853 383 1919; x_wconf 80' lang='lat' dir='ltr'>defuncto,</span> <span class='ocrx_word' id='word_1_238' title='bbox 404 1854 556 1924; x_wconf 90' lang='lat' dir='ltr'>conjuncta</span> <span class='ocrx_word' id='word_1_239' title='bbox 573 1858 615 1909; x_wconf 90' lang='lat' dir='ltr'>est</span> <span class='ocrx_word' id='word_1_240' title='bbox 636 1852 776 1909; x_wconf 79' lang='lat' dir='ltr'>willelmo</span> <span class='ocrx_word' id='word_1_241' title='bbox 797 1851 874 1908; x_wconf 85' lang='lat' dir='ltr'>liod-</span> <span class='ocrx_word' id='word_1_242' title='bbox 925 1868 1106 1909; x_wconf 85' lang='lat' dir='ltr'>carrucarum</span> <span class='ocrx_word' id='word_1_243' title='bbox 1120 1854 1182 1926; x_wconf 87' lang='lat' dir='ltr'>ejus</span> <span class='ocrx_word' id='word_1_244' title='bbox 1196 1858 1225 1910; x_wconf 90' lang='lat' dir='ltr'>et</span> <span class='ocrx_word' id='word_1_245' title='bbox 1239 1870 1386 1926; x_wconf 87' lang='lat' dir='ltr'>pecorum,</span> <span class='ocrx_word' id='word_1_246' title='bbox 1401 1860 1430 1911; x_wconf 89' lang='lat' dir='ltr'>et</span> <span class='ocrx_word' id='word_1_247' title='bbox 1444 1854 1585 1910; x_wconf 90' lang='lat' dir='ltr'>decimam</span> <span class='ocrx_word' id='word_1_248' title='bbox 1600 1855 1635 1912; x_wconf 91' lang='lat' dir='ltr'>de</span> <span class='ocrx_word' id='word_1_249' title='bbox 1650 1857 1744 1913; x_wconf 86' lang='lat' dir='ltr'>hlonte</span> 
     </span>
     <span class='ocr_line' id='line_1_19' title="bbox 55 1945 1742 2020; baseline 0.002 -16"><span class='ocrx_word' id='word_1_250' title='bbox 55 1949 123 2005; x_wconf 88' lang='lat' dir='ltr'>berti</span> <span class='ocrx_word' id='word_1_251' title='bbox 141 1947 353 2020; x_wconf 76' lang='lat' dir='ltr'>archiepiscopi</span> <span class='ocrx_word' id='word_1_252' title='bbox 374 1948 443 2015; x_wconf 88' lang='lat' dir='ltr'>lilio,</span> <span class='ocrx_word' id='word_1_253' title='bbox 465 1954 493 2002; x_wconf 93' lang='lat' dir='ltr'>et</span> <span class='ocrx_word' id='word_1_254' title='bbox 511 1946 623 2019; x_wconf 89' lang='lat' dir='ltr'>peperit</span> <span class='ocrx_word' id='word_1_255' title='bbox 641 1947 666 2002; x_wconf 91' lang='lat' dir='ltr'>ei</span> <span class='ocrx_word' id='word_1_256' title='bbox 686 1947 793 2014; x_wconf 84' lang='lat' dir='ltr'>iudith,</span> <span class='ocrx_word' id='word_1_257' title='bbox 812 1962 876 2018; x_wconf 76' lang='lat' dir='ltr'>quae</span> <span class='ocrx_word' id='word_1_258' title='bbox 925 1945 1030 2014; x_wconf 85' lang='lat' dir='ltr'>Galret,</span> <span class='ocrx_word' id='word_1_259' title='bbox 1048 1950 1103 2002; x_wconf 85' lang='lat' dir='ltr'>tam</span> <span class='ocrx_word' id='word_1_260' title='bbox 1119 1947 1155 2002; x_wconf 93' lang='lat' dir='ltr'>de</span> <span class='ocrx_word' id='word_1_261' title='bbox 1172 1948 1283 2004; x_wconf 88' lang='lat' dir='ltr'>teloneo</span> <span class='ocrx_word' id='word_1_262' title='bbox 1297 1964 1382 2020; x_wconf 91' lang='lat' dir='ltr'>quarn</span> <span class='ocrx_word' id='word_1_263' title='bbox 1397 1947 1434 2004; x_wconf 86' lang='lat' dir='ltr'>de</span> <span class='ocrx_word' id='word_1_264' title='bbox 1448 1963 1575 2017; x_wconf 82' lang='lat' dir='ltr'>annona3</span> <span class='ocrx_word' id='word_1_265' title='bbox 1592 1949 1742 2007; x_wconf 84' lang='lat' dir='ltr'>ecclesiam</span> 
     </span>
     <span class='ocr_line' id='line_1_20' title="bbox 58 2039 1743 2114; baseline 0.001 -17"><span class='ocrx_word' id='word_1_266' title='bbox 58 2041 245 2113; x_wconf 87' lang='lat' dir='ltr'>postmodum</span> <span class='ocrx_word' id='word_1_267' title='bbox 272 2041 387 2114; x_wconf 82' lang='lat' dir='ltr'>Rogcrii</span> <span class='ocrx_word' id='word_1_268' title='bbox 414 2041 527 2096; x_wconf 91' lang='lat' dir='ltr'>comitis</span> <span class='ocrx_word' id='word_1_269' title='bbox 552 2040 654 2096; x_wconf 79' lang='lat' dir='ltr'>Siciliae</span> <span class='ocrx_word' id='word_1_270' title='bbox 680 2040 782 2111; x_wconf 85' lang='lat' dir='ltr'>conjux</span> <span class='ocrx_word' id='word_1_271' title='bbox 812 2039 874 2095; x_wconf 87' lang='lat' dir='ltr'>luit.</span> <span class='ocrx_word' id='word_1_272' title='bbox 925 2044 1021 2095; x_wconf 88' lang='lat' dir='ltr'>eutem</span> <span class='ocrx_word' id='word_1_273' title='bbox 1033 2039 1069 2096; x_wconf 93' lang='lat' dir='ltr'>de</span> <span class='ocrx_word' id='word_1_274' title='bbox 1080 2039 1232 2114; x_wconf 79' lang='lat' dir='ltr'>lovigneio</span> <span class='ocrx_word' id='word_1_275' title='bbox 1246 2057 1312 2098; x_wconf 90' lang='lat' dir='ltr'>cum</span> <span class='ocrx_word' id='word_1_276' title='bbox 1326 2046 1403 2096; x_wconf 87' lang='lat' dir='ltr'>terra</span> <span class='ocrx_word' id='word_1_277' title='bbox 1414 2041 1574 2113; x_wconf 80' lang='lat' dir='ltr'>presbyteri</span> <span class='ocrx_word' id='word_1_278' title='bbox 1582 2045 1743 2114; x_wconf 82' lang='lat' dir='ltr'>;preeterea</span> 
     </span>
     <span class='ocr_line' id='line_1_21' title="bbox 56 2131 1743 2209; baseline -0.001 -18"><span class='ocrx_word' id='word_1_279' title='bbox 56 2135 146 2191; x_wconf 76' lang='lat' dir='ltr'>Tertia</span> <span class='ocrx_word' id='word_1_280' title='bbox 161 2132 262 2190; x_wconf 80' lang='lat' dir='ltr'>Geroii</span> <span class='ocrx_word' id='word_1_281' title='bbox 276 2134 333 2188; x_wconf 85' lang='lat' dir='ltr'>lilia</span> <span class='ocrx_word' id='word_1_282' title='bbox 346 2133 402 2189; x_wconf 84' lang='lat' dir='ltr'>init</span> <span class='ocrx_word' id='word_1_283' title='bbox 414 2134 525 2201; x_wconf 72' lang='lat' dir='ltr'>limina,</span> <span class='ocrx_word' id='word_1_284' title='bbox 541 2149 606 2205; x_wconf 82' lang='lat' dir='ltr'>qum</span> <span class='ocrx_word' id='word_1_285' title='bbox 620 2132 685 2189; x_wconf 89' lang='lat' dir='ltr'>data</span> <span class='ocrx_word' id='word_1_286' title='bbox 697 2136 741 2189; x_wconf 90' lang='lat' dir='ltr'>est</span> <span class='ocrx_word' id='word_1_287' title='bbox 755 2131 876 2206; x_wconf 81' lang='lat' dir='ltr'>hogerio</span> <span class='ocrx_word' id='word_1_288' title='bbox 926 2140 1043 2203; x_wconf 91' lang='lat' dir='ltr'>terram,</span> <span class='ocrx_word' id='word_1_289' title='bbox 1059 2150 1123 2206; x_wconf 85' lang='lat' dir='ltr'>qure</span> <span class='ocrx_word' id='word_1_290' title='bbox 1136 2133 1298 2206; x_wconf 84' lang='lat' dir='ltr'>appellatur</span> <span class='ocrx_word' id='word_1_291' title='bbox 1310 2135 1386 2190; x_wconf 85' lang='lat' dir='ltr'>Noer</span> <span class='ocrx_word' id='word_1_292' title='bbox 1399 2134 1537 2191; x_wconf 73' lang='lat' dir='ltr'>herardi</span> <span class='ocrx_word' id='word_1_293' title='bbox 1545 2151 1554 2203; x_wconf 90' lang='lat'>;</span> <span class='ocrx_word' id='word_1_294' title='bbox 1570 2134 1599 2189; x_wconf 92' lang='lat' dir='ltr'>in</span> <span class='ocrx_word' id='word_1_295' title='bbox 1613 2135 1675 2192; x_wconf 88' lang='lat' dir='ltr'>loco</span> <span class='ocrx_word' id='word_1_296' title='bbox 1693 2136 1743 2209; x_wconf 91' lang='lat' dir='ltr'>qui</span> 
     </span>
     <span class='ocr_line' id='line_1_22' title="bbox 57 2225 1742 2298; baseline -0.001 -15"><span class='ocrx_word' id='word_1_297' title='bbox 57 2229 87 2283; x_wconf 89' lang='lat' dir='ltr'>de</span> <span class='ocrx_word' id='word_1_298' title='bbox 98 2228 228 2295; x_wconf 52' lang='lat' dir='ltr'>herolia</span> <span class='ocrx_word' id='word_1_299' title='bbox 247 2243 281 2282; x_wconf 86' lang='lat' dir='ltr'>er</span> <span class='ocrx_word' id='word_1_300' title='bbox 300 2242 358 2298; x_wconf 93' lang='lat' dir='ltr'>qua</span> <span class='ocrx_word' id='word_1_301' title='bbox 371 2225 520 2295; x_wconf 73' lang='lat' dir='ltr'>liedulfus,</span> <span class='ocrx_word' id='word_1_302' title='bbox 542 2232 572 2282; x_wconf 85' lang='lat' dir='ltr'>et</span> <span class='ocrx_word' id='word_1_303' title='bbox 588 2226 745 2282; x_wconf 88' lang='lat' dir='ltr'>Willelmus</span> <span class='ocrx_word' id='word_1_304' title='bbox 761 2225 875 2283; x_wconf 81' lang='lat' dir='ltr'>Redulli</span> <span class='ocrx_word' id='word_1_305' title='bbox 925 2226 1028 2282; x_wconf 91' lang='lat' dir='ltr'>dicitur</span> <span class='ocrx_word' id='word_1_306' title='bbox 1053 2227 1162 2283; x_wconf 79' lang='lat' dir='ltr'>Ueisnil</span> <span class='ocrx_word' id='word_1_307' title='bbox 1192 2227 1339 2295; x_wconf 89' lang='lat' dir='ltr'>Bernerdi,</span> <span class='ocrx_word' id='word_1_308' title='bbox 1363 2232 1470 2284; x_wconf 91' lang='lat' dir='ltr'>terram</span> <span class='ocrx_word' id='word_1_309' title='bbox 1497 2228 1581 2284; x_wconf 90' lang='lat' dir='ltr'>unius</span> <span class='ocrx_word' id='word_1_310' title='bbox 1603 2227 1691 2284; x_wconf 83' lang='lat' dir='ltr'>aratri</span> <span class='ocrx_word' id='word_1_311' title='bbox 1714 2234 1742 2285; x_wconf 85' lang='lat' dir='ltr'>et</span> 
     </span>
     <span class='ocr_line' id='line_1_23' title="bbox 58 2319 1743 2394; baseline 0.002 -19"><span class='ocrx_word' id='word_1_312' title='bbox 58 2327 82 2375; x_wconf 88' lang='lat' dir='ltr'>et</span> <span class='ocrx_word' id='word_1_313' title='bbox 100 2321 224 2394; x_wconf 77' lang='lat' dir='ltr'>[tegorii</span> <span class='ocrx_word' id='word_1_314' title='bbox 244 2321 402 2376; x_wconf 83' lang='lat' dir='ltr'>vicinorum</span> <span class='ocrx_word' id='word_1_315' title='bbox 423 2325 583 2377; x_wconf 90' lang='lat' dir='ltr'>nostrorum</span> <span class='ocrx_word' id='word_1_316' title='bbox 600 2325 697 2392; x_wconf 88' lang='lat' dir='ltr'>pater,</span> <span class='ocrx_word' id='word_1_317' title='bbox 720 2319 775 2375; x_wconf 89' lang='lat' dir='ltr'>orti</span> <span class='ocrx_word' id='word_1_318' title='bbox 798 2323 873 2375; x_wconf 89' lang='lat' dir='ltr'>sunt.</span> <span class='ocrx_word' id='word_1_319' title='bbox 925 2327 1032 2376; x_wconf 90' lang='lat' dir='ltr'>terram</span> <span class='ocrx_word' id='word_1_320' title='bbox 1050 2320 1121 2376; x_wconf 76' lang='lat' dir='ltr'>villa</span> <span class='ocrx_word' id='word_1_321' title='bbox 1134 2321 1283 2389; x_wconf 84' lang='lat' dir='ltr'>Tenaceti;</span> <span class='ocrx_word' id='word_1_322' title='bbox 1295 2321 1480 2391; x_wconf 73' lang='lat' dir='ltr'>praeterhac,</span> <span class='ocrx_word' id='word_1_323' title='bbox 1494 2320 1743 2378; x_wconf 88' lang='lat' dir='ltr'>monasteriumde</span> 
     </span>
     <span class='ocr_line' id='line_1_24' title="bbox 58 2412 1742 2488; baseline 0.002 -19"><span class='ocrx_word' id='word_1_324' title='bbox 58 2416 157 2479; x_wconf 76' lang='lat' dir='ltr'>Quarta</span> <span class='ocrx_word' id='word_1_325' title='bbox 179 2414 298 2470; x_wconf 81' lang='lat' dir='ltr'>hdeiais</span> <span class='ocrx_word' id='word_1_326' title='bbox 320 2414 426 2470; x_wconf 86' lang='lat' dir='ltr'>sociata</span> <span class='ocrx_word' id='word_1_327' title='bbox 448 2421 489 2469; x_wconf 90' lang='lat' dir='ltr'>est</span> <span class='ocrx_word' id='word_1_328' title='bbox 515 2413 660 2471; x_wconf 88' lang='lat' dir='ltr'>Salomoni</span> <span class='ocrx_word' id='word_1_329' title='bbox 683 2413 719 2468; x_wconf 91' lang='lat' dir='ltr'>de</span> <span class='ocrx_word' id='word_1_330' title='bbox 740 2412 874 2482; x_wconf 90' lang='lat' dir='ltr'>Sabloilo,</span> <span class='ocrx_word' id='word_1_331' title='bbox 924 2416 1067 2471; x_wconf 75' lang='lat' dir='ltr'>Marcellis</span> <span class='ocrx_word' id='word_1_332' title='bbox 1088 2431 1153 2471; x_wconf 89' lang='lat' dir='ltr'>eum</span> <span class='ocrx_word' id='word_1_333' title='bbox 1174 2422 1251 2472; x_wconf 90' lang='lat' dir='ltr'>terra</span> <span class='ocrx_word' id='word_1_334' title='bbox 1273 2415 1441 2487; x_wconf 87' lang='lat' dir='ltr'>presbyteri,</span> <span class='ocrx_word' id='word_1_335' title='bbox 1457 2420 1485 2471; x_wconf 88' lang='lat' dir='ltr'>et</span> <span class='ocrx_word' id='word_1_336' title='bbox 1502 2415 1536 2470; x_wconf 89' lang='lat' dir='ltr'>de</span> <span class='ocrx_word' id='word_1_337' title='bbox 1554 2415 1647 2488; x_wconf 87' lang='lat' dir='ltr'>Sappo</span> <span class='ocrx_word' id='word_1_338' title='bbox 1667 2414 1742 2472; x_wconf 87' lang='lat' dir='ltr'>deci·</span> 
     </span>
     <span class='ocr_line' id='line_1_25' title="bbox 59 2506 1742 2581; baseline 0.001 -18"><span class='ocrx_word' id='word_1_339' title='bbox 59 2510 137 2579; x_wconf 86' lang='lat' dir='ltr'>eique</span> <span class='ocrx_word' id='word_1_340' title='bbox 156 2508 272 2580; x_wconf 87' lang='lat' dir='ltr'>peperit</span> <span class='ocrx_word' id='word_1_341' title='bbox 285 2507 464 2577; x_wconf 83' lang='lat' dir='ltr'>hainaldum,</span> <span class='ocrx_word' id='word_1_342' title='bbox 479 2508 561 2580; x_wconf 86' lang='lat' dir='ltr'>eujus</span> <span class='ocrx_word' id='word_1_343' title='bbox 580 2507 672 2579; x_wconf 86' lang='lat' dir='ltr'>proles</span> <span class='ocrx_word' id='word_1_344' title='bbox 693 2507 808 2562; x_wconf 91' lang='lat' dir='ltr'>nomine</span> <span class='ocrx_word' id='word_1_345' title='bbox 830 2506 874 2561; x_wconf 80' lang='lat' dir='ltr'>ti·</span> <span class='ocrx_word' id='word_1_346' title='bbox 925 2525 1003 2565; x_wconf 89' lang='lat' dir='ltr'>mem</span> <span class='ocrx_word' id='word_1_347' title='bbox 1023 2508 1142 2577; x_wconf 76' lang='lat' dir='ltr'>telonei,</span> <span class='ocrx_word' id='word_1_348' title='bbox 1163 2509 1256 2563; x_wconf 86' lang='lat' dir='ltr'>villam</span> <span class='ocrx_word' id='word_1_349' title='bbox 1277 2524 1393 2581; x_wconf 90' lang='lat' dir='ltr'>quoquc</span> <span class='ocrx_word' id='word_1_350' title='bbox 1415 2524 1480 2581; x_wconf 83' lang='lat' dir='ltr'>quae</span> <span class='ocrx_word' id='word_1_351' title='bbox 1501 2513 1618 2564; x_wconf 84' lang='lat' dir='ltr'>vocatur</span> <span class='ocrx_word' id='word_1_352' title='bbox 1636 2509 1742 2565; x_wconf 78' lang='lat' dir='ltr'>Uaisnil</span> 
     </span>
     <span class='ocr_line' id='line_1_26' title="bbox 60 2599 1742 2675; baseline 0.001 -19"><span class='ocrx_word' id='word_1_353' title='bbox 60 2602 166 2657; x_wconf 80' lang='lat' dir='ltr'>siardus</span> <span class='ocrx_word' id='word_1_354' title='bbox 186 2618 265 2658; x_wconf 92' lang='lat' dir='ltr'>nunc</span> <span class='ocrx_word' id='word_1_355' title='bbox 286 2600 406 2656; x_wconf 82' lang='lat' dir='ltr'>ilenrico</span> <span class='ocrx_word' id='word_1_356' title='bbox 425 2602 486 2674; x_wconf 89' lang='lat' dir='ltr'>regi</span> <span class='ocrx_word' id='word_1_357' title='bbox 501 2601 657 2674; x_wconf 68' lang='lat' dir='ltr'>anglorum</span> <span class='ocrx_word' id='word_1_358' title='bbox 673 2599 781 2672; x_wconf 78' lang='lat' dir='ltr'>grande</span> <span class='ocrx_word' id='word_1_359' title='bbox 800 2615 874 2671; x_wconf 83' lang='lat' dir='ltr'>pue·</span> <span class='ocrx_word' id='word_1_360' title='bbox 926 2602 1012 2670; x_wconf 82' lang='lat' dir='ltr'>Dede,</span> <span class='ocrx_word' id='word_1_361' title='bbox 1033 2606 1061 2657; x_wconf 87' lang='lat' dir='ltr'>et</span> <span class='ocrx_word' id='word_1_362' title='bbox 1080 2602 1228 2658; x_wconf 89' lang='lat' dir='ltr'>ecclesiam</span> <span class='ocrx_word' id='word_1_363' title='bbox 1251 2602 1286 2657; x_wconf 92' lang='lat' dir='ltr'>de</span> <span class='ocrx_word' id='word_1_364' title='bbox 1300 2601 1434 2658; x_wconf 88' lang='lat' dir='ltr'>Limbotb</span> <span class='ocrx_word' id='word_1_365' title='bbox 1449 2618 1514 2657; x_wconf 85' lang='lat' dir='ltr'>cem</span> <span class='ocrx_word' id='word_1_366' title='bbox 1530 2606 1607 2659; x_wconf 89' lang='lat' dir='ltr'>terra</span> <span class='ocrx_word' id='word_1_367' title='bbox 1624 2602 1742 2675; x_wconf 88' lang='lat' dir='ltr'>presby·</span> 
     </span>
     <span class='ocr_line' id='line_1_27' title="bbox 60 2693 1743 2768; baseline 0.002 -19"><span class='ocrx_word' id='word_1_368' title='bbox 60 2698 108 2750; x_wconf 76' lang='lat' dir='ltr'>stat</span> <span class='ocrx_word' id='word_1_369' title='bbox 130 2696 161 2750; x_wconf 93' lang='lat' dir='ltr'>in</span> <span class='ocrx_word' id='word_1_370' title='bbox 183 2694 407 2766; x_wconf 64' lang='lat' dir='ltr'>andegavenses</span> <span class='ocrx_word' id='word_1_371' title='bbox 427 2694 576 2750; x_wconf 86' lang='lat' dir='ltr'>auxilium.</span> <span class='ocrx_word' id='word_1_372' title='bbox 599 2695 661 2749; x_wconf 84' lang='lat' dir='ltr'>ilaec</span> <span class='ocrx_word' id='word_1_373' title='bbox 680 2693 714 2749; x_wconf 92' lang='lat' dir='ltr'>de</span> <span class='ocrx_word' id='word_1_374' title='bbox 735 2693 876 2749; x_wconf 87' lang='lat' dir='ltr'>Geroiaue</span> <span class='ocrx_word' id='word_1_375' title='bbox 927 2696 989 2767; x_wconf 89' lang='lat' dir='ltr'>teri,</span> <span class='ocrx_word' id='word_1_376' title='bbox 999 2699 1029 2750; x_wconf 91' lang='lat' dir='ltr'>et</span> <span class='ocrx_word' id='word_1_377' title='bbox 1036 2696 1197 2768; x_wconf 87' lang='lat' dir='ltr'>portionem</span> <span class='ocrx_word' id='word_1_378' title='bbox 1208 2711 1296 2767; x_wconf 90' lang='lat' dir='ltr'>quam</span> <span class='ocrx_word' id='word_1_379' title='bbox 1306 2694 1528 2751; x_wconf 85' lang='lat' dir='ltr'>tonuitiladvisa</span> <span class='ocrx_word' id='word_1_380' title='bbox 1538 2698 1629 2752; x_wconf 87' lang='lat' dir='ltr'>mater</span> <span class='ocrx_word' id='word_1_381' title='bbox 1640 2711 1743 2753; x_wconf 75' lang='lat' dir='ltr'>eonem</span> 
     </span>
     <span class='ocr_line' id='line_1_28' title="bbox 62 2787 1742 2862; baseline 0.002 -20"><span class='ocrx_word' id='word_1_382' title='bbox 62 2789 197 2861; x_wconf 86' lang='lat' dir='ltr'>progenie</span> <span class='ocrx_word' id='word_1_383' title='bbox 214 2787 319 2844; x_wconf 83' lang='lat' dir='ltr'>dixisse</span> <span class='ocrx_word' id='word_1_384' title='bbox 332 2787 463 2844; x_wconf 87' lang='lat' dir='ltr'>sulticiat.</span> <span class='ocrx_word' id='word_1_385' title='bbox 927 2790 956 2844; x_wconf 88' lang='lat' dir='ltr'>in</span> <span class='ocrx_word' id='word_1_386' title='bbox 970 2789 1061 2844; x_wconf 85' lang='lat' dir='ltr'>Veteri</span> <span class='ocrx_word' id='word_1_387' title='bbox 1074 2788 1196 2858; x_wconf 81' lang='lat' dir='ltr'>haisni13</span> <span class='ocrx_word' id='word_1_388' title='bbox 1215 2789 1250 2844; x_wconf 91' lang='lat' dir='ltr'>ad</span> <span class='ocrx_word' id='word_1_389' title='bbox 1263 2790 1372 2844; x_wconf 83' lang='lat' dir='ltr'>Novum</span> <span class='ocrx_word' id='word_1_390' title='bbox 1386 2789 1549 2859; x_wconf 86' lang='lat' dir='ltr'>lteroatum,</span> <span class='ocrx_word' id='word_1_391' title='bbox 1564 2789 1644 2845; x_wconf 89' lang='lat' dir='ltr'>dedit</span> <span class='ocrx_word' id='word_1_392' title='bbox 1661 2790 1742 2862; x_wconf 86' lang='lat' dir='ltr'>lingo</span> 
     </span>
    </p>
   </div>
   <div class='ocr_carea' id='block_1_3' title="bbox 89 2879 1860 2955">
    <p class='ocr_par' dir='ltr' id='par_1_5' title="bbox 89 2879 1860 2955">
     <span class='ocr_line' id='line_1_29' title="bbox 89 2879 1860 2955; baseline 0.002 -19"><span class='ocrx_word' id='word_1_393' title='bbox 89 2883 172 2937; x_wconf 71' lang='lat' dir='ltr'>Nunc</span> <span class='ocrx_word' id='word_1_394' title='bbox 194 2882 233 2937; x_wconf 84' lang='lat' dir='ltr'>ad</span> <span class='ocrx_word' id='word_1_395' title='bbox 255 2881 417 2950; x_wconf 90' lang='lat' dir='ltr'>materiam,</span> <span class='ocrx_word' id='word_1_396' title='bbox 440 2881 514 2937; x_wconf 90' lang='lat' dir='ltr'>unde</span> <span class='ocrx_word' id='word_1_397' title='bbox 534 2880 743 2953; x_wconf 85' lang='lat' dir='ltr'>aliquantisper</span> <span class='ocrx_word' id='word_1_398' title='bbox 757 2879 875 2952; x_wconf 90' lang='lat' dir='ltr'>digressi</span> <span class='ocrx_word' id='word_1_399' title='bbox 925 2885 1057 2955; x_wconf 86' lang='lat' dir='ltr'>quartem</span> <span class='ocrx_word' id='word_1_400' title='bbox 1072 2887 1181 2954; x_wconf 87' lang='lat' dir='ltr'>partem</span> <span class='ocrx_word' id='word_1_401' title='bbox 1192 2881 1357 2937; x_wconf 89' lang='lat' dir='ltr'>monasterii</span> <span class='ocrx_word' id='word_1_402' title='bbox 1367 2881 1463 2938; x_wconf 89' lang='lat' dir='ltr'>Sancti</span> <span class='ocrx_word' id='word_1_403' title='bbox 1474 2880 1547 2937; x_wconf 87' lang='lat' dir='ltr'>Petri</span> <span class='ocrx_word' id='word_1_404' title='bbox 1558 2886 1587 2938; x_wconf 92' lang='lat' dir='ltr'>et</span> <span class='ocrx_word' id='word_1_405' title='bbox 1597 2881 1742 2939; x_wconf 88' lang='lat' dir='ltr'>decimam</span> <span class='ocrx_word' id='word_1_406' title='bbox 1856 2924 1860 2929; x_wconf 86' lang='lat'>-</span> 
     </span>
    </p>
   </div>
   <div class='ocr_carea' id='block_1_4' title="bbox 55 2974 1744 5579">
    <p class='ocr_par' dir='ltr' id='par_1_6' title="bbox 55 2974 1744 5579">
     <span class='ocr_line' id='line_1_30' title="bbox 64 2974 1741 3042; baseline 0.003 -15"><span class='ocrx_word' id='word_1_407' title='bbox 64 2992 168 3042; x_wconf 85' lang='lat' dir='ltr'>sumus,</span> <span class='ocrx_word' id='word_1_408' title='bbox 185 2974 350 3030; x_wconf 86' lang='lat' dir='ltr'>redeamus.</span> <span class='ocrx_word' id='word_1_409' title='bbox 927 2975 1088 3032; x_wconf 89' lang='lat' dir='ltr'>medietatis</span> <span class='ocrx_word' id='word_1_410' title='bbox 1102 2976 1204 3031; x_wconf 89' lang='lat' dir='ltr'>telonei</span> <span class='ocrx_word' id='word_1_411' title='bbox 1219 2975 1307 3030; x_wconf 90' lang='lat' dir='ltr'>totius</span> <span class='ocrx_word' id='word_1_412' title='bbox 1320 2974 1393 3031; x_wconf 75' lang='lat' dir='ltr'>villa</span> <span class='ocrx_word' id='word_1_413' title='bbox 1409 2978 1438 3030; x_wconf 94' lang='lat' dir='ltr'>et</span> <span class='ocrx_word' id='word_1_414' title='bbox 1451 2974 1688 3032; x_wconf 88' lang='lat' dir='ltr'>molendinorum</span> <span class='ocrx_word' id='word_1_415' title='bbox 1703 2976 1741 3032; x_wconf 89' lang='lat' dir='ltr'>si·</span> 
     </span>
     <span class='ocr_line' id='line_1_31' title="bbox 214 3066 1743 3138; baseline 0.003 -18"><span class='ocrx_word' id='word_1_416' title='bbox 214 3069 258 3122; x_wconf 84' lang='lat' dir='ltr'>vl.</span> <span class='ocrx_word' id='word_1_417' title='bbox 274 3069 395 3124; x_wconf 82' lang='lat' dir='ltr'>Historia</span> <span class='ocrx_word' id='word_1_418' title='bbox 413 3071 542 3124; x_wconf 79' lang='lat' dir='ltr'>Uticensis</span> <span class='ocrx_word' id='word_1_419' title='bbox 556 3070 719 3124; x_wconf 84' lang='lat' dir='ltr'>monosterii.</span> <span class='ocrx_word' id='word_1_420' title='bbox 926 3069 1045 3138; x_wconf 84' lang='lat' dir='ltr'>militer3</span> <span class='ocrx_word' id='word_1_421' title='bbox 1066 3069 1095 3122; x_wconf 94' lang='lat' dir='ltr'>in</span> <span class='ocrx_word' id='word_1_422' title='bbox 1116 3066 1190 3123; x_wconf 89' lang='lat' dir='ltr'>Seiri</span> <span class='ocrx_word' id='word_1_423' title='bbox 1210 3067 1343 3137; x_wconf 81' lang='lat' dir='ltr'>l&#39;ontana,</span> <span class='ocrx_word' id='word_1_424' title='bbox 1361 3068 1568 3124; x_wconf 87' lang='lat' dir='ltr'>monesterium</span> <span class='ocrx_word' id='word_1_425' title='bbox 1584 3074 1613 3125; x_wconf 89' lang='lat' dir='ltr'>et</span> <span class='ocrx_word' id='word_1_426' title='bbox 1628 3067 1743 3125; x_wconf 87' lang='lat' dir='ltr'>tertiam</span> 
     </span>
     <span class='ocr_line' id='line_1_32' title="bbox 88 3112 1741 3236; baseline 0.001 -20"><span class='ocrx_word' id='word_1_427' title='bbox 88 3164 117 3217; x_wconf 87' lang='lat' dir='ltr'>hr</span> <span class='ocrx_word' id='word_1_428' title='bbox 132 3162 233 3233; x_wconf 90' lang='lat' dir='ltr'>primo</span> <span class='ocrx_word' id='word_1_429' title='bbox 245 3176 322 3217; x_wconf 87' lang='lat' dir='ltr'>anno</span> <span class='ocrx_word' id='word_1_430' title='bbox 336 3177 393 3232; x_wconf 95' lang='lat' dir='ltr'>quo</span> <span class='ocrx_word' id='word_1_431' title='bbox 408 3161 548 3216; x_wconf 86' lang='lat' dir='ltr'>Uticensis</span> <span class='ocrx_word' id='word_1_432' title='bbox 562 3161 675 3216; x_wconf 88' lang='lat' dir='ltr'>abbatia</span> <span class='ocrx_word' id='word_1_433' title='bbox 690 3161 806 3216; x_wconf 86' lang='lat' dir='ltr'>lundata</span> <span class='ocrx_word' id='word_1_434' title='bbox 820 3164 872 3231; x_wconf 89' lang='lat' dir='ltr'>est,</span> <span class='ocrx_word' id='word_1_435' title='bbox 884 3112 911 3186; x_wconf 72' lang='lat' dir='ltr'>C</span> <span class='ocrx_word' id='word_1_436' title='bbox 923 3165 1035 3235; x_wconf 88' lang='lat' dir='ltr'>partem</span> <span class='ocrx_word' id='word_1_437' title='bbox 1051 3162 1168 3218; x_wconf 79' lang='lat' dir='ltr'>decime</span> <span class='ocrx_word' id='word_1_438' title='bbox 1182 3176 1247 3217; x_wconf 89' lang='lat' dir='ltr'>cum</span> <span class='ocrx_word' id='word_1_439' title='bbox 1262 3161 1395 3217; x_wconf 88' lang='lat' dir='ltr'>omnibus</span> <span class='ocrx_word' id='word_1_440' title='bbox 1410 3161 1555 3233; x_wconf 88' lang='lat' dir='ltr'>primitiis,</span> <span class='ocrx_word' id='word_1_441' title='bbox 1571 3164 1600 3218; x_wconf 91' lang='lat' dir='ltr'>et</span> <span class='ocrx_word' id='word_1_442' title='bbox 1613 3161 1741 3236; x_wconf 72' lang='lat' dir='ltr'>quinquie</span> 
     </span>
     <span class='ocr_line' id='line_1_33' title="bbox 62 3252 1085 3327; baseline 0.005 -21"><span class='ocrx_word' id='word_1_443' title='bbox 62 3256 217 3311; x_wconf 87' lang='lat' dir='ltr'>tt&#39;illelmus</span> <span class='ocrx_word' id='word_1_444' title='bbox 229 3259 258 3311; x_wconf 91' lang='lat' dir='ltr'>et</span> <span class='ocrx_word' id='word_1_445' title='bbox 270 3252 429 3310; x_wconf 78' lang='lat' dir='ltr'>[ledbertus</span> <span class='ocrx_word' id='word_1_446' title='bbox 442 3254 491 3310; x_wconf 87' lang='lat' dir='ltr'>lilii</span> <span class='ocrx_word' id='word_1_447' title='bbox 505 3254 608 3323; x_wconf 85' lang='lat' dir='ltr'>Geroii,</span> <span class='ocrx_word' id='word_1_448' title='bbox 623 3258 652 3309; x_wconf 90' lang='lat' dir='ltr'>et</span> <span class='ocrx_word' id='word_1_449' title='bbox 667 3255 746 3326; x_wconf 86' lang='lat' dir='ltr'>llugo</span> <span class='ocrx_word' id='word_1_450' title='bbox 760 3259 788 3310; x_wconf 90' lang='lat' dir='ltr'>et</span> <span class='ocrx_word' id='word_1_451' title='bbox 803 3253 874 3309; x_wconf 85' lang='lat' dir='ltr'>llod·</span> <span class='ocrx_word' id='word_1_452' title='bbox 925 3255 1085 3327; x_wconf 87' lang='lat' dir='ltr'>cortilagia.</span> 
     </span>
     <span class='ocr_line' id='line_1_34' title="bbox 60 3347 1742 3420; baseline 0 -17"><span class='ocrx_word' id='word_1_453' title='bbox 60 3348 153 3404; x_wconf 89' lang='lat' dir='ltr'>bertus</span> <span class='ocrx_word' id='word_1_454' title='bbox 172 3353 295 3419; x_wconf 89' lang='lat' dir='ltr'>nepotes</span> <span class='ocrx_word' id='word_1_455' title='bbox 315 3364 425 3415; x_wconf 88' lang='lat' dir='ltr'>eorum,</span> <span class='ocrx_word' id='word_1_456' title='bbox 447 3364 512 3404; x_wconf 91' lang='lat' dir='ltr'>cum</span> <span class='ocrx_word' id='word_1_457' title='bbox 535 3348 599 3403; x_wconf 86' lang='lat' dir='ltr'>liliis</span> <span class='ocrx_word' id='word_1_458' title='bbox 623 3353 652 3404; x_wconf 92' lang='lat' dir='ltr'>et</span> <span class='ocrx_word' id='word_1_459' title='bbox 674 3347 823 3420; x_wconf 87' lang='lat' dir='ltr'>nepotibus</span> <span class='ocrx_word' id='word_1_460' title='bbox 845 3351 874 3403; x_wconf 93' lang='lat' dir='ltr'>et</span> <span class='ocrx_word' id='word_1_461' title='bbox 960 3349 1119 3404; x_wconf 86' lang='lat' dir='ltr'>willelmus</span> <span class='ocrx_word' id='word_1_462' title='bbox 1142 3353 1237 3405; x_wconf 89' lang='lat' dir='ltr'>autem</span> <span class='ocrx_word' id='word_1_463' title='bbox 1263 3349 1357 3405; x_wconf 79' lang='lat' dir='ltr'>Geruli</span> <span class='ocrx_word' id='word_1_464' title='bbox 1383 3348 1472 3416; x_wconf 85' lang='lat' dir='ltr'>illins,</span> <span class='ocrx_word' id='word_1_465' title='bbox 1500 3349 1742 3405; x_wconf 87' lang='lat' dir='ltr'>consentientibus</span> 
     </span>
     <span class='ocr_line' id='line_1_35' title="bbox 59 3441 1743 3514; baseline 0.001 -18"><span class='ocrx_word' id='word_1_466' title='bbox 59 3441 213 3498; x_wconf 84' lang='lat' dir='ltr'>baronibus</span> <span class='ocrx_word' id='word_1_467' title='bbox 238 3441 298 3495; x_wconf 90' lang='lat' dir='ltr'>suis</span> <span class='ocrx_word' id='word_1_468' title='bbox 322 3442 397 3514; x_wconf 87' lang='lat' dir='ltr'>apud</span> <span class='ocrx_word' id='word_1_469' title='bbox 417 3441 529 3497; x_wconf 83' lang='lat' dir='ltr'>Uticam</span> <span class='ocrx_word' id='word_1_470' title='bbox 552 3442 719 3514; x_wconf 85' lang='lat' dir='ltr'>congregati</span> <span class='ocrx_word' id='word_1_471' title='bbox 740 3446 816 3496; x_wconf 85' lang='lat' dir='ltr'>sunt.</span> <span class='ocrx_word' id='word_1_472' title='bbox 841 3441 875 3495; x_wconf 81' lang='lat' dir='ltr'>ut</span> <span class='ocrx_word' id='word_1_473' title='bbox 924 3448 952 3499; x_wconf 91' lang='lat' dir='ltr'>et</span> <span class='ocrx_word' id='word_1_474' title='bbox 966 3443 1192 3500; x_wconf 86' lang='lat' dir='ltr'>condonantibus</span> <span class='ocrx_word' id='word_1_475' title='bbox 1210 3442 1275 3498; x_wconf 87' lang='lat' dir='ltr'>hliis</span> <span class='ocrx_word' id='word_1_476' title='bbox 1288 3443 1345 3498; x_wconf 87' lang='lat' dir='ltr'>suis</span> <span class='ocrx_word' id='word_1_477' title='bbox 1366 3443 1486 3497; x_wconf 85' lang='lat' dir='ltr'>Ernaldo</span> <span class='ocrx_word' id='word_1_478' title='bbox 1506 3447 1533 3498; x_wconf 87' lang='lat' dir='ltr'>et</span> <span class='ocrx_word' id='word_1_479' title='bbox 1549 3443 1701 3511; x_wconf 82' lang='lat' dir='ltr'>willelmo,</span> <span class='ocrx_word' id='word_1_480' title='bbox 1714 3450 1743 3499; x_wconf 90' lang='lat' dir='ltr'>et</span> 
     </span>
     <span class='ocr_line' id='line_1_36' title="bbox 58 3534 1743 3606; baseline 0 -17"><span class='ocrx_word' id='word_1_481' title='bbox 58 3536 86 3590; x_wconf 90' lang='lat' dir='ltr'>de</span> <span class='ocrx_word' id='word_1_482' title='bbox 100 3536 230 3591; x_wconf 88' lang='lat' dir='ltr'>utilitate</span> <span class='ocrx_word' id='word_1_483' title='bbox 245 3534 326 3590; x_wconf 90' lang='lat' dir='ltr'>rudis</span> <span class='ocrx_word' id='word_1_484' title='bbox 340 3534 461 3590; x_wconf 89' lang='lat' dir='ltr'>coenobii</span> <span class='ocrx_word' id='word_1_485' title='bbox 477 3535 555 3606; x_wconf 89' lang='lat' dir='ltr'>qnod</span> <span class='ocrx_word' id='word_1_486' title='bbox 576 3535 787 3601; x_wconf 78' lang='lat' dir='ltr'>inchoaverant,</span> <span class='ocrx_word' id='word_1_487' title='bbox 804 3538 875 3590; x_wconf 88' lang='lat' dir='ltr'>trac·</span> <span class='ocrx_word' id='word_1_488' title='bbox 924 3536 1058 3591; x_wconf 83' lang='lat' dir='ltr'>iratribus</span> <span class='ocrx_word' id='word_1_489' title='bbox 1069 3535 1211 3591; x_wconf 78' lang='lat' dir='ltr'>liudberto</span> <span class='ocrx_word' id='word_1_490' title='bbox 1226 3539 1256 3590; x_wconf 91' lang='lat' dir='ltr'>et</span> <span class='ocrx_word' id='word_1_491' title='bbox 1269 3534 1393 3591; x_wconf 81' lang='lat' dir='ltr'>Rodnlio</span> <span class='ocrx_word' id='word_1_492' title='bbox 1407 3535 1614 3602; x_wconf 68' lang='lat' dir='ltr'>Uala-Corona,</span> <span class='ocrx_word' id='word_1_493' title='bbox 1630 3551 1743 3591; x_wconf 88' lang='lat' dir='ltr'>monas·</span> 
     </span>
     <span class='ocr_line' id='line_1_37' title="bbox 59 3627 1740 3700; baseline -0.001 -17"><span class='ocrx_word' id='word_1_494' title='bbox 59 3635 162 3694; x_wconf 78' lang='lat' dir='ltr'>untes,</span> <span class='ocrx_word' id='word_1_495' title='bbox 192 3628 391 3684; x_wconf 90' lang='lat' dir='ltr'>communiter</span> <span class='ocrx_word' id='word_1_496' title='bbox 420 3632 584 3684; x_wconf 82' lang='lat' dir='ltr'>statuerunt</span> <span class='ocrx_word' id='word_1_497' title='bbox 607 3634 638 3684; x_wconf 88' lang='lat' dir='ltr'>ut</span> <span class='ocrx_word' id='word_1_498' title='bbox 665 3628 785 3700; x_wconf 88' lang='lat' dir='ltr'>quisque</span> <span class='ocrx_word' id='word_1_499' title='bbox 814 3642 874 3681; x_wconf 89' lang='lat' dir='ltr'>sese</span> <span class='ocrx_word' id='word_1_500' title='bbox 924 3629 1028 3684; x_wconf 88' lang='lat' dir='ltr'>terium</span> <span class='ocrx_word' id='word_1_501' title='bbox 1045 3629 1080 3684; x_wconf 88' lang='lat' dir='ltr'>de</span> <span class='ocrx_word' id='word_1_502' title='bbox 1098 3628 1217 3695; x_wconf 85' lang='lat' dir='ltr'>Escalto,</span> <span class='ocrx_word' id='word_1_503' title='bbox 1234 3627 1436 3700; x_wconf 88' lang='lat' dir='ltr'>decimamque</span> <span class='ocrx_word' id='word_1_504' title='bbox 1452 3627 1582 3700; x_wconf 87' lang='lat' dir='ltr'>ejusdem</span> <span class='ocrx_word' id='word_1_505' title='bbox 1603 3627 1679 3683; x_wconf 83' lang='lat' dir='ltr'>villre</span> <span class='ocrx_word' id='word_1_506' title='bbox 1696 3634 1740 3684; x_wconf 89' lang='lat' dir='ltr'>te·</span> 
     </span>
     <span class='ocr_line' id='line_1_38' title="bbox 57 3719 1740 3795; baseline 0.001 -19"><span class='ocrx_word' id='word_1_507' title='bbox 57 3739 117 3777; x_wconf 88' lang='lat' dir='ltr'>eum</span> <span class='ocrx_word' id='word_1_508' title='bbox 131 3721 216 3777; x_wconf 90' lang='lat' dir='ltr'>omni</span> <span class='ocrx_word' id='word_1_509' title='bbox 229 3724 313 3793; x_wconf 91' lang='lat' dir='ltr'>parte</span> <span class='ocrx_word' id='word_1_510' title='bbox 330 3722 497 3778; x_wconf 81' lang='lat' dir='ltr'>substantiae</span> <span class='ocrx_word' id='word_1_511' title='bbox 512 3739 570 3777; x_wconf 80' lang='lat' dir='ltr'>soce</span> <span class='ocrx_word' id='word_1_512' title='bbox 591 3728 690 3777; x_wconf 88' lang='lat' dir='ltr'>saneto</span> <span class='ocrx_word' id='word_1_513' title='bbox 709 3721 826 3777; x_wconf 83' lang='lat' dir='ltr'>Ebrulfo</span> <span class='ocrx_word' id='word_1_514' title='bbox 845 3721 874 3776; x_wconf 91' lang='lat' dir='ltr'>in</span> <span class='ocrx_word' id='word_1_515' title='bbox 924 3722 1000 3779; x_wconf 91' lang='lat' dir='ltr'>leuci</span> <span class='ocrx_word' id='word_1_516' title='bbox 1016 3720 1153 3795; x_wconf 77' lang='lat' dir='ltr'>proedicto</span> <span class='ocrx_word' id='word_1_517' title='bbox 1168 3720 1297 3777; x_wconf 83' lang='lat' dir='ltr'>coenobio</span> <span class='ocrx_word' id='word_1_518' title='bbox 1311 3736 1377 3776; x_wconf 90' lang='lat' dir='ltr'>cum</span> <span class='ocrx_word' id='word_1_519' title='bbox 1389 3723 1469 3776; x_wconf 87' lang='lat' dir='ltr'>terra</span> <span class='ocrx_word' id='word_1_520' title='bbox 1489 3719 1648 3793; x_wconf 83' lang='lat' dir='ltr'>presbyteri</span> <span class='ocrx_word' id='word_1_521' title='bbox 1667 3721 1740 3777; x_wconf 81' lang='lat' dir='ltr'>hde-</span> 
     </span>
     <span class='ocr_line' id='line_1_39' title="bbox 58 3813 1741 3889; baseline 0 -19"><span class='ocrx_word' id='word_1_522' title='bbox 58 3816 109 3870; x_wconf 85' lang='lat' dir='ltr'>hne</span> <span class='ocrx_word' id='word_1_523' title='bbox 128 3832 182 3870; x_wconf 89' lang='lat' dir='ltr'>suo</span> <span class='ocrx_word' id='word_1_524' title='bbox 203 3815 385 3884; x_wconf 88' lang='lat' dir='ltr'>concederet,</span> <span class='ocrx_word' id='word_1_525' title='bbox 406 3832 457 3871; x_wconf 88' lang='lat' dir='ltr'>nec</span> <span class='ocrx_word' id='word_1_526' title='bbox 479 3816 582 3888; x_wconf 89' lang='lat' dir='ltr'>aliquis</span> <span class='ocrx_word' id='word_1_527' title='bbox 604 3831 705 3871; x_wconf 85' lang='lat' dir='ltr'>eorum</span> <span class='ocrx_word' id='word_1_528' title='bbox 732 3815 874 3870; x_wconf 91' lang='lat' dir='ltr'>decimam</span> <span class='ocrx_word' id='word_1_529' title='bbox 925 3815 1067 3889; x_wconf 88' lang='lat' dir='ltr'>lelmiqne,</span> <span class='ocrx_word' id='word_1_530' title='bbox 1081 3820 1110 3871; x_wconf 85' lang='lat' dir='ltr'>et</span> <span class='ocrx_word' id='word_1_531' title='bbox 1124 3813 1345 3870; x_wconf 88' lang='lat' dir='ltr'>decimationem</span> <span class='ocrx_word' id='word_1_532' title='bbox 1361 3813 1447 3870; x_wconf 90' lang='lat' dir='ltr'>totius</span> <span class='ocrx_word' id='word_1_533' title='bbox 1462 3813 1540 3869; x_wconf 78' lang='lat' dir='ltr'>silere</span> <span class='ocrx_word' id='word_1_534' title='bbox 1555 3813 1592 3869; x_wconf 91' lang='lat' dir='ltr'>ad</span> <span class='ocrx_word' id='word_1_535' title='bbox 1607 3813 1741 3871; x_wconf 83' lang='lat' dir='ltr'>eamdem</span> 
     </span>
     <span class='ocr_line' id='line_1_40' title="bbox 57 3907 1741 3981; baseline -0.001 -18"><span class='ocrx_word' id='word_1_536' title='bbox 57 3910 96 3963; x_wconf 81' lang='lat' dir='ltr'>rel</span> <span class='ocrx_word' id='word_1_537' title='bbox 110 3908 277 3973; x_wconf 84' lang='lat' dir='ltr'>ecelesiam,</span> <span class='ocrx_word' id='word_1_538' title='bbox 290 3908 334 3964; x_wconf 86' lang='lat' dir='ltr'>vel</span> <span class='ocrx_word' id='word_1_539' title='bbox 349 3908 425 3964; x_wconf 88' lang='lat' dir='ltr'>eliud</span> <span class='ocrx_word' id='word_1_540' title='bbox 439 3909 579 3981; x_wconf 85' lang='lat' dir='ltr'>quidlibet</span> <span class='ocrx_word' id='word_1_541' title='bbox 594 3908 631 3963; x_wconf 89' lang='lat' dir='ltr'>ad</span> <span class='ocrx_word' id='word_1_542' title='bbox 646 3908 794 3964; x_wconf 87' lang='lat' dir='ltr'>ecelesiam</span> <span class='ocrx_word' id='word_1_543' title='bbox 808 3923 873 3980; x_wconf 91' lang='lat' dir='ltr'>per·</span> <span class='ocrx_word' id='word_1_544' title='bbox 925 3909 1020 3965; x_wconf 87' lang='lat' dir='ltr'>villam</span> <span class='ocrx_word' id='word_1_545' title='bbox 1035 3907 1217 3981; x_wconf 86' lang='lat' dir='ltr'>pertinentis,</span> <span class='ocrx_word' id='word_1_546' title='bbox 1229 3911 1289 3964; x_wconf 88' lang='lat' dir='ltr'>tem</span> <span class='ocrx_word' id='word_1_547' title='bbox 1302 3907 1338 3963; x_wconf 91' lang='lat' dir='ltr'>de</span> <span class='ocrx_word' id='word_1_548' title='bbox 1347 3908 1446 3963; x_wconf 89' lang='lat' dir='ltr'>suibus</span> <span class='ocrx_word' id='word_1_549' title='bbox 1456 3923 1544 3979; x_wconf 90' lang='lat' dir='ltr'>quam</span> <span class='ocrx_word' id='word_1_550' title='bbox 1555 3907 1591 3962; x_wconf 89' lang='lat' dir='ltr'>de</span> <span class='ocrx_word' id='word_1_551' title='bbox 1604 3907 1741 3975; x_wconf 87' lang='lat' dir='ltr'>nummis,</span> 
     </span>
     <span class='ocr_line' id='line_1_41' title="bbox 57 3999 1744 4075; baseline 0 -19"><span class='ocrx_word' id='word_1_552' title='bbox 57 4003 151 4057; x_wconf 82' lang='lat' dir='ltr'>Uncus</span> <span class='ocrx_word' id='word_1_553' title='bbox 162 4000 270 4057; x_wconf 89' lang='lat' dir='ltr'>alicubi</span> <span class='ocrx_word' id='word_1_554' title='bbox 286 3999 376 4069; x_wconf 87' lang='lat' dir='ltr'>daret,</span> <span class='ocrx_word' id='word_1_555' title='bbox 393 4018 444 4058; x_wconf 89' lang='lat' dir='ltr'>nec</span> <span class='ocrx_word' id='word_1_556' title='bbox 459 4002 544 4058; x_wconf 90' lang='lat' dir='ltr'>etiam</span> <span class='ocrx_word' id='word_1_557' title='bbox 564 4002 707 4069; x_wconf 83' lang='lat' dir='ltr'>venderet,</span> <span class='ocrx_word' id='word_1_558' title='bbox 724 4000 776 4056; x_wconf 91' lang='lat' dir='ltr'>nisi</span> <span class='ocrx_word' id='word_1_559' title='bbox 796 4001 875 4072; x_wconf 90' lang='lat' dir='ltr'>prius</span> <span class='ocrx_word' id='word_1_560' title='bbox 924 4002 1072 4075; x_wconf 86' lang='lat' dir='ltr'>ipsamque</span> <span class='ocrx_word' id='word_1_561' title='bbox 1094 4001 1195 4058; x_wconf 86' lang='lat' dir='ltr'>silvam</span> <span class='ocrx_word' id='word_1_562' title='bbox 1217 4000 1253 4057; x_wconf 91' lang='lat' dir='ltr'>ad</span> <span class='ocrx_word' id='word_1_563' title='bbox 1274 4000 1372 4056; x_wconf 86' lang='lat' dir='ltr'>omnia</span> <span class='ocrx_word' id='word_1_564' title='bbox 1392 3999 1568 4070; x_wconf 87' lang='lat' dir='ltr'>necessaria;</span> <span class='ocrx_word' id='word_1_565' title='bbox 1584 4000 1701 4073; x_wconf 89' lang='lat' dir='ltr'>insuper</span> <span class='ocrx_word' id='word_1_566' title='bbox 1713 4005 1744 4056; x_wconf 90' lang='lat' dir='ltr'>et</span> 
     </span>
     <span class='ocr_line' id='line_1_42' title="bbox 57 4093 1741 4167; baseline -0.001 -18"><span class='ocrx_word' id='word_1_567' title='bbox 57 4094 235 4150; x_wconf 73' lang='lat' dir='ltr'>Uticensibus</span> <span class='ocrx_word' id='word_1_568' title='bbox 249 4094 286 4150; x_wconf 88' lang='lat' dir='ltr'>ad</span> <span class='ocrx_word' id='word_1_569' title='bbox 304 4093 459 4149; x_wconf 89' lang='lat' dir='ltr'>emendum</span> <span class='ocrx_word' id='word_1_570' title='bbox 472 4094 596 4150; x_wconf 79' lang='lat' dir='ltr'>otierret.</span> <span class='ocrx_word' id='word_1_571' title='bbox 612 4096 667 4150; x_wconf 83' lang='lat' dir='ltr'>Hoc</span> <span class='ocrx_word' id='word_1_572' title='bbox 679 4094 799 4150; x_wconf 91' lang='lat' dir='ltr'>libenter</span> <span class='ocrx_word' id='word_1_573' title='bbox 811 4109 875 4148; x_wconf 87' lang='lat' dir='ltr'>eon·</span> <span class='ocrx_word' id='word_1_574' title='bbox 926 4096 1095 4151; x_wconf 88' lang='lat' dir='ltr'>monasteria</span> <span class='ocrx_word' id='word_1_575' title='bbox 1108 4095 1217 4164; x_wconf 89' lang='lat' dir='ltr'>omnia,</span> <span class='ocrx_word' id='word_1_576' title='bbox 1232 4110 1296 4167; x_wconf 75' lang='lat' dir='ltr'>qua</span> <span class='ocrx_word' id='word_1_577' title='bbox 1313 4099 1382 4150; x_wconf 92' lang='lat' dir='ltr'>tunc</span> <span class='ocrx_word' id='word_1_578' title='bbox 1395 4093 1426 4150; x_wconf 93' lang='lat' dir='ltr'>in</span> <span class='ocrx_word' id='word_1_579' title='bbox 1441 4093 1572 4150; x_wconf 90' lang='lat' dir='ltr'>dominio</span> <span class='ocrx_word' id='word_1_580' title='bbox 1586 4109 1637 4149; x_wconf 89' lang='lat' dir='ltr'>suo</span> <span class='ocrx_word' id='word_1_581' title='bbox 1651 4093 1741 4150; x_wconf 86' lang='lat' dir='ltr'>hahe-</span> 
     </span>
     <span class='ocr_line' id='line_1_43' title="bbox 55 4186 1743 4261; baseline 0.001 -19"><span class='ocrx_word' id='word_1_582' title='bbox 55 4188 244 4243; x_wconf 82' lang='lat' dir='ltr'>llrmarerunt</span> <span class='ocrx_word' id='word_1_583' title='bbox 260 4186 410 4243; x_wconf 82' lang='lat' dir='ltr'>Fulcoinus</span> <span class='ocrx_word' id='word_1_584' title='bbox 423 4187 571 4260; x_wconf 81' lang='lat' dir='ltr'>presbyter</span> <span class='ocrx_word' id='word_1_585' title='bbox 584 4195 613 4243; x_wconf 89' lang='lat' dir='ltr'>et</span> <span class='ocrx_word' id='word_1_586' title='bbox 628 4187 791 4245; x_wconf 82' lang='lat' dir='ltr'>osmundus</span> <span class='ocrx_word' id='word_1_587' title='bbox 807 4187 873 4241; x_wconf 78' lang='lat' dir='ltr'>Bas·</span> <span class='ocrx_word' id='word_1_588' title='bbox 924 4188 986 4256; x_wconf 87' lang='lat' dir='ltr'>bat;</span> <span class='ocrx_word' id='word_1_589' title='bbox 999 4204 1121 4261; x_wconf 92' lang='lat' dir='ltr'>quorum</span> <span class='ocrx_word' id='word_1_590' title='bbox 1140 4205 1230 4244; x_wconf 91' lang='lat' dir='ltr'>unum</span> <span class='ocrx_word' id='word_1_591' title='bbox 1251 4188 1280 4243; x_wconf 94' lang='lat' dir='ltr'>in</span> <span class='ocrx_word' id='word_1_592' title='bbox 1298 4188 1408 4243; x_wconf 90' lang='lat' dir='ltr'>bonore</span> <span class='ocrx_word' id='word_1_593' title='bbox 1429 4187 1517 4244; x_wconf 88' lang='lat' dir='ltr'>sancti</span> <span class='ocrx_word' id='word_1_594' title='bbox 1537 4186 1652 4260; x_wconf 85' lang='lat' dir='ltr'>Georgii</span> <span class='ocrx_word' id='word_1_595' title='bbox 1673 4203 1743 4243; x_wconf 93' lang='lat' dir='ltr'>con·</span> 
     </span>
     <span class='ocr_line' id='line_1_44' title="bbox 56 4279 1741 4354; baseline -0.001 -18"><span class='ocrx_word' id='word_1_596' title='bbox 56 4281 128 4348; x_wconf 87' lang='lat' dir='ltr'>setb,</span> <span class='ocrx_word' id='word_1_597' title='bbox 147 4279 286 4353; x_wconf 83' lang='lat' dir='ltr'>hupetius</span> <span class='ocrx_word' id='word_1_598' title='bbox 304 4286 333 4335; x_wconf 90' lang='lat' dir='ltr'>et</span> <span class='ocrx_word' id='word_1_599' title='bbox 353 4280 436 4336; x_wconf 84' lang='lat' dir='ltr'>Fulco</span> <span class='ocrx_word' id='word_1_600' title='bbox 456 4279 506 4335; x_wconf 87' lang='lat' dir='ltr'>lilii</span> <span class='ocrx_word' id='word_1_601' title='bbox 525 4280 717 4348; x_wconf 79' lang='lat' dir='ltr'>Fredelendis,</span> <span class='ocrx_word' id='word_1_602' title='bbox 736 4280 797 4336; x_wconf 87' lang='lat' dir='ltr'>Ode</span> <span class='ocrx_word' id='word_1_603' title='bbox 817 4281 874 4335; x_wconf 85' lang='lat' dir='ltr'>itu-</span> <span class='ocrx_word' id='word_1_604' title='bbox 925 4284 1062 4337; x_wconf 91' lang='lat' dir='ltr'>structum</span> <span class='ocrx_word' id='word_1_605' title='bbox 1085 4286 1126 4336; x_wconf 86' lang='lat' dir='ltr'>est</span> <span class='ocrx_word' id='word_1_606' title='bbox 1149 4281 1178 4336; x_wconf 88' lang='lat' dir='ltr'>in</span> <span class='ocrx_word' id='word_1_607' title='bbox 1204 4281 1270 4337; x_wconf 79' lang='lat' dir='ltr'>villa</span> <span class='ocrx_word' id='word_1_608' title='bbox 1294 4298 1359 4354; x_wconf 83' lang='lat' dir='ltr'>quae</span> <span class='ocrx_word' id='word_1_609' title='bbox 1381 4280 1595 4336; x_wconf 88' lang='lat' dir='ltr'>blonasteriolus</span> <span class='ocrx_word' id='word_1_610' title='bbox 1619 4280 1741 4346; x_wconf 82' lang='lat' dir='ltr'>dicitnr3</span> 
     </span>
     <span class='ocr_line' id='line_1_45' title="bbox 56 4372 1742 4445; baseline -0.001 -17"><span class='ocrx_word' id='word_1_611' title='bbox 56 4374 140 4430; x_wconf 81' lang='lat' dir='ltr'>lueet</span> <span class='ocrx_word' id='word_1_612' title='bbox 155 4373 317 4429; x_wconf 84' lang='lat' dir='ltr'>iticbardus</span> <span class='ocrx_word' id='word_1_613' title='bbox 335 4373 410 4429; x_wconf 87' lang='lat' dir='ltr'>filius</span> <span class='ocrx_word' id='word_1_614' title='bbox 427 4374 562 4443; x_wconf 87' lang='lat' dir='ltr'>Gniberti,</span> <span class='ocrx_word' id='word_1_615' title='bbox 577 4374 735 4430; x_wconf 81' lang='lat' dir='ltr'>liodbertus</span> <span class='ocrx_word' id='word_1_616' title='bbox 751 4372 873 4445; x_wconf 82' lang='lat' dir='ltr'>deTorp</span> <span class='ocrx_word' id='word_1_617' title='bbox 925 4374 983 4430; x_wconf 81' lang='lat' dir='ltr'>diro</span> <span class='ocrx_word' id='word_1_618' title='bbox 1001 4374 1154 4443; x_wconf 76' lang='lat' dir='ltr'>vernuciis,</span> <span class='ocrx_word' id='word_1_619' title='bbox 1175 4390 1264 4430; x_wconf 89' lang='lat' dir='ltr'>unum</span> <span class='ocrx_word' id='word_1_620' title='bbox 1277 4374 1310 4431; x_wconf 90' lang='lat' dir='ltr'>in</span> <span class='ocrx_word' id='word_1_621' title='bbox 1325 4375 1432 4430; x_wconf 87' lang='lat' dir='ltr'>honore</span> <span class='ocrx_word' id='word_1_622' title='bbox 1453 4378 1557 4430; x_wconf 74' lang='lat' dir='ltr'>sancte</span> <span class='ocrx_word' id='word_1_623' title='bbox 1575 4372 1678 4443; x_wconf 72' lang='lat' dir='ltr'>itariae,</span> <span class='ocrx_word' id='word_1_624' title='bbox 1699 4374 1742 4427; x_wconf 90' lang='lat' dir='ltr'>el·</span> 
     </span>
     <span class='ocr_line' id='line_1_46' title="bbox 56 4462 1742 4549; baseline 0 -28"><span class='ocrx_word' id='word_1_625' title='bbox 56 4470 84 4521; x_wconf 90' lang='lat' dir='ltr'>et</span> <span class='ocrx_word' id='word_1_626' title='bbox 95 4467 218 4523; x_wconf 81' lang='lat' dir='ltr'>Gerulus</span> <span class='ocrx_word' id='word_1_627' title='bbox 232 4467 268 4522; x_wconf 89' lang='lat' dir='ltr'>de</span> <span class='ocrx_word' id='word_1_628' title='bbox 281 4462 375 4539; x_wconf 85' lang='lat' dir='ltr'>Legis,</span> <span class='ocrx_word' id='word_1_629' title='bbox 389 4474 417 4523; x_wconf 91' lang='lat' dir='ltr'>et</span> <span class='ocrx_word' id='word_1_630' title='bbox 432 4468 480 4523; x_wconf 88' lang='lat' dir='ltr'>alii</span> <span class='ocrx_word' id='word_1_631' title='bbox 493 4469 613 4523; x_wconf 89' lang='lat' dir='ltr'>barones</span> <span class='ocrx_word' id='word_1_632' title='bbox 626 4483 737 4523; x_wconf 89' lang='lat' dir='ltr'>eornm.</span> <span class='ocrx_word' id='word_1_633' title='bbox 753 4468 831 4522; x_wconf 85' lang='lat' dir='ltr'>Tunc</span> <span class='ocrx_word' id='word_1_634' title='bbox 846 4471 1019 4549; x_wconf 80' lang='lat' dir='ltr'>etDternm</span> <span class='ocrx_word' id='word_1_635' title='bbox 1035 4467 1064 4522; x_wconf 92' lang='lat' dir='ltr'>in</span> <span class='ocrx_word' id='word_1_636' title='bbox 1079 4468 1186 4524; x_wconf 91' lang='lat' dir='ltr'>bonore</span> <span class='ocrx_word' id='word_1_637' title='bbox 1199 4467 1287 4523; x_wconf 88' lang='lat' dir='ltr'>sancti</span> <span class='ocrx_word' id='word_1_638' title='bbox 1301 4467 1395 4536; x_wconf 86' lang='lat' dir='ltr'>Pauli;</span> <span class='ocrx_word' id='word_1_639' title='bbox 1409 4467 1440 4522; x_wconf 92' lang='lat' dir='ltr'>in</span> <span class='ocrx_word' id='word_1_640' title='bbox 1455 4467 1549 4538; x_wconf 87' lang='lat' dir='ltr'>Seppo</span> <span class='ocrx_word' id='word_1_641' title='bbox 1568 4465 1637 4534; x_wconf 92' lang='lat' dir='ltr'>duo,</span> <span class='ocrx_word' id='word_1_642' title='bbox 1651 4479 1742 4521; x_wconf 90' lang='lat' dir='ltr'>unum</span> 
     </span>
     <span class='ocr_line' id='line_1_47' title="bbox 57 4559 1743 4633; baseline -0.002 -18"><span class='ocrx_word' id='word_1_643' title='bbox 57 4561 168 4632; x_wconf 78' lang='lat' dir='ltr'>praetati</span> <span class='ocrx_word' id='word_1_644' title='bbox 184 4560 353 4617; x_wconf 88' lang='lat' dir='ltr'>monasterii</span> <span class='ocrx_word' id='word_1_645' title='bbox 367 4565 572 4618; x_wconf 88' lang='lat' dir='ltr'>constructores</span> <span class='ocrx_word' id='word_1_646' title='bbox 585 4560 800 4633; x_wconf 89' lang='lat' dir='ltr'>possessionum</span> <span class='ocrx_word' id='word_1_647' title='bbox 814 4576 875 4615; x_wconf 86' lang='lat' dir='ltr'>suc·</span> <span class='ocrx_word' id='word_1_648' title='bbox 927 4562 956 4616; x_wconf 90' lang='lat' dir='ltr'>in</span> <span class='ocrx_word' id='word_1_649' title='bbox 976 4561 1084 4618; x_wconf 90' lang='lat' dir='ltr'>honore</span> <span class='ocrx_word' id='word_1_650' title='bbox 1106 4559 1197 4615; x_wconf 86' lang='lat' dir='ltr'>sancti</span> <span class='ocrx_word' id='word_1_651' title='bbox 1218 4561 1312 4628; x_wconf 82' lang='lat' dir='ltr'>Petri,</span> <span class='ocrx_word' id='word_1_652' title='bbox 1332 4561 1453 4615; x_wconf 88' lang='lat' dir='ltr'>alterum</span> <span class='ocrx_word' id='word_1_653' title='bbox 1474 4559 1503 4614; x_wconf 91' lang='lat' dir='ltr'>in</span> <span class='ocrx_word' id='word_1_654' title='bbox 1522 4559 1632 4614; x_wconf 89' lang='lat' dir='ltr'>honore</span> <span class='ocrx_word' id='word_1_655' title='bbox 1653 4559 1743 4613; x_wconf 90' lang='lat' dir='ltr'>sancti</span> 
     </span>
     <span class='ocr_line' id='line_1_48' title="bbox 58 4650 1743 4727; baseline -0.002 -18"><span class='ocrx_word' id='word_1_656' title='bbox 58 4671 120 4711; x_wconf 85' lang='lat' dir='ltr'>nrm</span> <span class='ocrx_word' id='word_1_657' title='bbox 134 4655 330 4727; x_wconf 88' lang='lat' dir='ltr'>quantitatem</span> <span class='ocrx_word' id='word_1_658' title='bbox 345 4657 591 4726; x_wconf 84' lang='lat' dir='ltr'>computaverunt,</span> <span class='ocrx_word' id='word_1_659' title='bbox 609 4658 636 4709; x_wconf 87' lang='lat' dir='ltr'>et</span> <span class='ocrx_word' id='word_1_660' title='bbox 649 4654 757 4709; x_wconf 89' lang='lat' dir='ltr'>bonam</span> <span class='ocrx_word' id='word_1_661' title='bbox 773 4653 875 4725; x_wconf 92' lang='lat' dir='ltr'>portio·</span> <span class='ocrx_word' id='word_1_662' title='bbox 926 4653 1048 4710; x_wconf 79' lang='lat' dir='ltr'>Martini.</span> <span class='ocrx_word' id='word_1_663' title='bbox 1070 4655 1135 4709; x_wconf 84' lang='lat' dir='ltr'>llaec</span> <span class='ocrx_word' id='word_1_664' title='bbox 1157 4653 1255 4709; x_wconf 88' lang='lat' dir='ltr'>omnia</span> <span class='ocrx_word' id='word_1_665' title='bbox 1276 4652 1396 4723; x_wconf 91' lang='lat' dir='ltr'>largitus</span> <span class='ocrx_word' id='word_1_666' title='bbox 1418 4655 1460 4707; x_wconf 89' lang='lat' dir='ltr'>est</span> <span class='ocrx_word' id='word_1_667' title='bbox 1482 4667 1547 4707; x_wconf 90' lang='lat' dir='ltr'>cum</span> <span class='ocrx_word' id='word_1_668' title='bbox 1572 4650 1688 4706; x_wconf 89' lang='lat' dir='ltr'>decimis</span> <span class='ocrx_word' id='word_1_669' title='bbox 1714 4652 1743 4705; x_wconf 89' lang='lat' dir='ltr'>ct</span> 
     </span>
     <span class='ocr_line' id='line_1_49' title="bbox 56 4743 1742 4820; baseline -0.003 -16"><span class='ocrx_word' id='word_1_670' title='bbox 56 4764 122 4804; x_wconf 88' lang='lat' dir='ltr'>nem</span> <span class='ocrx_word' id='word_1_671' title='bbox 138 4764 191 4820; x_wconf 86' lang='lat' dir='ltr'>pru</span> <span class='ocrx_word' id='word_1_672' title='bbox 210 4747 395 4819; x_wconf 88' lang='lat' dir='ltr'>possibilitate</span> <span class='ocrx_word' id='word_1_673' title='bbox 414 4765 463 4803; x_wconf 89' lang='lat' dir='ltr'>sna</span> <span class='ocrx_word' id='word_1_674' title='bbox 481 4748 617 4816; x_wconf 76' lang='lat' dir='ltr'>ecclesie,</span> <span class='ocrx_word' id='word_1_675' title='bbox 634 4763 698 4820; x_wconf 84' lang='lat' dir='ltr'>qure</span> <span class='ocrx_word' id='word_1_676' title='bbox 719 4747 873 4802; x_wconf 88' lang='lat' dir='ltr'>inchoaba-</span> <span class='ocrx_word' id='word_1_677' title='bbox 925 4747 1009 4805; x_wconf 89' lang='lat' dir='ltr'>terris</span> <span class='ocrx_word' id='word_1_678' title='bbox 1026 4747 1061 4804; x_wconf 93' lang='lat' dir='ltr'>ad</span> <span class='ocrx_word' id='word_1_679' title='bbox 1076 4747 1137 4820; x_wconf 81' lang='lat' dir='ltr'>ipse</span> <span class='ocrx_word' id='word_1_680' title='bbox 1152 4745 1373 4820; x_wconf 83' lang='lat' dir='ltr'>pertinentibus3</span> <span class='ocrx_word' id='word_1_681' title='bbox 1388 4745 1423 4801; x_wconf 87' lang='lat' dir='ltr'>ad</span> <span class='ocrx_word' id='word_1_682' title='bbox 1443 4744 1505 4801; x_wconf 85' lang='lat' dir='ltr'>hacc</span> <span class='ocrx_word' id='word_1_683' title='bbox 1525 4743 1648 4800; x_wconf 90' lang='lat' dir='ltr'>decimas</span> <span class='ocrx_word' id='word_1_684' title='bbox 1670 4745 1742 4800; x_wconf 91' lang='lat' dir='ltr'>telo·</span> 
     </span>
     <span class='ocr_line' id='line_1_50' title="bbox 57 4837 1742 4913; baseline -0.004 -15"><span class='ocrx_word' id='word_1_685' title='bbox 57 4848 112 4907; x_wconf 90' lang='lat' dir='ltr'>tur,</span> <span class='ocrx_word' id='word_1_686' title='bbox 126 4841 284 4897; x_wconf 87' lang='lat' dir='ltr'>dederunt.</span> <span class='ocrx_word' id='word_1_687' title='bbox 928 4858 1057 4909; x_wconf 88' lang='lat' dir='ltr'>neorum,</span> <span class='ocrx_word' id='word_1_688' title='bbox 1085 4857 1245 4913; x_wconf 87' lang='lat' dir='ltr'>omnesque</span> <span class='ocrx_word' id='word_1_689' title='bbox 1273 4837 1493 4895; x_wconf 84' lang='lat' dir='ltr'>consuetudines</span> <span class='ocrx_word' id='word_1_690' title='bbox 1519 4842 1577 4894; x_wconf 85' lang='lat' dir='ltr'>tam</span> <span class='ocrx_word' id='word_1_691' title='bbox 1605 4837 1742 4893; x_wconf 87' lang='lat' dir='ltr'>silvarum</span> 
     </span>
     <span class='ocr_line' id='line_1_51' title="bbox 87 4930 1743 5008; baseline -0.004 -17"><span class='ocrx_word' id='word_1_692' title='bbox 87 4935 283 4991; x_wconf 86' lang='lat' dir='ltr'>Possessiones</span> <span class='ocrx_word' id='word_1_693' title='bbox 300 4934 405 5007; x_wconf 89' lang='lat' dir='ltr'>itaque,</span> <span class='ocrx_word' id='word_1_694' title='bbox 427 4951 496 5007; x_wconf 85' lang='lat' dir='ltr'>ques</span> <span class='ocrx_word' id='word_1_695' title='bbox 520 4933 677 4990; x_wconf 77' lang='lat' dir='ltr'>{tedbertus</span> <span class='ocrx_word' id='word_1_696' title='bbox 697 4939 725 4989; x_wconf 90' lang='lat' dir='ltr'>et</span> <span class='ocrx_word' id='word_1_697' title='bbox 745 4936 826 5005; x_wconf 84' lang='lat' dir='ltr'>lingo</span> <span class='ocrx_word' id='word_1_698' title='bbox 848 4938 875 4990; x_wconf 88' lang='lat' dir='ltr'>et</span> <span class='ocrx_word' id='word_1_699' title='bbox 926 4952 1013 5008; x_wconf 89' lang='lat' dir='ltr'>quam</span> <span class='ocrx_word' id='word_1_700' title='bbox 1032 4935 1151 4991; x_wconf 88' lang='lat' dir='ltr'>aliarum</span> <span class='ocrx_word' id='word_1_701' title='bbox 1169 4950 1277 5001; x_wconf 88' lang='lat' dir='ltr'>rerum,</span> <span class='ocrx_word' id='word_1_702' title='bbox 1291 4949 1356 5005; x_wconf 81' lang='lat' dir='ltr'>qum</span> <span class='ocrx_word' id='word_1_703' title='bbox 1375 4935 1442 4988; x_wconf 90' lang='lat' dir='ltr'>tunc</span> <span class='ocrx_word' id='word_1_704' title='bbox 1461 4931 1642 4987; x_wconf 89' lang='lat' dir='ltr'>debebantur</span> <span class='ocrx_word' id='word_1_705' title='bbox 1657 4930 1697 4986; x_wconf 91' lang='lat' dir='ltr'>illi</span> <span class='ocrx_word' id='word_1_706' title='bbox 1713 4930 1743 4986; x_wconf 95' lang='lat' dir='ltr'>in</span> 
     </span>
     <span class='ocr_line' id='line_1_52' title="bbox 57 5025 1587 5099; baseline -0.003 -15"><span class='ocrx_word' id='word_1_707' title='bbox 57 5028 202 5085; x_wconf 78' lang='lat' dir='ltr'>Ernaldus</span> <span class='ocrx_word' id='word_1_708' title='bbox 218 5028 267 5083; x_wconf 90' lang='lat' dir='ltr'>lllii</span> <span class='ocrx_word' id='word_1_709' title='bbox 287 5027 421 5084; x_wconf 81' lang='lat' dir='ltr'>liodberti</span> <span class='ocrx_word' id='word_1_710' title='bbox 441 5027 476 5083; x_wconf 92' lang='lat' dir='ltr'>de</span> <span class='ocrx_word' id='word_1_711' title='bbox 495 5027 742 5085; x_wconf 87' lang='lat' dir='ltr'>Grentemaisnilio</span> <span class='ocrx_word' id='word_1_712' title='bbox 763 5044 815 5099; x_wconf 88' lang='lat' dir='ltr'>pro</span> <span class='ocrx_word' id='word_1_713' title='bbox 830 5045 872 5082; x_wconf 90' lang='lat' dir='ltr'>sa-</span> <span class='ocrx_word' id='word_1_714' title='bbox 927 5029 1034 5085; x_wconf 80' lang='lat' dir='ltr'>Escalfo</span> <span class='ocrx_word' id='word_1_715' title='bbox 1047 5035 1075 5084; x_wconf 91' lang='lat' dir='ltr'>et</span> <span class='ocrx_word' id='word_1_716' title='bbox 1088 5029 1117 5084; x_wconf 90' lang='lat' dir='ltr'>in</span> <span class='ocrx_word' id='word_1_717' title='bbox 1132 5027 1327 5085; x_wconf 86' lang='lat' dir='ltr'>lionasteriolo</span> <span class='ocrx_word' id='word_1_718' title='bbox 1341 5030 1425 5099; x_wconf 88' lang='lat' dir='ltr'>atque</span> <span class='ocrx_word' id='word_1_719' title='bbox 1440 5025 1469 5080; x_wconf 91' lang='lat' dir='ltr'>in</span> <span class='ocrx_word' id='word_1_720' title='bbox 1484 5025 1587 5097; x_wconf 89' lang='lat' dir='ltr'>Seppo.</span> 
     </span>
     <span class='ocr_line' id='line_1_53' title="bbox 55 5118 1742 5194; baseline -0.002 -17"><span class='ocrx_word' id='word_1_721' title='bbox 55 5123 113 5178; x_wconf 86' lang='lat' dir='ltr'>tute</span> <span class='ocrx_word' id='word_1_722' title='bbox 135 5138 189 5176; x_wconf 90' lang='lat' dir='ltr'>sua</span> <span class='ocrx_word' id='word_1_723' title='bbox 209 5122 333 5177; x_wconf 89' lang='lat' dir='ltr'>Uticensi</span> <span class='ocrx_word' id='word_1_724' title='bbox 355 5121 479 5177; x_wconf 78' lang='lat' dir='ltr'>ecclesiae</span> <span class='ocrx_word' id='word_1_725' title='bbox 504 5121 694 5187; x_wconf 89' lang='lat' dir='ltr'>tradiderunt,</span> <span class='ocrx_word' id='word_1_726' title='bbox 715 5121 758 5176; x_wconf 83' lang='lat' dir='ltr'>hae</span> <span class='ocrx_word' id='word_1_727' title='bbox 778 5125 846 5177; x_wconf 88' lang='lat' dir='ltr'>sunt</span> <span class='ocrx_word' id='word_1_728' title='bbox 866 5138 872 5174; x_wconf 90' lang='lat'>:</span> <span class='ocrx_word' id='word_1_729' title='bbox 963 5122 1052 5194; x_wconf 87' lang='lat' dir='ltr'>igitur</span> <span class='ocrx_word' id='word_1_730' title='bbox 1066 5124 1227 5194; x_wconf 87' lang='lat' dir='ltr'>postquam,</span> <span class='ocrx_word' id='word_1_731' title='bbox 1244 5120 1296 5176; x_wconf 89' lang='lat' dir='ltr'>Dei</span> <span class='ocrx_word' id='word_1_732' title='bbox 1311 5119 1435 5175; x_wconf 87' lang='lat' dir='ltr'>donante</span> <span class='ocrx_word' id='word_1_733' title='bbox 1451 5119 1555 5191; x_wconf 90' lang='lat' dir='ltr'>gratie,</span> <span class='ocrx_word' id='word_1_734' title='bbox 1572 5122 1615 5174; x_wconf 90' lang='lat' dir='ltr'>est</span> <span class='ocrx_word' id='word_1_735' title='bbox 1627 5118 1742 5174; x_wconf 86' lang='lat' dir='ltr'>ordina·</span> 
     </span>
     <span class='ocr_line' id='line_1_54' title="bbox 56 5211 1744 5289; baseline -0.002 -19"><span class='ocrx_word' id='word_1_736' title='bbox 56 5218 83 5271; x_wconf 91' lang='lat' dir='ltr'>ln</span> <span class='ocrx_word' id='word_1_737' title='bbox 105 5217 261 5283; x_wconf 72' lang='lat' dir='ltr'>Nucercto,</span> <span class='ocrx_word' id='word_1_738' title='bbox 282 5215 400 5271; x_wconf 88' lang='lat' dir='ltr'>ecclesia</span> <span class='ocrx_word' id='word_1_739' title='bbox 420 5231 484 5270; x_wconf 81' lang='lat' dir='ltr'>crem</span> <span class='ocrx_word' id='word_1_740' title='bbox 508 5215 587 5270; x_wconf 80' lang='lat' dir='ltr'>ouini</span> <span class='ocrx_word' id='word_1_741' title='bbox 611 5214 724 5270; x_wconf 89' lang='lat' dir='ltr'>decima</span> <span class='ocrx_word' id='word_1_742' title='bbox 747 5216 776 5269; x_wconf 91' lang='lat' dir='ltr'>et</span> <span class='ocrx_word' id='word_1_743' title='bbox 798 5216 876 5270; x_wconf 88' lang='lat' dir='ltr'>terra</span> <span class='ocrx_word' id='word_1_744' title='bbox 927 5220 973 5272; x_wconf 91' lang='lat' dir='ltr'>tus</span> <span class='ocrx_word' id='word_1_745' title='bbox 991 5214 1119 5289; x_wconf 78' lang='lat' dir='ltr'>praedicti</span> <span class='ocrx_word' id='word_1_746' title='bbox 1138 5213 1257 5270; x_wconf 76' lang='lat' dir='ltr'>cenobii</span> <span class='ocrx_word' id='word_1_747' title='bbox 1279 5211 1363 5267; x_wconf 85' lang='lat' dir='ltr'>abbas</span> <span class='ocrx_word' id='word_1_748' title='bbox 1383 5211 1585 5281; x_wconf 86' lang='lat' dir='ltr'>Theodericus,</span> <span class='ocrx_word' id='word_1_749' title='bbox 1600 5211 1669 5267; x_wconf 90' lang='lat' dir='ltr'>emit</span> <span class='ocrx_word' id='word_1_750' title='bbox 1683 5211 1744 5284; x_wconf 90' lang='lat' dir='ltr'>ipse</span> 
     </span>
     <span class='ocr_line' id='line_1_55' title="bbox 57 5305 1744 5381; baseline -0.004 -15"><span class='ocrx_word' id='word_1_751' title='bbox 57 5309 218 5381; x_wconf 76' lang='lat' dir='ltr'>presbyteri</span> <span class='ocrx_word' id='word_1_752' title='bbox 236 5324 302 5364; x_wconf 82' lang='lat' dir='ltr'>cunr</span> <span class='ocrx_word' id='word_1_753' title='bbox 320 5308 419 5363; x_wconf 90' lang='lat' dir='ltr'>arabili</span> <span class='ocrx_word' id='word_1_754' title='bbox 439 5312 515 5365; x_wconf 87' lang='lat' dir='ltr'>terra</span> <span class='ocrx_word' id='word_1_755' title='bbox 534 5309 620 5365; x_wconf 88' lang='lat' dir='ltr'>trium</span> <span class='ocrx_word' id='word_1_756' title='bbox 640 5323 830 5376; x_wconf 85' lang='lat' dir='ltr'>carnrcemm,</span> <span class='ocrx_word' id='word_1_757' title='bbox 847 5311 876 5363; x_wconf 86' lang='lat' dir='ltr'>et</span> <span class='ocrx_word' id='word_1_758' title='bbox 927 5309 963 5366; x_wconf 91' lang='lat' dir='ltr'>ab</span> <span class='ocrx_word' id='word_1_759' title='bbox 987 5309 1110 5365; x_wconf 89' lang='lat' dir='ltr'>Ernaldo</span> <span class='ocrx_word' id='word_1_760' title='bbox 1137 5307 1249 5380; x_wconf 76' lang='lat' dir='ltr'>prelati</span> <span class='ocrx_word' id='word_1_761' title='bbox 1280 5305 1414 5362; x_wconf 90' lang='lat' dir='ltr'>Willelmi</span> <span class='ocrx_word' id='word_1_762' title='bbox 1441 5305 1514 5373; x_wconf 85' lang='lat' dir='ltr'>lilio,</span> <span class='ocrx_word' id='word_1_763' title='bbox 1546 5305 1744 5372; x_wconf 89' lang='lat' dir='ltr'>consentiente</span> 
     </span>
     <span class='ocr_line' id='line_1_56' title="bbox 56 5398 1741 5476; baseline -0.001 -21"><span class='ocrx_word' id='word_1_764' title='bbox 56 5405 120 5460; x_wconf 77' lang='lat' dir='ltr'>silbe</span> <span class='ocrx_word' id='word_1_765' title='bbox 134 5419 202 5476; x_wconf 74' lang='lat' dir='ltr'>quac</span> <span class='ocrx_word' id='word_1_766' title='bbox 219 5402 323 5458; x_wconf 88' lang='lat' dir='ltr'>dicitur</span> <span class='ocrx_word' id='word_1_767' title='bbox 342 5403 540 5475; x_wconf 76' lang='lat' dir='ltr'>solengiacus3</span> <span class='ocrx_word' id='word_1_768' title='bbox 556 5401 585 5457; x_wconf 94' lang='lat' dir='ltr'>in</span> <span class='ocrx_word' id='word_1_769' title='bbox 601 5401 693 5470; x_wconf 86' lang='lat' dir='ltr'>Oillci,</span> <span class='ocrx_word' id='word_1_770' title='bbox 710 5418 776 5458; x_wconf 80' lang='lat' dir='ltr'>crim</span> <span class='ocrx_word' id='word_1_771' title='bbox 796 5401 875 5457; x_wconf 91' lang='lat' dir='ltr'>omni</span> <span class='ocrx_word' id='word_1_772' title='bbox 926 5403 1067 5460; x_wconf 86' lang='lat' dir='ltr'>Rodberto</span> <span class='ocrx_word' id='word_1_773' title='bbox 1090 5402 1229 5459; x_wconf 83' lang='lat' dir='ltr'>avuncolo</span> <span class='ocrx_word' id='word_1_774' title='bbox 1252 5416 1316 5466; x_wconf 91' lang='lat' dir='ltr'>suo,</span> <span class='ocrx_word' id='word_1_775' title='bbox 1342 5404 1371 5456; x_wconf 96' lang='lat' dir='ltr'>et</span> <span class='ocrx_word' id='word_1_776' title='bbox 1387 5399 1509 5472; x_wconf 82' lang='lat' dir='ltr'>jubente</span> <span class='ocrx_word' id='word_1_777' title='bbox 1529 5398 1670 5455; x_wconf 89' lang='lat' dir='ltr'>Willelmo</span> <span class='ocrx_word' id='word_1_778' title='bbox 1693 5414 1741 5453; x_wconf 87' lang='lat' dir='ltr'>co·</span> 
     </span>
     <span class='ocr_line' id='line_1_57' title="bbox 56 5492 1744 5579; baseline -0.005 -25"><span class='ocrx_word' id='word_1_779' title='bbox 56 5497 200 5555; x_wconf 79' lang='lat' dir='ltr'>beneflcio</span> <span class='ocrx_word' id='word_1_780' title='bbox 222 5496 300 5569; x_wconf 91' lang='lat' dir='ltr'>quod</span> <span class='ocrx_word' id='word_1_781' title='bbox 323 5496 417 5551; x_wconf 88' lang='lat' dir='ltr'>tenuit</span> <span class='ocrx_word' id='word_1_782' title='bbox 440 5497 601 5552; x_wconf 85' lang='lat' dir='ltr'>Tezcelinus</span> <span class='ocrx_word' id='word_1_783' title='bbox 628 5495 760 5563; x_wconf 90' lang='lat' dir='ltr'>clericus,</span> <span class='ocrx_word' id='word_1_784' title='bbox 788 5496 875 5552; x_wconf 88' lang='lat' dir='ltr'>etiam</span> <span class='ocrx_word' id='word_1_785' title='bbox 926 5496 1010 5564; x_wconf 88' lang='lat' dir='ltr'>mite,</span> <span class='ocrx_word' id='word_1_786' title='bbox 1024 5499 1138 5579; x_wconf 47' lang='lat' dir='ltr'>‚terrem</span> <span class='ocrx_word' id='word_1_787' title='bbox 1162 5495 1197 5550; x_wconf 89' lang='lat' dir='ltr'>dc</span> <span class='ocrx_word' id='word_1_788' title='bbox 1221 5493 1405 5567; x_wconf 79' lang='lat' dir='ltr'>balgenzaio,</span> <span class='ocrx_word' id='word_1_789' title='bbox 1430 5492 1502 5548; x_wconf 87' lang='lat' dir='ltr'>sicut</span> <span class='ocrx_word' id='word_1_790' title='bbox 1524 5507 1588 5547; x_wconf 92' lang='lat' dir='ltr'>eam</span> <span class='ocrx_word' id='word_1_791' title='bbox 1614 5495 1744 5549; x_wconf 86' lang='lat' dir='ltr'>tenuerat</span> 
     </span>
    </p>
   </div>
   <div class='ocr_carea' id='block_1_5' title="bbox 56 5586 1762 5853">
    <p class='ocr_par' dir='ltr' id='par_1_7' title="bbox 56 5586 1762 5853">
     <span class='ocr_line' id='line_1_58' title="bbox 56 5586 1741 5663; baseline -0.004 -16"><span class='ocrx_word' id='word_1_792' title='bbox 56 5593 168 5647; x_wconf 84' lang='lat' dir='ltr'>decima</span> <span class='ocrx_word' id='word_1_793' title='bbox 189 5589 423 5646; x_wconf 88' lang='lat' dir='ltr'>molendinorum</span> <span class='ocrx_word' id='word_1_794' title='bbox 442 5590 530 5663; x_wconf 88' lang='lat' dir='ltr'>ipsius</span> <span class='ocrx_word' id='word_1_795' title='bbox 549 5588 781 5663; x_wconf 79' lang='lat' dir='ltr'>viller3hnglisca</span> <span class='ocrx_word' id='word_1_796' title='bbox 801 5606 874 5662; x_wconf 92' lang='lat' dir='ltr'>quo·</span> <span class='ocrx_word' id='word_1_797' title='bbox 927 5589 1070 5646; x_wconf 77' lang='lat' dir='ltr'>baldricus</span> <span class='ocrx_word' id='word_1_798' title='bbox 1094 5589 1222 5663; x_wconf 86' lang='lat' dir='ltr'>ejusdem</span> <span class='ocrx_word' id='word_1_799' title='bbox 1244 5587 1358 5646; x_wconf 87' lang='lat' dir='ltr'>comitis</span> <span class='ocrx_word' id='word_1_800' title='bbox 1382 5586 1556 5659; x_wconf 85' lang='lat' dir='ltr'>archearius,</span> <span class='ocrx_word' id='word_1_801' title='bbox 1579 5589 1608 5642; x_wconf 90' lang='lat' dir='ltr'>et</span> <span class='ocrx_word' id='word_1_802' title='bbox 1628 5588 1741 5659; x_wconf 88' lang='lat' dir='ltr'>partem</span> 
     </span>
     <span class='ocr_line' id='line_1_59' title="bbox 56 5680 1742 5757; baseline -0.003 -16"><span class='ocrx_word' id='word_1_803' title='bbox 56 5704 110 5757; x_wconf 85' lang='lat' dir='ltr'>que</span> <span class='ocrx_word' id='word_1_804' title='bbox 125 5685 194 5740; x_wconf 78' lang='lat' dir='ltr'>villa</span> <span class='ocrx_word' id='word_1_805' title='bbox 206 5700 273 5740; x_wconf 90' lang='lat' dir='ltr'>eum</span> <span class='ocrx_word' id='word_1_806' title='bbox 289 5685 479 5749; x_wconf 87' lang='lat' dir='ltr'>monasterio;</span> <span class='ocrx_word' id='word_1_807' title='bbox 491 5684 611 5740; x_wconf 88' lang='lat' dir='ltr'>ecclesia</span> <span class='ocrx_word' id='word_1_808' title='bbox 620 5687 716 5741; x_wconf 78' lang='lat' dir='ltr'>eutmn</span> <span class='ocrx_word' id='word_1_809' title='bbox 726 5685 799 5740; x_wconf 67' lang='lat' dir='ltr'>villos</span> <span class='ocrx_word' id='word_1_810' title='bbox 811 5700 875 5756; x_wconf 83' lang='lat' dir='ltr'>qum</span> <span class='ocrx_word' id='word_1_811' title='bbox 927 5688 1011 5741; x_wconf 74' lang='lat' dir='ltr'>terrie</span> <span class='ocrx_word' id='word_1_812' title='bbox 1025 5685 1145 5756; x_wconf 83' lang='lat' dir='ltr'>Escelio,</span> <span class='ocrx_word' id='word_1_813' title='bbox 1159 5700 1223 5757; x_wconf 81' lang='lat' dir='ltr'>ane</span> <span class='ocrx_word' id='word_1_814' title='bbox 1237 5688 1281 5740; x_wconf 89' lang='lat' dir='ltr'>est</span> <span class='ocrx_word' id='word_1_815' title='bbox 1297 5682 1352 5739; x_wconf 89' lang='lat' dir='ltr'>site</span> <span class='ocrx_word' id='word_1_816' title='bbox 1367 5682 1441 5740; x_wconf 88' lang='lat' dir='ltr'>inter</span> <span class='ocrx_word' id='word_1_817' title='bbox 1457 5685 1569 5755; x_wconf 77' lang='lat' dir='ltr'>Aquam</span> <span class='ocrx_word' id='word_1_818' title='bbox 1583 5680 1698 5754; x_wconf 87' lang='lat' dir='ltr'>nigram</span> <span class='ocrx_word' id='word_1_819' title='bbox 1713 5683 1742 5736; x_wconf 89' lang='lat' dir='ltr'>et</span> 
     </span>
     <span class='ocr_line' id='line_1_60' title="bbox 57 5774 1762 5853; baseline -0.001 -22"><span class='ocrx_word' id='word_1_820' title='bbox 57 5779 171 5839; x_wconf 77' lang='lat' dir='ltr'>titteris</span> <span class='ocrx_word' id='word_1_821' title='bbox 199 5776 314 5850; x_wconf 87' lang='lat' dir='ltr'>dicitur,</span> <span class='ocrx_word' id='word_1_822' title='bbox 338 5793 404 5835; x_wconf 89' lang='lat' dir='ltr'>cum</span> <span class='ocrx_word' id='word_1_823' title='bbox 432 5794 490 5837; x_wconf 88' lang='lat' dir='ltr'>uno</span> <span class='ocrx_word' id='word_1_824' title='bbox 516 5778 643 5853; x_wconf 74' lang='lat' dir='ltr'>bospite5</span> <span class='ocrx_word' id='word_1_825' title='bbox 666 5778 696 5836; x_wconf 88' lang='lat' dir='ltr'>in</span> <span class='ocrx_word' id='word_1_826' title='bbox 719 5778 785 5839; x_wconf 82' lang='lat' dir='ltr'>villa</span> <span class='ocrx_word' id='word_1_827' title='bbox 810 5794 876 5836; x_wconf 81' lang='lat' dir='ltr'>rere</span> <span class='ocrx_word' id='word_1_828' title='bbox 926 5781 1130 5853; x_wconf 81' lang='lat' dir='ltr'>Gerontonem,</span> <span class='ocrx_word' id='word_1_829' title='bbox 1145 5779 1323 5839; x_wconf 80' lang='lat' dir='ltr'>etExartum</span> <span class='ocrx_word' id='word_1_830' title='bbox 1336 5775 1513 5849; x_wconf 59' lang='lat' dir='ltr'>hauniensi</span> <span class='ocrx_word' id='word_1_831' title='bbox 1528 5774 1681 5837; x_wconf 70' lang='lat' dir='ltr'>dedimam</span> <span class='ocrx_word' id='word_1_832' title='bbox 1692 5788 1762 5830; x_wconf 81' lang='lat' dir='ltr'>me-</span> 
     </span>
    </p>
   </div>
   <div class='ocr_carea' id='block_1_6' title="bbox 0 0 1880 6046">
    <p class='ocr_par' dir='ltr' id='par_1_8' title="bbox 0 0 1880 6046">
     <span class='ocr_line' id='line_1_61' title="bbox 0 0 1880 6046; baseline 0 0"><span class='ocrx_word' id='word_1_833' title='bbox 0 0 1880 6046; x_wconf 95' lang='lat' dir='ltr'> </span> 
     </span>
    </p>
   </div>
  </div>
 </body>
</html>
