<?xml version="1.0" encoding="UTF-8"?>
<!DOCTYPE html PUBLIC "-//W3C//DTD XHTML 1.0 Transitional//EN"
    "http://www.w3.org/TR/xhtml1/DTD/xhtml1-transitional.dtd">
<html xmlns="http://www.w3.org/1999/xhtml" xml:lang="en" lang="en">
 <head>
  <title>
</title>
<meta http-equiv="Content-Type" content="text/html;charset=utf-8" />
  <meta name='ocr-system' content='tesseract 3.04.00' />
  <meta name='ocr-capabilities' content='ocr_page ocr_carea ocr_par ocr_line ocrx_word'/>
</head>
<body>
  <div class='ocr_page' id='page_1' title='image "./patrologiaecurs67unkngoog/patrologiaecurs67unkngoog_0478.png"; bbox 0 0 3750 6046; ppageno 0'>
   <div class='ocr_carea' id='block_1_1' title="bbox 55 240 1729 316">
    <p class='ocr_par' dir='ltr' id='par_1_1' title="bbox 55 240 1729 316">
     <span class='ocr_line' id='line_1_1' title="bbox 55 240 1729 316; baseline 0.011 -19"><span class='ocrx_word' id='word_1_1' title='bbox 55 240 108 297; x_wconf 78' lang='lat' dir='ltr'>ata</span> <span class='ocrx_word' id='word_1_2' title='bbox 468 241 625 300; x_wconf 77' lang='lat' dir='ltr'><strong>HISTORIA</strong></span> <span class='ocrx_word' id='word_1_3' title='bbox 644 244 913 303; x_wconf 69' lang='lat' dir='ltr'>mctssstnsttct.</span> <span class='ocrx_word' id='word_1_4' title='bbox 927 275 962 290; x_wconf 90' lang='lat'>-·</span> <span class='ocrx_word' id='word_1_5' title='bbox 975 247 1061 305; x_wconf 77' lang='lat' dir='ltr'>PARS</span> <span class='ocrx_word' id='word_1_6' title='bbox 1078 250 1122 305; x_wconf 89' lang='lat' dir='ltr'>lll.</span> <span class='ocrx_word' id='word_1_7' title='bbox 1137 278 1173 291; x_wconf 90' lang='lat'><em>-</em></span> <span class='ocrx_word' id='word_1_8' title='bbox 1186 251 1250 307; x_wconf 88' lang='lat' dir='ltr'>LlB.</span> <span class='ocrx_word' id='word_1_9' title='bbox 1269 251 1340 308; x_wconf 89' lang='lat' dir='ltr'>lllll.</span> <span class='ocrx_word' id='word_1_10' title='bbox 1676 261 1729 316; x_wconf 82' lang='lat' dir='ltr'>oto</span> 
     </span>
    </p>
   </div>
   <div class='ocr_carea' id='block_1_2' title="bbox 54 363 1727 456">
    <p class='ocr_par' dir='ltr' id='par_1_2' title="bbox 54 363 1727 456">
     <span class='ocr_line' id='line_1_2' title="bbox 54 363 1727 456; baseline 0.01 -33"><span class='ocrx_word' id='word_1_11' title='bbox 54 364 128 423; x_wconf 89' lang='lat' dir='ltr'>nulli</span> <span class='ocrx_word' id='word_1_12' title='bbox 147 364 184 422; x_wconf 90' lang='lat' dir='ltr'>ad</span> <span class='ocrx_word' id='word_1_13' title='bbox 206 363 404 437; x_wconf 76' lang='lat' dir='ltr'>pensantem</span> <span class='ocrx_word' id='word_1_14' title='bbox 424 365 547 423; x_wconf 88' lang='lat' dir='ltr'>alierum</span> <span class='ocrx_word' id='word_1_15' title='bbox 568 367 729 439; x_wconf 79' lang='lat' dir='ltr'>dejectione</span> <span class='ocrx_word' id='word_1_16' title='bbox 747 368 868 426; x_wconf 90' lang='lat' dir='ltr'>lacessiti</span> <span class='ocrx_word' id='word_1_17' title='bbox 879 373 987 456; x_wconf 65' lang='lat' dir='ltr'>Aluna</span> <span class='ocrx_word' id='word_1_18' title='bbox 1012 373 1127 430; x_wconf 91' lang='lat' dir='ltr'>ultimus</span> <span class='ocrx_word' id='word_1_19' title='bbox 1151 374 1180 430; x_wconf 91' lang='lat' dir='ltr'>in</span> <span class='ocrx_word' id='word_1_20' title='bbox 1208 375 1307 431; x_wconf 81' lang='lat' dir='ltr'>ordine</span> <span class='ocrx_word' id='word_1_21' title='bbox 1334 379 1564 434; x_wconf 89' lang='lat' dir='ltr'>concurrentium</span> <span class='ocrx_word' id='word_1_22' title='bbox 1589 381 1727 440; x_wconf 75' lang='lat' dir='ltr'>bissextus</span> 
     </span>
    </p>
   </div>
   <div class='ocr_carea' id='block_1_3' title="bbox 21 462 1730 5657">
    <p class='ocr_par' dir='ltr' id='par_1_3' title="bbox 21 462 1730 5657">
     <span class='ocr_line' id='line_1_3' title="bbox 53 462 1724 546; baseline 0.01 -30"><span class='ocrx_word' id='word_1_23' title='bbox 53 462 135 517; x_wconf 77' lang='lat' dir='ltr'>mant.</span> <span class='ocrx_word' id='word_1_24' title='bbox 918 468 1050 537; x_wconf 76' lang='lat' dir='ltr'>cucurrit,</span> <span class='ocrx_word' id='word_1_25' title='bbox 1069 484 1110 536; x_wconf 86' lang='lat' dir='ltr'>ac,</span> <span class='ocrx_word' id='word_1_26' title='bbox 1130 474 1162 524; x_wconf 91' lang='lat' dir='ltr'>ut</span> <span class='ocrx_word' id='word_1_27' title='bbox 1181 469 1266 541; x_wconf 88' lang='lat' dir='ltr'>vulgo</span> <span class='ocrx_word' id='word_1_28' title='bbox 1286 469 1400 537; x_wconf 90' lang='lat' dir='ltr'>dicitnr,</span> <span class='ocrx_word' id='word_1_29' title='bbox 1416 471 1553 528; x_wconf 75' lang='lat' dir='ltr'>bissextus</span> <span class='ocrx_word' id='word_1_30' title='bbox 1572 490 1657 546; x_wconf 90' lang='lat' dir='ltr'>snper</span> <span class='ocrx_word' id='word_1_31' title='bbox 1676 494 1724 532; x_wconf 90' lang='lat' dir='ltr'>re·</span> 
     </span>
     <span class='ocr_line' id='line_1_4' title="bbox 145 550 1725 642; baseline 0.013 -36"><span class='ocrx_word' id='word_1_32' title='bbox 145 550 178 607; x_wconf 81' lang='lat' dir='ltr'>X.</span> <span class='ocrx_word' id='word_1_33' title='bbox 193 553 312 607; x_wconf 80' lang='lat' dir='ltr'>Euentus</span> <span class='ocrx_word' id='word_1_34' title='bbox 322 554 396 607; x_wconf 78' lang='lat' dir='ltr'>cerii</span> <span class='ocrx_word' id='word_1_35' title='bbox 408 553 438 606; x_wconf 82' lang='lat' dir='ltr'>tn</span> <span class='ocrx_word' id='word_1_36' title='bbox 449 552 552 622; x_wconf 79' lang='lat' dir='ltr'>Anglio</span> <span class='ocrx_word' id='word_1_37' title='bbox 567 558 592 608; x_wconf 89' lang='lat' dir='ltr'>et</span> <span class='ocrx_word' id='word_1_38' title='bbox 604 556 784 612; x_wconf 73' lang='lat' dir='ltr'>normannie.</span> <span class='ocrx_word' id='word_1_39' title='bbox 919 578 984 633; x_wconf 93' lang='lat' dir='ltr'>gem</span> <span class='ocrx_word' id='word_1_40' title='bbox 998 567 1027 617; x_wconf 90' lang='lat' dir='ltr'>et</span> <span class='ocrx_word' id='word_1_41' title='bbox 1041 562 1179 635; x_wconf 88' lang='lat' dir='ltr'>populum</span> <span class='ocrx_word' id='word_1_42' title='bbox 1193 562 1254 634; x_wconf 89' lang='lat' dir='ltr'>ejus</span> <span class='ocrx_word' id='word_1_43' title='bbox 1274 563 1304 619; x_wconf 93' lang='lat' dir='ltr'>in</span> <span class='ocrx_word' id='word_1_44' title='bbox 1317 565 1489 621; x_wconf 88' lang='lat' dir='ltr'>Nermannia</span> <span class='ocrx_word' id='word_1_45' title='bbox 1511 569 1540 623; x_wconf 89' lang='lat' dir='ltr'>et</span> <span class='ocrx_word' id='word_1_46' title='bbox 1554 568 1656 642; x_wconf 81' lang='lat' dir='ltr'>hnglia</span> <span class='ocrx_word' id='word_1_47' title='bbox 1676 588 1725 627; x_wconf 91' lang='lat' dir='ltr'>ee-</span> 
     </span>
     <span class='ocr_line' id='line_1_5' title="bbox 55 649 1001 731; baseline 0.006 -26"><span class='ocrx_word' id='word_1_48' title='bbox 55 720 67 731; x_wconf 45' lang='lat'><em>·</em></span> <span class='ocrx_word' id='word_1_49' title='bbox 90 651 157 705; x_wconf 82' lang='lat' dir='ltr'>Post</span> <span class='ocrx_word' id='word_1_50' title='bbox 173 651 367 717; x_wconf 73' lang='lat' dir='ltr'>Pentecosten,</span> <span class='ocrx_word' id='word_1_51' title='bbox 382 649 541 721; x_wconf 80' lang='lat' dir='ltr'>Stephanus</span> <span class='ocrx_word' id='word_1_52' title='bbox 558 667 606 706; x_wconf 91' lang='lat' dir='ltr'>rex</span> <span class='ocrx_word' id='word_1_53' title='bbox 625 650 661 705; x_wconf 88' lang='lat' dir='ltr'>ad</span> <span class='ocrx_word' id='word_1_54' title='bbox 684 653 868 708; x_wconf 83' lang='lat' dir='ltr'>transfretari·</span> <span class='ocrx_word' id='word_1_55' title='bbox 918 654 1001 711; x_wconf 86' lang='lat' dir='ltr'>cidit.</span> 
     </span>
     <span class='ocr_line' id='line_1_6' title="bbox 53 742 1728 824; baseline 0.008 -23"><span class='ocrx_word' id='word_1_56' title='bbox 53 744 125 803; x_wconf 85' lang='lat' dir='ltr'>dnm</span> <span class='ocrx_word' id='word_1_57' title='bbox 138 742 256 799; x_wconf 80' lang='lat' dir='ltr'>classem</span> <span class='ocrx_word' id='word_1_58' title='bbox 277 759 357 799; x_wconf 91' lang='lat' dir='ltr'>suam</span> <span class='ocrx_word' id='word_1_59' title='bbox 378 743 566 815; x_wconf 83' lang='lat' dir='ltr'>preparavit;</span> <span class='ocrx_word' id='word_1_60' title='bbox 590 760 681 816; x_wconf 89' lang='lat' dir='ltr'>eoque</span> <span class='ocrx_word' id='word_1_61' title='bbox 702 762 870 819; x_wconf 87' lang='lat' dir='ltr'>prosperum</span> <span class='ocrx_word' id='word_1_62' title='bbox 952 748 1043 805; x_wconf 73' lang='lat' dir='ltr'>tertia</span> <span class='ocrx_word' id='word_1_63' title='bbox 1058 749 1216 821; x_wconf 89' lang='lat' dir='ltr'>septimana</span> <span class='ocrx_word' id='word_1_64' title='bbox 1228 751 1401 822; x_wconf 90' lang='lat' dir='ltr'>Septembris</span> <span class='ocrx_word' id='word_1_65' title='bbox 1410 753 1560 824; x_wconf 90' lang='lat' dir='ltr'>repentine</span> <span class='ocrx_word' id='word_1_66' title='bbox 1572 756 1728 815; x_wconf 87' lang='lat' dir='ltr'>llotbema·</span> 
     </span>
     <span class='ocr_line' id='line_1_7' title="bbox 54 836 1727 917; baseline 0.009 -24"><span class='ocrx_word' id='word_1_67' title='bbox 54 836 162 893; x_wconf 86' lang='lat' dir='ltr'>flamen</span> <span class='ocrx_word' id='word_1_68' title='bbox 176 852 264 908; x_wconf 81' lang='lat' dir='ltr'>prope</span> <span class='ocrx_word' id='word_1_69' title='bbox 277 840 390 908; x_wconf 89' lang='lat' dir='ltr'>portum</span> <span class='ocrx_word' id='word_1_70' title='bbox 410 841 590 907; x_wconf 81' lang='lat' dir='ltr'>exspectante</span> <span class='ocrx_word' id='word_1_71' title='bbox 606 839 721 894; x_wconf 91' lang='lat' dir='ltr'>nuntius</span> <span class='ocrx_word' id='word_1_72' title='bbox 736 840 822 909; x_wconf 89' lang='lat' dir='ltr'>venit,</span> <span class='ocrx_word' id='word_1_73' title='bbox 839 841 870 896; x_wconf 91' lang='lat' dir='ltr'>in</span> <span class='ocrx_word' id='word_1_74' title='bbox 919 859 972 914; x_wconf 91' lang='lat' dir='ltr'>gns</span> <span class='ocrx_word' id='word_1_75' title='bbox 985 842 1052 915; x_wconf 88' lang='lat' dir='ltr'>igne</span> <span class='ocrx_word' id='word_1_76' title='bbox 1065 843 1211 899; x_wconf 90' lang='lat' dir='ltr'>combusta</span> <span class='ocrx_word' id='word_1_77' title='bbox 1224 850 1275 911; x_wconf 91' lang='grc' dir='ltr'><strong>εει,</strong></span> <span class='ocrx_word' id='word_1_78' title='bbox 1290 845 1436 917; x_wconf 85' lang='lat' dir='ltr'>elingens</span> <span class='ocrx_word' id='word_1_79' title='bbox 1450 846 1586 904; x_wconf 92' lang='lat' dir='ltr'>damnum</span> <span class='ocrx_word' id='word_1_80' title='bbox 1599 848 1727 908; x_wconf 85' lang='lat' dir='ltr'>fidelibus</span> 
     </span>
     <span class='ocr_line' id='line_1_8' title="bbox 54 928 1728 1008; baseline 0.009 -22"><span class='ocrx_word' id='word_1_81' title='bbox 54 948 114 1004; x_wconf 90' lang='lat' dir='ltr'>qno</span> <span class='ocrx_word' id='word_1_82' title='bbox 139 930 297 1003; x_wconf 84' lang='lat' dir='ltr'>llegerium</span> <span class='ocrx_word' id='word_1_83' title='bbox 323 928 492 985; x_wconf 84' lang='lat' dir='ltr'>Salesburiae</span> <span class='ocrx_word' id='word_1_84' title='bbox 518 931 687 1002; x_wconf 76' lang='lat' dir='ltr'>presulem,</span> <span class='ocrx_word' id='word_1_85' title='bbox 713 932 758 987; x_wconf 90' lang='lat' dir='ltr'>cui</span> <span class='ocrx_word' id='word_1_86' title='bbox 782 933 869 989; x_wconf 93' lang='lat' dir='ltr'>tetius</span> <span class='ocrx_word' id='word_1_87' title='bbox 918 935 1031 1008; x_wconf 88' lang='lat' dir='ltr'>populis</span> <span class='ocrx_word' id='word_1_88' title='bbox 1044 935 1138 991; x_wconf 90' lang='lat' dir='ltr'>divine</span> <span class='ocrx_word' id='word_1_89' title='bbox 1149 937 1256 1008; x_wconf 89' lang='lat' dir='ltr'>judicie</span> <span class='ocrx_word' id='word_1_90' title='bbox 1268 938 1377 994; x_wconf 89' lang='lat' dir='ltr'>illatum</span> <span class='ocrx_word' id='word_1_91' title='bbox 1390 942 1442 995; x_wconf 87' lang='lat' dir='ltr'>est.</span> <span class='ocrx_word' id='word_1_92' title='bbox 1456 940 1553 997; x_wconf 89' lang='lat' dir='ltr'>Nobile</span> <span class='ocrx_word' id='word_1_93' title='bbox 1566 943 1728 1001; x_wconf 90' lang='lat' dir='ltr'>coenebium</span> 
     </span>
     <span class='ocr_line' id='line_1_9' title="bbox 53 1023 1729 1111; baseline 0.008 -31"><span class='ocrx_word' id='word_1_94' title='bbox 53 1023 185 1081; x_wconf 85' lang='lat' dir='ltr'>ftlbienis</span> <span class='ocrx_word' id='word_1_95' title='bbox 216 1024 305 1080; x_wconf 88' lang='lat' dir='ltr'>tutela</span> <span class='ocrx_word' id='word_1_96' title='bbox 331 1023 504 1095; x_wconf 90' lang='lat' dir='ltr'>jamdudum</span> <span class='ocrx_word' id='word_1_97' title='bbox 531 1025 567 1080; x_wconf 91' lang='lat' dir='ltr'>ab</span> <span class='ocrx_word' id='word_1_98' title='bbox 592 1027 730 1082; x_wconf 88' lang='lat' dir='ltr'>avunculo</span> <span class='ocrx_word' id='word_1_99' title='bbox 752 1043 812 1097; x_wconf 91' lang='lat' dir='ltr'>sno,</span> <span class='ocrx_word' id='word_1_100' title='bbox 841 1032 871 1082; x_wconf 90' lang='lat' dir='ltr'>et</span> <span class='ocrx_word' id='word_1_101' title='bbox 919 1029 948 1086; x_wconf 88' lang='lat' dir='ltr'>S.</span> <span class='ocrx_word' id='word_1_102' title='bbox 964 1029 1093 1086; x_wconf 82' lang='lat' dir='ltr'>Andecni</span> <span class='ocrx_word' id='word_1_103' title='bbox 1106 1029 1228 1085; x_wconf 84' lang='lat' dir='ltr'>flammis</span> <span class='ocrx_word' id='word_1_104' title='bbox 1241 1030 1383 1100; x_wconf 89' lang='lat' dir='ltr'>edacibus,</span> <span class='ocrx_word' id='word_1_105' title='bbox 1395 1033 1468 1105; x_wconf 89' lang='lat' dir='ltr'>preb</span> <span class='ocrx_word' id='word_1_106' title='bbox 1486 1033 1729 1111; x_wconf 87' lang='lat' dir='ltr'>detortabsnmp·</span> 
     </span>
     <span class='ocr_line' id='line_1_10' title="bbox 54 1117 1728 1198; baseline 0.008 -24"><span class='ocrx_word' id='word_1_107' title='bbox 54 1117 242 1192; x_wconf 89' lang='lat' dir='ltr'>postmodum</span> <span class='ocrx_word' id='word_1_108' title='bbox 267 1117 303 1172; x_wconf 93' lang='lat' dir='ltr'>ab</span> <span class='ocrx_word' id='word_1_109' title='bbox 327 1118 388 1189; x_wconf 88' lang='lat' dir='ltr'>ipse</span> <span class='ocrx_word' id='word_1_110' title='bbox 412 1117 565 1173; x_wconf 89' lang='lat' dir='ltr'>commissa</span> <span class='ocrx_word' id='word_1_111' title='bbox 591 1119 695 1188; x_wconf 85' lang='lat' dir='ltr'>fuerat,</span> <span class='ocrx_word' id='word_1_112' title='bbox 723 1125 869 1176; x_wconf 89' lang='lat' dir='ltr'>mertuum</span> <span class='ocrx_word' id='word_1_113' title='bbox 919 1128 981 1179; x_wconf 92' lang='lat' dir='ltr'>tum</span> <span class='ocrx_word' id='word_1_114' title='bbox 1006 1128 1057 1191; x_wconf 88' lang='lat' dir='ltr'>est,</span> <span class='ocrx_word' id='word_1_115' title='bbox 1080 1123 1155 1195; x_wconf 90' lang='lat' dir='ltr'>qued</span> <span class='ocrx_word' id='word_1_116' title='bbox 1177 1123 1218 1178; x_wconf 88' lang='lat' dir='ltr'>vix</span> <span class='ocrx_word' id='word_1_117' title='bbox 1239 1123 1275 1179; x_wconf 91' lang='lat' dir='ltr'>ad</span> <span class='ocrx_word' id='word_1_118' title='bbox 1294 1126 1453 1195; x_wconf 90' lang='lat' dir='ltr'>perfectum</span> <span class='ocrx_word' id='word_1_119' title='bbox 1474 1144 1525 1198; x_wconf 91' lang='lat' dir='ltr'>per</span> <span class='ocrx_word' id='word_1_120' title='bbox 1545 1145 1618 1186; x_wconf 81' lang='lat' dir='ltr'>cxxx</span> <span class='ocrx_word' id='word_1_121' title='bbox 1637 1147 1728 1188; x_wconf 91' lang='lat' dir='ltr'>annes</span> 
     </span>
     <span class='ocr_line' id='line_1_11' title="bbox 56 1211 1728 1296; baseline 0.008 -29"><span class='ocrx_word' id='word_1_122' title='bbox 56 1228 118 1268; x_wconf 87' lang='lat' dir='ltr'>esse</span> <span class='ocrx_word' id='word_1_123' title='bbox 131 1211 247 1268; x_wconf 89' lang='lat' dir='ltr'>audivit.</span> <span class='ocrx_word' id='word_1_124' title='bbox 262 1211 342 1266; x_wconf 89' lang='lat' dir='ltr'>Unde</span> <span class='ocrx_word' id='word_1_125' title='bbox 360 1211 524 1266; x_wconf 88' lang='lat' dir='ltr'>intermissa</span> <span class='ocrx_word' id='word_1_126' title='bbox 537 1211 718 1283; x_wconf 87' lang='lat' dir='ltr'>navigatione</span> <span class='ocrx_word' id='word_1_127' title='bbox 736 1212 868 1268; x_wconf 88' lang='lat' dir='ltr'>Salesbn·</span> <span class='ocrx_word' id='word_1_128' title='bbox 919 1217 1076 1272; x_wconf 89' lang='lat' dir='ltr'>multorum</span> <span class='ocrx_word' id='word_1_129' title='bbox 1094 1215 1191 1272; x_wconf 91' lang='lat' dir='ltr'>labere</span> <span class='ocrx_word' id='word_1_130' title='bbox 1210 1216 1380 1287; x_wconf 88' lang='lat' dir='ltr'>perductum</span> <span class='ocrx_word' id='word_1_131' title='bbox 1394 1224 1445 1274; x_wconf 89' lang='lat' dir='ltr'>est.</span> <span class='ocrx_word' id='word_1_132' title='bbox 1470 1221 1532 1275; x_wconf 89' lang='lat' dir='ltr'>Pari</span> <span class='ocrx_word' id='word_1_133' title='bbox 1552 1238 1664 1296; x_wconf 84' lang='lat' dir='ltr'>quoqne</span> <span class='ocrx_word' id='word_1_134' title='bbox 1682 1226 1728 1280; x_wconf 90' lang='lat' dir='ltr'>in·</span> 
     </span>
     <span class='ocr_line' id='line_1_12' title="bbox 55 1304 1728 1377; baseline 0.007 -15"><span class='ocrx_word' id='word_1_135' title='bbox 55 1306 131 1362; x_wconf 92' lang='lat' dir='ltr'>riam</span> <span class='ocrx_word' id='word_1_136' title='bbox 152 1321 283 1361; x_wconf 87' lang='lat' dir='ltr'>reversus</span> <span class='ocrx_word' id='word_1_137' title='bbox 303 1310 356 1371; x_wconf 89' lang='lat' dir='ltr'>est,</span> <span class='ocrx_word' id='word_1_138' title='bbox 371 1310 401 1359; x_wconf 88' lang='lat' dir='ltr'>et</span> <span class='ocrx_word' id='word_1_139' title='bbox 419 1304 549 1376; x_wconf 89' lang='lat' dir='ltr'>episcope</span> <span class='ocrx_word' id='word_1_140' title='bbox 571 1305 677 1376; x_wconf 89' lang='lat' dir='ltr'>sospite</span> <span class='ocrx_word' id='word_1_141' title='bbox 696 1309 821 1377; x_wconf 89' lang='lat' dir='ltr'>reperto,</span> <span class='ocrx_word' id='word_1_142' title='bbox 835 1307 870 1362; x_wconf 91' lang='lat' dir='ltr'>ab</span> <span class='ocrx_word' id='word_1_143' title='bbox 920 1310 1045 1366; x_wconf 87' lang='lat' dir='ltr'>fortunio</span> <span class='ocrx_word' id='word_1_144' title='bbox 1065 1309 1269 1365; x_wconf 89' lang='lat' dir='ltr'>monasterium</span> <span class='ocrx_word' id='word_1_145' title='bbox 1290 1311 1546 1369; x_wconf 82' lang='lat' dir='ltr'>sanctimonialium</span> <span class='ocrx_word' id='word_1_146' title='bbox 1567 1315 1728 1374; x_wconf 89' lang='lat' dir='ltr'>desolatum</span> 
     </span>
     <span class='ocr_line' id='line_1_13' title="bbox 54 1397 1728 1478; baseline 0.007 -23"><span class='ocrx_word' id='word_1_147' title='bbox 54 1399 160 1456; x_wconf 90' lang='lat' dir='ltr'>itinere</span> <span class='ocrx_word' id='word_1_148' title='bbox 174 1414 225 1454; x_wconf 89' lang='lat' dir='ltr'>suo</span> <span class='ocrx_word' id='word_1_149' title='bbox 239 1414 329 1470; x_wconf 91' lang='lat' dir='ltr'>usque</span> <span class='ocrx_word' id='word_1_150' title='bbox 343 1398 372 1452; x_wconf 91' lang='lat' dir='ltr'>in</span> <span class='ocrx_word' id='word_1_151' title='bbox 389 1397 646 1469; x_wconf 84' lang='lat' dir='ltr'>Quadragesimam</span> <span class='ocrx_word' id='word_1_152' title='bbox 662 1399 765 1454; x_wconf 91' lang='lat' dir='ltr'>frustra</span> <span class='ocrx_word' id='word_1_153' title='bbox 780 1402 869 1455; x_wconf 89' lang='lat' dir='ltr'>retar-</span> <span class='ocrx_word' id='word_1_154' title='bbox 921 1406 973 1472; x_wconf 92' lang='lat' dir='ltr'>est,</span> <span class='ocrx_word' id='word_1_155' title='bbox 986 1403 1061 1475; x_wconf 92' lang='lat' dir='ltr'>qnod</span> <span class='ocrx_word' id='word_1_156' title='bbox 1079 1403 1109 1458; x_wconf 89' lang='lat' dir='ltr'>in</span> <span class='ocrx_word' id='word_1_157' title='bbox 1121 1403 1229 1458; x_wconf 91' lang='lat' dir='ltr'>honere</span> <span class='ocrx_word' id='word_1_158' title='bbox 1243 1402 1272 1458; x_wconf 90' lang='lat' dir='ltr'>S.</span> <span class='ocrx_word' id='word_1_159' title='bbox 1288 1404 1409 1459; x_wconf 81' lang='lat' dir='ltr'>hmandi</span> <span class='ocrx_word' id='word_1_160' title='bbox 1427 1405 1552 1478; x_wconf 89' lang='lat' dir='ltr'>episcopi</span> <span class='ocrx_word' id='word_1_161' title='bbox 1575 1413 1603 1463; x_wconf 93' lang='grc' dir='ltr'><strong>ει</strong></span> <span class='ocrx_word' id='word_1_162' title='bbox 1616 1410 1728 1466; x_wconf 87' lang='lat' dir='ltr'>confes·</span> 
     </span>
     <span class='ocr_line' id='line_1_14' title="bbox 55 1491 1260 1552; baseline 0 -3"><span class='ocrx_word' id='word_1_163' title='bbox 55 1494 140 1549; x_wconf 88' lang='lat' dir='ltr'>datus</span> <span class='ocrx_word' id='word_1_164' title='bbox 158 1496 211 1549; x_wconf 89' lang='lat' dir='ltr'>est.</span> <span class='ocrx_word' id='word_1_165' title='bbox 233 1493 344 1548; x_wconf 86' lang='lat' dir='ltr'>Interea</span> <span class='ocrx_word' id='word_1_166' title='bbox 365 1491 541 1546; x_wconf 84' lang='lat' dir='ltr'>Gissebertns</span> <span class='ocrx_word' id='word_1_167' title='bbox 561 1491 596 1546; x_wconf 83' lang='lat' dir='ltr'>de</span> <span class='ocrx_word' id='word_1_168' title='bbox 610 1491 690 1547; x_wconf 86' lang='lat' dir='ltr'>Clara</span> <span class='ocrx_word' id='word_1_169' title='bbox 706 1492 735 1547; x_wconf 90' lang='lat' dir='ltr'>in</span> <span class='ocrx_word' id='word_1_170' title='bbox 754 1494 871 1549; x_wconf 90' lang='lat' dir='ltr'>Oximes</span> <span class='ocrx_word' id='word_1_171' title='bbox 919 1497 989 1552; x_wconf 91' lang='lat' dir='ltr'>soris</span> <span class='ocrx_word' id='word_1_172' title='bbox 1002 1498 1197 1552; x_wconf 88' lang='lat' dir='ltr'>constructum</span> <span class='ocrx_word' id='word_1_173' title='bbox 1210 1498 1260 1551; x_wconf 90' lang='lat' dir='ltr'>est.</span> 
     </span>
     <span class='ocr_line' id='line_1_15' title="bbox 21 1585 1687 1670; baseline 0.009 -27"><span class='ocrx_word' id='word_1_174' title='bbox 21 1592 26 1601; x_wconf 87' lang='lat'>&#39;</span> <span class='ocrx_word' id='word_1_175' title='bbox 55 1587 268 1660; x_wconf 76' lang='lat' dir='ltr'>expeditionem</span> <span class='ocrx_word' id='word_1_176' title='bbox 297 1585 374 1653; x_wconf 86' lang='lat' dir='ltr'>fecit,</span> <span class='ocrx_word' id='word_1_177' title='bbox 400 1588 429 1640; x_wconf 93' lang='lat' dir='ltr'>et</span> <span class='ocrx_word' id='word_1_178' title='bbox 449 1585 682 1657; x_wconf 89' lang='lat' dir='ltr'>Nevnmburgum</span> <span class='ocrx_word' id='word_1_179' title='bbox 708 1601 793 1658; x_wconf 88' lang='lat' dir='ltr'>quem</span> <span class='ocrx_word' id='word_1_180' title='bbox 820 1603 870 1643; x_wconf 90' lang='lat' dir='ltr'>rex</span> <span class='ocrx_word' id='word_1_181' title='bbox 964 1598 1006 1653; x_wconf 77' lang='grc' dir='ltr'><strong>ιιι,</strong></span> <span class='ocrx_word' id='word_1_182' title='bbox 1022 1600 1131 1654; x_wconf 72' lang='lat' dir='ltr'>funeste</span> <span class='ocrx_word' id='word_1_183' title='bbox 1144 1599 1393 1670; x_wconf 82' lang='lat' dir='ltr'>etdepraedetieaes</span> <span class='ocrx_word' id='word_1_184' title='bbox 1407 1600 1687 1670; x_wconf 78' lang='lat' dir='ltr'>Andegceemiumtn</span> 
     </span>
     <span class='ocr_line' id='line_1_16' title="bbox 55 1678 1427 1750; baseline -0.001 -14"><span class='ocrx_word' id='word_1_185' title='bbox 55 1680 195 1737; x_wconf 90' lang='lat' dir='ltr'>llenricus</span> <span class='ocrx_word' id='word_1_186' title='bbox 215 1695 308 1750; x_wconf 89' lang='lat' dir='ltr'>nuper</span> <span class='ocrx_word' id='word_1_187' title='bbox 324 1682 451 1745; x_wconf 89' lang='lat' dir='ltr'>auxerat,</span> <span class='ocrx_word' id='word_1_188' title='bbox 465 1694 530 1733; x_wconf 92' lang='lat' dir='ltr'>cnm</span> <span class='ocrx_word' id='word_1_189' title='bbox 548 1678 663 1734; x_wconf 88' lang='lat' dir='ltr'>ecclesia</span> <span class='ocrx_word' id='word_1_190' title='bbox 677 1680 704 1734; x_wconf 92' lang='lat' dir='ltr'>S.</span> <span class='ocrx_word' id='word_1_191' title='bbox 721 1678 769 1734; x_wconf 89' lang='lat' dir='ltr'>Dei</span> <span class='ocrx_word' id='word_1_192' title='bbox 786 1679 868 1735; x_wconf 86' lang='lat' dir='ltr'>Geni·</span> <span class='ocrx_word' id='word_1_193' title='bbox 1221 1681 1427 1737; x_wconf 73' lang='lat' dir='ltr'>demaenetum.</span> 
     </span>
     <span class='ocr_line' id='line_1_17' title="bbox 55 1742 1728 1849; baseline 0.004 -20"><span class='ocrx_word' id='word_1_194' title='bbox 55 1773 136 1830; x_wconf 85' lang='lat' dir='ltr'>tricis</span> <span class='ocrx_word' id='word_1_195' title='bbox 155 1772 320 1828; x_wconf 89' lang='lat' dir='ltr'>combussit.</span> <span class='ocrx_word' id='word_1_196' title='bbox 335 1772 429 1827; x_wconf 89' lang='lat' dir='ltr'>Veteri</span> <span class='ocrx_word' id='word_1_197' title='bbox 448 1788 563 1843; x_wconf 90' lang='lat' dir='ltr'>queque</span> <span class='ocrx_word' id='word_1_198' title='bbox 581 1771 684 1843; x_wconf 90' lang='lat' dir='ltr'>burge,</span> <span class='ocrx_word' id='word_1_199' title='bbox 701 1775 733 1826; x_wconf 92' lang='lat' dir='ltr'>ut</span> <span class='ocrx_word' id='word_1_200' title='bbox 750 1742 908 1828; x_wconf 90' lang='lat' dir='ltr'>cencrc·B</span> <span class='ocrx_word' id='word_1_201' title='bbox 956 1772 1061 1829; x_wconf 82' lang='lat' dir='ltr'>Deinde</span> <span class='ocrx_word' id='word_1_202' title='bbox 1075 1772 1204 1844; x_wconf 90' lang='lat' dir='ltr'>sequenti</span> <span class='ocrx_word' id='word_1_203' title='bbox 1219 1770 1378 1840; x_wconf 85' lang='lat' dir='ltr'>Dominico,</span> <span class='ocrx_word' id='word_1_204' title='bbox 1391 1789 1419 1828; x_wconf 87' lang='lat' dir='ltr'>xv</span> <span class='ocrx_word' id='word_1_205' title='bbox 1435 1772 1576 1832; x_wconf 85' lang='lat' dir='ltr'>Kalendas</span> <span class='ocrx_word' id='word_1_206' title='bbox 1589 1776 1728 1849; x_wconf 89' lang='lat' dir='ltr'>Octobris,</span> 
     </span>
     <span class='ocr_line' id='line_1_18' title="bbox 57 1864 1729 1937; baseline 0.003 -14"><span class='ocrx_word' id='word_1_207' title='bbox 57 1869 161 1937; x_wconf 89' lang='lat' dir='ltr'>maret,</span> <span class='ocrx_word' id='word_1_208' title='bbox 182 1865 285 1921; x_wconf 89' lang='lat' dir='ltr'>acriter</span> <span class='ocrx_word' id='word_1_209' title='bbox 302 1865 420 1934; x_wconf 90' lang='lat' dir='ltr'>institit;</span> <span class='ocrx_word' id='word_1_210' title='bbox 444 1865 491 1920; x_wconf 90' lang='lat' dir='ltr'>sed</span> <span class='ocrx_word' id='word_1_211' title='bbox 510 1865 657 1921; x_wconf 73' lang='lat' dir='ltr'>talavacio</span> <span class='ocrx_word' id='word_1_212' title='bbox 679 1866 783 1921; x_wconf 84' lang='lat' dir='ltr'>cernite</span> <span class='ocrx_word' id='word_1_213' title='bbox 805 1883 870 1922; x_wconf 92' lang='lat' dir='ltr'>cum</span> <span class='ocrx_word' id='word_1_214' title='bbox 919 1865 1074 1933; x_wconf 80' lang='lat' dir='ltr'>lutfredus,</span> <span class='ocrx_word' id='word_1_215' title='bbox 1102 1864 1309 1937; x_wconf 69' lang='lat' dir='ltr'>andegavensis</span> <span class='ocrx_word' id='word_1_216' title='bbox 1335 1882 1447 1935; x_wconf 87' lang='lat' dir='ltr'>comes,</span> <span class='ocrx_word' id='word_1_217' title='bbox 1473 1866 1583 1924; x_wconf 90' lang='lat' dir='ltr'>Sartam</span> <span class='ocrx_word' id='word_1_218' title='bbox 1608 1869 1729 1928; x_wconf 85' lang='lat' dir='ltr'>fiuvium</span> 
     </span>
     <span class='ocr_line' id='line_1_19' title="bbox 56 1943 1728 2033; baseline 0.004 -18"><span class='ocrx_word' id='word_1_219' title='bbox 56 1961 120 2015; x_wconf 90' lang='lat' dir='ltr'>aliis</span> <span class='ocrx_word' id='word_1_220' title='bbox 135 1958 274 2015; x_wconf 85' lang='lat' dir='ltr'>militibus</span> <span class='ocrx_word' id='word_1_221' title='bbox 290 1958 384 2013; x_wconf 90' lang='lat' dir='ltr'>subite</span> <span class='ocrx_word' id='word_1_222' title='bbox 403 1958 541 2025; x_wconf 90' lang='lat' dir='ltr'>irruente,</span> <span class='ocrx_word' id='word_1_223' title='bbox 556 1958 645 2013; x_wconf 90' lang='lat' dir='ltr'>victus</span> <span class='ocrx_word' id='word_1_224' title='bbox 663 1975 728 2014; x_wconf 91' lang='lat' dir='ltr'>cum</span> <span class='ocrx_word' id='word_1_225' title='bbox 747 1959 868 2015; x_wconf 88' lang='lat' dir='ltr'>dilllcul·</span> <span class='ocrx_word' id='word_1_226' title='bbox 919 1957 1106 2033; x_wconf 83' lang='lat' dir='ltr'>pertransivit,</span> <span class='ocrx_word' id='word_1_227' title='bbox 1126 1963 1155 2013; x_wconf 91' lang='lat' dir='ltr'>et</span> <span class='ocrx_word' id='word_1_228' title='bbox 1177 1974 1242 2013; x_wconf 89' lang='lat' dir='ltr'>eum</span> <span class='ocrx_word' id='word_1_229' title='bbox 1264 1958 1374 2029; x_wconf 88' lang='lat' dir='ltr'>ingenti</span> <span class='ocrx_word' id='word_1_230' title='bbox 1398 1960 1582 2017; x_wconf 88' lang='lat' dir='ltr'>multitudine</span> <span class='ocrx_word' id='word_1_231' title='bbox 1604 1943 1728 2021; x_wconf 83' lang='lat' dir='ltr'>armato·</span> 
     </span>
     <span class='ocr_line' id='line_1_20' title="bbox 54 2050 1730 2124; baseline 0.004 -15"><span class='ocrx_word' id='word_1_232' title='bbox 54 2059 114 2109; x_wconf 91' lang='lat' dir='ltr'>tate</span> <span class='ocrx_word' id='word_1_233' title='bbox 133 2051 255 2124; x_wconf 78' lang='lat' dir='ltr'>aufugit.</span> <span class='ocrx_word' id='word_1_234' title='bbox 272 2051 313 2106; x_wconf 93' lang='lat' dir='ltr'>lbi</span> <span class='ocrx_word' id='word_1_235' title='bbox 330 2051 465 2107; x_wconf 85' lang='lat' dir='ltr'>henricus</span> <span class='ocrx_word' id='word_1_236' title='bbox 487 2051 523 2105; x_wconf 91' lang='lat' dir='ltr'>de</span> <span class='ocrx_word' id='word_1_237' title='bbox 543 2051 679 2106; x_wconf 84' lang='lat' dir='ltr'>Ferrariis</span> <span class='ocrx_word' id='word_1_238' title='bbox 698 2057 797 2122; x_wconf 89' lang='lat' dir='ltr'>captus</span> <span class='ocrx_word' id='word_1_239' title='bbox 817 2058 868 2120; x_wconf 89' lang='lat' dir='ltr'>est,</span> <span class='ocrx_word' id='word_1_240' title='bbox 919 2063 984 2108; x_wconf 89' lang='lat' dir='ltr'>rum</span> <span class='ocrx_word' id='word_1_241' title='bbox 1007 2050 1213 2107; x_wconf 89' lang='lat' dir='ltr'>Nermanniam</span> <span class='ocrx_word' id='word_1_242' title='bbox 1234 2051 1361 2107; x_wconf 91' lang='lat' dir='ltr'>intravit.</span> <span class='ocrx_word' id='word_1_243' title='bbox 1386 2052 1513 2109; x_wconf 83' lang='lat' dir='ltr'>ilabebat</span> <span class='ocrx_word' id='word_1_244' title='bbox 1534 2055 1609 2111; x_wconf 91' lang='lat' dir='ltr'>enim</span> <span class='ocrx_word' id='word_1_245' title='bbox 1632 2074 1730 2115; x_wconf 89' lang='lat' dir='ltr'>secum</span> 
     </span>
     <span class='ocr_line' id='line_1_21' title="bbox 55 2142 1729 2219; baseline 0.002 -16"><span class='ocrx_word' id='word_1_246' title='bbox 55 2154 83 2204; x_wconf 90' lang='lat' dir='ltr'>et</span> <span class='ocrx_word' id='word_1_247' title='bbox 95 2148 203 2219; x_wconf 90' lang='lat' dir='ltr'>ingens</span> <span class='ocrx_word' id='word_1_248' title='bbox 217 2145 380 2214; x_wconf 89' lang='lat' dir='ltr'>bominum,</span> <span class='ocrx_word' id='word_1_249' title='bbox 390 2145 438 2217; x_wconf 92' lang='lat' dir='ltr'>qui</span> <span class='ocrx_word' id='word_1_250' title='bbox 456 2145 516 2216; x_wconf 87' lang='lat' dir='ltr'>regi</span> <span class='ocrx_word' id='word_1_251' title='bbox 531 2144 674 2215; x_wconf 88' lang='lat' dir='ltr'>favebant,</span> <span class='ocrx_word' id='word_1_252' title='bbox 686 2150 802 2218; x_wconf 89' lang='lat' dir='ltr'>captura</span> <span class='ocrx_word' id='word_1_253' title='bbox 812 2146 869 2202; x_wconf 88' lang='lat' dir='ltr'>sive</span> <span class='ocrx_word' id='word_1_254' title='bbox 918 2145 1101 2202; x_wconf 86' lang='lat' dir='ltr'>Gnillelmnm</span> <span class='ocrx_word' id='word_1_255' title='bbox 1116 2142 1317 2199; x_wconf 87' lang='lat' dir='ltr'>Pictaviensem</span> <span class='ocrx_word' id='word_1_256' title='bbox 1334 2144 1436 2200; x_wconf 90' lang='lat' dir='ltr'>ducem</span> <span class='ocrx_word' id='word_1_257' title='bbox 1451 2150 1479 2201; x_wconf 89' lang='lat' dir='ltr'>et</span> <span class='ocrx_word' id='word_1_258' title='bbox 1491 2147 1648 2205; x_wconf 76' lang='lat' dir='ltr'>leidradum</span> <span class='ocrx_word' id='word_1_259' title='bbox 1662 2151 1729 2207; x_wconf 83' lang='lat' dir='ltr'>ttin-</span> 
     </span>
     <span class='ocr_line' id='line_1_22' title="bbox 55 2237 1729 2311; baseline 0.002 -15"><span class='ocrx_word' id='word_1_260' title='bbox 55 2240 150 2296; x_wconf 81' lang='lat' dir='ltr'>caedes</span> <span class='ocrx_word' id='word_1_261' title='bbox 160 2240 235 2295; x_wconf 89' lang='lat' dir='ltr'>facta</span> <span class='ocrx_word' id='word_1_262' title='bbox 248 2245 301 2293; x_wconf 91' lang='lat' dir='ltr'>est.</span> <span class='ocrx_word' id='word_1_263' title='bbox 643 2274 645 2279; x_wconf 67' lang='grc'><em>»</em></span> <span class='ocrx_word' id='word_1_264' title='bbox 919 2240 1113 2305; x_wconf 88' lang='lat' dir='ltr'>decinensem,</span> <span class='ocrx_word' id='word_1_265' title='bbox 1126 2237 1310 2293; x_wconf 87' lang='lat' dir='ltr'>Guillelmum</span> <span class='ocrx_word' id='word_1_266' title='bbox 1321 2240 1579 2311; x_wconf 80' lang='lat' dir='ltr'>quoqneJ&#39;uvenem</span> <span class='ocrx_word' id='word_1_267' title='bbox 1588 2244 1729 2300; x_wconf 84' lang='lat' dir='ltr'>Guilleimi</span> 
     </span>
     <span class='ocr_line' id='line_1_23' title="bbox 91 2328 1730 2403; baseline 0.003 -15"><span class='ocrx_word' id='word_1_268' title='bbox 91 2336 133 2388; x_wconf 85' lang='lat' dir='ltr'>Ea</span> <span class='ocrx_word' id='word_1_269' title='bbox 145 2334 324 2403; x_wconf 87' lang='lat' dir='ltr'>tempestate,</span> <span class='ocrx_word' id='word_1_270' title='bbox 335 2330 529 2386; x_wconf 90' lang='lat' dir='ltr'>Gealernnnus</span> <span class='ocrx_word' id='word_1_271' title='bbox 539 2334 567 2386; x_wconf 92' lang='lat' dir='ltr'>et</span> <span class='ocrx_word' id='word_1_272' title='bbox 581 2330 739 2387; x_wconf 83' lang='lat' dir='ltr'>Radbertus</span> <span class='ocrx_word' id='word_1_273' title='bbox 752 2332 869 2388; x_wconf 90' lang='lat' dir='ltr'>comites</span> <span class='ocrx_word' id='word_1_274' title='bbox 918 2332 1097 2388; x_wconf 81' lang='lat' dir='ltr'>llivernensis</span> <span class='ocrx_word' id='word_1_275' title='bbox 1116 2328 1239 2386; x_wconf 88' lang='lat' dir='ltr'>consulis</span> <span class='ocrx_word' id='word_1_276' title='bbox 1253 2329 1355 2401; x_wconf 88' lang='lat' dir='ltr'>lilium,</span> <span class='ocrx_word' id='word_1_277' title='bbox 1372 2336 1401 2386; x_wconf 94' lang='lat' dir='ltr'>et</span> <span class='ocrx_word' id='word_1_278' title='bbox 1419 2332 1601 2391; x_wconf 84' lang='lat' dir='ltr'>Guillelmnm</span> <span class='ocrx_word' id='word_1_279' title='bbox 1621 2336 1730 2393; x_wconf 85' lang='lat' dir='ltr'>Pentivi</span> 
     </span>
     <span class='ocr_line' id='line_1_24' title="bbox 55 2423 1729 2501; baseline 0.001 -18"><span class='ocrx_word' id='word_1_280' title='bbox 55 2426 226 2484; x_wconf 89' lang='lat' dir='ltr'>auxilinma</span> <span class='ocrx_word' id='word_1_281' title='bbox 242 2423 404 2480; x_wconf 89' lang='lat' dir='ltr'>Thedbalde</span> <span class='ocrx_word' id='word_1_282' title='bbox 422 2424 526 2478; x_wconf 89' lang='lat' dir='ltr'>comite</span> <span class='ocrx_word' id='word_1_283' title='bbox 545 2424 691 2495; x_wconf 80' lang='lat' dir='ltr'>(blesensi)</span> <span class='ocrx_word' id='word_1_284' title='bbox 713 2425 867 2495; x_wconf 88' lang='lat' dir='ltr'>petierunt,</span> <span class='ocrx_word' id='word_1_285' title='bbox 919 2426 1065 2494; x_wconf 87' lang='lat' dir='ltr'>comitem,</span> <span class='ocrx_word' id='word_1_286' title='bbox 1094 2427 1285 2496; x_wconf 88' lang='lat' dir='ltr'>cognomento</span> <span class='ocrx_word' id='word_1_287' title='bbox 1309 2424 1495 2480; x_wconf 86' lang='lat' dir='ltr'>Talavacium.</span> <span class='ocrx_word' id='word_1_288' title='bbox 1519 2427 1552 2481; x_wconf 91' lang='lat' dir='ltr'>lli</span> <span class='ocrx_word' id='word_1_289' title='bbox 1578 2428 1729 2501; x_wconf 91' lang='lat' dir='ltr'>nimirum,</span> 
     </span>
     <span class='ocr_line' id='line_1_25' title="bbox 52 2517 1729 2593; baseline 0.002 -17"><span class='ocrx_word' id='word_1_290' title='bbox 52 2520 226 2593; x_wconf 90' lang='lat' dir='ltr'>ipsumque,</span> <span class='ocrx_word' id='word_1_291' title='bbox 252 2517 326 2573; x_wconf 90' lang='lat' dir='ltr'>datis</span> <span class='ocrx_word' id='word_1_292' title='bbox 352 2523 466 2572; x_wconf 87' lang='lat' dir='ltr'>centum</span> <span class='ocrx_word' id='word_1_293' title='bbox 494 2517 594 2571; x_wconf 89' lang='lat' dir='ltr'>mareis</span> <span class='ocrx_word' id='word_1_294' title='bbox 620 2518 745 2587; x_wconf 81' lang='lat' dir='ltr'>argenti,</span> <span class='ocrx_word' id='word_1_295' title='bbox 773 2521 869 2574; x_wconf 91' lang='lat' dir='ltr'>centra</span> <span class='ocrx_word' id='word_1_296' title='bbox 919 2520 1024 2591; x_wconf 91' lang='lat' dir='ltr'>aliique</span> <span class='ocrx_word' id='word_1_297' title='bbox 1048 2519 1144 2590; x_wconf 90' lang='lat' dir='ltr'>plnres</span> <span class='ocrx_word' id='word_1_298' title='bbox 1165 2518 1271 2574; x_wconf 93' lang='lat' dir='ltr'>tribuni</span> <span class='ocrx_word' id='word_1_299' title='bbox 1292 2522 1321 2574; x_wconf 91' lang='lat' dir='ltr'>et</span> <span class='ocrx_word' id='word_1_300' title='bbox 1342 2518 1521 2574; x_wconf 90' lang='lat' dir='ltr'>centuriones</span> <span class='ocrx_word' id='word_1_301' title='bbox 1544 2537 1608 2575; x_wconf 90' lang='lat' dir='ltr'>cnm</span> <span class='ocrx_word' id='word_1_302' title='bbox 1623 2521 1729 2579; x_wconf 86' lang='lat' dir='ltr'>viribus</span> 
     </span>
     <span class='ocr_line' id='line_1_26' title="bbox 55 2610 1726 2684; baseline 0.001 -14"><span class='ocrx_word' id='word_1_303' title='bbox 55 2613 214 2684; x_wconf 89' lang='lat' dir='ltr'>llegerium</span> <span class='ocrx_word' id='word_1_304' title='bbox 233 2611 267 2667; x_wconf 89' lang='lat' dir='ltr'>de</span> <span class='ocrx_word' id='word_1_305' title='bbox 280 2610 384 2666; x_wconf 90' lang='lat' dir='ltr'>Toenie</span> <span class='ocrx_word' id='word_1_306' title='bbox 404 2611 608 2666; x_wconf 89' lang='lat' dir='ltr'>conduxerunt.</span> <span class='ocrx_word' id='word_1_307' title='bbox 626 2613 657 2665; x_wconf 93' lang='lat' dir='ltr'>ln</span> <span class='ocrx_word' id='word_1_308' title='bbox 676 2615 783 2666; x_wconf 90' lang='lat' dir='ltr'>terram</span> <span class='ocrx_word' id='word_1_309' title='bbox 801 2627 868 2667; x_wconf 93' lang='lat' dir='ltr'>vere</span> <span class='ocrx_word' id='word_1_310' title='bbox 918 2612 976 2667; x_wconf 90' lang='lat' dir='ltr'>suis</span> <span class='ocrx_word' id='word_1_311' title='bbox 990 2612 1241 2684; x_wconf 69' lang='lat' dir='ltr'>andegavensibus</span> <span class='ocrx_word' id='word_1_312' title='bbox 1255 2611 1386 2668; x_wconf 90' lang='lat' dir='ltr'>associati</span> <span class='ocrx_word' id='word_1_313' title='bbox 1399 2615 1475 2679; x_wconf 89' lang='lat' dir='ltr'>sunt,</span> <span class='ocrx_word' id='word_1_314' title='bbox 1489 2617 1517 2668; x_wconf 91' lang='lat' dir='ltr'>et</span> <span class='ocrx_word' id='word_1_315' title='bbox 1535 2612 1565 2668; x_wconf 92' lang='lat' dir='ltr'>in</span> <span class='ocrx_word' id='word_1_316' title='bbox 1585 2614 1726 2671; x_wconf 88' lang='lat' dir='ltr'>Nerman·</span> 
     </span>
     <span class='ocr_line' id='line_1_27' title="bbox 53 2704 1728 2780; baseline 0.001 -16"><span class='ocrx_word' id='word_1_317' title='bbox 53 2708 120 2779; x_wconf 88' lang='lat' dir='ltr'>ejus</span> <span class='ocrx_word' id='word_1_318' title='bbox 133 2706 164 2762; x_wconf 91' lang='lat' dir='ltr'>in</span> <span class='ocrx_word' id='word_1_319' title='bbox 178 2706 263 2761; x_wconf 90' lang='lat' dir='ltr'>natali</span> <span class='ocrx_word' id='word_1_320' title='bbox 278 2705 308 2761; x_wconf 89' lang='lat' dir='ltr'>S.</span> <span class='ocrx_word' id='word_1_321' title='bbox 323 2704 456 2761; x_wconf 75' lang='lat' dir='ltr'>Barnabae</span> <span class='ocrx_word' id='word_1_322' title='bbox 468 2704 586 2774; x_wconf 88' lang='lat' dir='ltr'>apostoli</span> <span class='ocrx_word' id='word_1_323' title='bbox 598 2721 662 2758; x_wconf 91' lang='lat' dir='ltr'>cum</span> <span class='ocrx_word' id='word_1_324' title='bbox 675 2705 785 2760; x_wconf 88' lang='lat' dir='ltr'>enormi</span> <span class='ocrx_word' id='word_1_325' title='bbox 798 2705 870 2760; x_wconf 93' lang='lat' dir='ltr'>mul-</span> <span class='ocrx_word' id='word_1_326' title='bbox 919 2722 1034 2777; x_wconf 88' lang='lat' dir='ltr'>uesper</span> <span class='ocrx_word' id='word_1_327' title='bbox 1047 2721 1132 2760; x_wconf 91' lang='lat' dir='ltr'>omne</span> <span class='ocrx_word' id='word_1_328' title='bbox 1154 2705 1243 2774; x_wconf 88' lang='lat' dir='ltr'>nefas,</span> <span class='ocrx_word' id='word_1_329' title='bbox 1259 2721 1308 2761; x_wconf 89' lang='lat' dir='ltr'>seu</span> <span class='ocrx_word' id='word_1_330' title='bbox 1323 2721 1375 2778; x_wconf 94' lang='lat' dir='ltr'>pro</span> <span class='ocrx_word' id='word_1_331' title='bbox 1397 2706 1492 2761; x_wconf 88' lang='lat' dir='ltr'>lavere</span> <span class='ocrx_word' id='word_1_332' title='bbox 1510 2705 1654 2780; x_wconf 91' lang='lat' dir='ltr'>principis,</span> <span class='ocrx_word' id='word_1_333' title='bbox 1670 2708 1728 2764; x_wconf 92' lang='lat' dir='ltr'>sive</span> 
     </span>
     <span class='ocr_line' id='line_1_28' title="bbox 52 2797 1727 2870; baseline 0 -13"><span class='ocrx_word' id='word_1_334' title='bbox 52 2800 180 2857; x_wconf 89' lang='lat' dir='ltr'>titudine</span> <span class='ocrx_word' id='word_1_335' title='bbox 195 2800 351 2864; x_wconf 89' lang='lat' dir='ltr'>irruerunt,</span> <span class='ocrx_word' id='word_1_336' title='bbox 366 2801 395 2851; x_wconf 90' lang='lat' dir='ltr'>et</span> <span class='ocrx_word' id='word_1_337' title='bbox 410 2797 567 2852; x_wconf 88' lang='lat' dir='ltr'>multorum</span> <span class='ocrx_word' id='word_1_338' title='bbox 581 2798 695 2869; x_wconf 89' lang='lat' dir='ltr'>tuguria</span> <span class='ocrx_word' id='word_1_339' title='bbox 708 2814 869 2869; x_wconf 89' lang='lat' dir='ltr'>pauperum</span> <span class='ocrx_word' id='word_1_340' title='bbox 919 2814 970 2870; x_wconf 93' lang='lat' dir='ltr'>pro</span> <span class='ocrx_word' id='word_1_341' title='bbox 990 2798 1144 2870; x_wconf 88' lang='lat' dir='ltr'>eupiditate</span> <span class='ocrx_word' id='word_1_342' title='bbox 1166 2797 1269 2869; x_wconf 79' lang='lat' dir='ltr'>predae</span> <span class='ocrx_word' id='word_1_343' title='bbox 1290 2799 1445 2854; x_wconf 88' lang='lat' dir='ltr'>irruerunt.</span> <span class='ocrx_word' id='word_1_344' title='bbox 1472 2798 1550 2855; x_wconf 90' lang='lat' dir='ltr'>Unde</span> <span class='ocrx_word' id='word_1_345' title='bbox 1571 2816 1670 2856; x_wconf 90' lang='lat' dir='ltr'>omnes</span> <span class='ocrx_word' id='word_1_346' title='bbox 1690 2801 1727 2857; x_wconf 88' lang='lat' dir='ltr'>ab</span> 
     </span>
     <span class='ocr_line' id='line_1_29' title="bbox 50 2890 1727 2963; baseline -0.001 -12"><span class='ocrx_word' id='word_1_347' title='bbox 50 2896 84 2950; x_wconf 91' lang='lat' dir='ltr'>in</span> <span class='ocrx_word' id='word_1_348' title='bbox 107 2894 198 2950; x_wconf 87' lang='lat' dir='ltr'>tribus</span> <span class='ocrx_word' id='word_1_349' title='bbox 216 2892 290 2946; x_wconf 89' lang='lat' dir='ltr'>villis</span> <span class='ocrx_word' id='word_1_350' title='bbox 310 2890 539 2947; x_wconf 88' lang='lat' dir='ltr'>combusserunt.</span> <span class='ocrx_word' id='word_1_351' title='bbox 553 2891 682 2946; x_wconf 89' lang='lat' dir='ltr'>Tandem</span> <span class='ocrx_word' id='word_1_352' title='bbox 704 2907 791 2963; x_wconf 91' lang='lat' dir='ltr'>super</span> <span class='ocrx_word' id='word_1_353' title='bbox 809 2891 870 2948; x_wconf 87' lang='lat' dir='ltr'>Bul·</span> <span class='ocrx_word' id='word_1_354' title='bbox 919 2891 1025 2946; x_wconf 91' lang='lat' dir='ltr'>eisdem</span> <span class='ocrx_word' id='word_1_355' title='bbox 1039 2891 1142 2962; x_wconf 90' lang='lat' dir='ltr'>quibus</span> <span class='ocrx_word' id='word_1_356' title='bbox 1156 2891 1340 2963; x_wconf 87' lang='lat' dir='ltr'>impudenter</span> <span class='ocrx_word' id='word_1_357' title='bbox 1357 2894 1527 2960; x_wconf 88' lang='lat' dir='ltr'>nocuerunt,</span> <span class='ocrx_word' id='word_1_358' title='bbox 1543 2892 1641 2948; x_wconf 90' lang='lat' dir='ltr'>hostili</span> <span class='ocrx_word' id='word_1_359' title='bbox 1661 2893 1727 2951; x_wconf 94' lang='lat' dir='ltr'>edie</span> 
     </span>
     <span class='ocr_line' id='line_1_30' title="bbox 51 2983 1532 3060; baseline -0.003 -17"><span class='ocrx_word' id='word_1_360' title='bbox 51 2988 153 3060; x_wconf 88' lang='lat' dir='ltr'>gelum</span> <span class='ocrx_word' id='word_1_361' title='bbox 185 2986 337 3057; x_wconf 90' lang='lat' dir='ltr'>quemdam</span> <span class='ocrx_word' id='word_1_362' title='bbox 370 2984 509 3055; x_wconf 88' lang='lat' dir='ltr'>grandem</span> <span class='ocrx_word' id='word_1_363' title='bbox 536 2985 628 3039; x_wconf 88' lang='lat' dir='ltr'>vicum</span> <span class='ocrx_word' id='word_1_364' title='bbox 656 2985 810 3051; x_wconf 87' lang='lat' dir='ltr'>irruerunt,</span> <span class='ocrx_word' id='word_1_365' title='bbox 840 2990 868 3040; x_wconf 91' lang='lat' dir='ltr'>et</span> <span class='ocrx_word' id='word_1_366' title='bbox 919 2984 1064 3039; x_wconf 88' lang='lat' dir='ltr'>ltili-Becci</span> <span class='ocrx_word' id='word_1_367' title='bbox 1078 2983 1234 3055; x_wconf 88' lang='lat' dir='ltr'>despective</span> <span class='ocrx_word' id='word_1_368' title='bbox 1248 2983 1445 3055; x_wconf 85' lang='lat' dir='ltr'>cognominati</span> <span class='ocrx_word' id='word_1_369' title='bbox 1458 2988 1532 3039; x_wconf 90' lang='lat' dir='ltr'>sunt.</span> 
     </span>
     <span class='ocr_line' id='line_1_31' title="bbox 50 3076 1726 3172; baseline 0 -37"><span class='ocrx_word' id='word_1_370' title='bbox 50 3080 192 3136; x_wconf 89' lang='lat' dir='ltr'>instinctu</span> <span class='ocrx_word' id='word_1_371' title='bbox 213 3078 323 3134; x_wconf 89' lang='lat' dir='ltr'>comitis</span> <span class='ocrx_word' id='word_1_372' title='bbox 343 3079 532 3149; x_wconf 81' lang='lat' dir='ltr'>tegrecestrm</span> <span class='ocrx_word' id='word_1_373' title='bbox 550 3077 650 3131; x_wconf 89' lang='lat' dir='ltr'>vicinis</span> <span class='ocrx_word' id='word_1_374' title='bbox 669 3077 698 3132; x_wconf 94' lang='lat' dir='ltr'>in</span> <span class='ocrx_word' id='word_1_375' title='bbox 718 3077 905 3172; x_wconf 60' lang='lat' dir='ltr'>penatibus(</span> <span class='ocrx_word' id='word_1_376' title='bbox 954 3079 986 3133; x_wconf 92' lang='lat' dir='ltr'>ln</span> <span class='ocrx_word' id='word_1_377' title='bbox 1010 3076 1108 3148; x_wconf 90' lang='lat' dir='ltr'>primis</span> <span class='ocrx_word' id='word_1_378' title='bbox 1131 3092 1227 3131; x_wconf 90' lang='lat' dir='ltr'>comes</span> <span class='ocrx_word' id='word_1_379' title='bbox 1249 3076 1427 3148; x_wconf 83' lang='lat' dir='ltr'>Quadragias</span> <span class='ocrx_word' id='word_1_380' title='bbox 1449 3077 1587 3149; x_wconf 89' lang='lat' dir='ltr'>oppidum</span> <span class='ocrx_word' id='word_1_381' title='bbox 1607 3079 1726 3149; x_wconf 88' lang='lat' dir='ltr'>obsedit,</span> 
     </span>
     <span class='ocr_line' id='line_1_32' title="bbox 50 3145 1729 3246; baseline -0.001 -16"><span class='ocrx_word' id='word_1_382' title='bbox 50 3176 154 3246; x_wconf 89' lang='lat' dir='ltr'>ignem</span> <span class='ocrx_word' id='word_1_383' title='bbox 178 3172 375 3238; x_wconf 88' lang='lat' dir='ltr'>immiserunt,</span> <span class='ocrx_word' id='word_1_384' title='bbox 404 3175 432 3227; x_wconf 92' lang='lat' dir='ltr'>et</span> <span class='ocrx_word' id='word_1_385' title='bbox 466 3170 690 3243; x_wconf 89' lang='lat' dir='ltr'>pulcherrimam</span> <span class='ocrx_word' id='word_1_386' title='bbox 717 3170 807 3226; x_wconf 79' lang='lat' dir='ltr'>eadem</span> <span class='ocrx_word' id='word_1_387' title='bbox 837 3171 866 3227; x_wconf 88' lang='lat' dir='ltr'>S.</span> <span class='ocrx_word' id='word_1_388' title='bbox 894 3145 1053 3225; x_wconf 53' lang='lat' dir='ltr'>*etarcem</span> <span class='ocrx_word' id='word_1_389' title='bbox 1072 3186 1158 3241; x_wconf 88' lang='lat' dir='ltr'>quam</span> <span class='ocrx_word' id='word_1_390' title='bbox 1176 3170 1335 3225; x_wconf 79' lang='lat' dir='ltr'>GuaIterius</span> <span class='ocrx_word' id='word_1_391' title='bbox 1352 3170 1433 3225; x_wconf 90' lang='lat' dir='ltr'>miles</span> <span class='ocrx_word' id='word_1_392' title='bbox 1451 3170 1574 3239; x_wconf 87' lang='lat' dir='ltr'>tenebat,</span> <span class='ocrx_word' id='word_1_393' title='bbox 1589 3172 1729 3228; x_wconf 91' lang='lat' dir='ltr'>intridne</span> 
     </span>
     <span class='ocr_line' id='line_1_33' title="bbox 49 3262 1727 3337; baseline -0.002 -13"><span class='ocrx_word' id='word_1_394' title='bbox 49 3266 147 3325; x_wconf 76' lang='lat' dir='ltr'>staria</span> <span class='ocrx_word' id='word_1_395' title='bbox 161 3265 332 3337; x_wconf 85' lang='lat' dir='ltr'>hlagdalenae</span> <span class='ocrx_word' id='word_1_396' title='bbox 346 3280 411 3320; x_wconf 88' lang='lat' dir='ltr'>cnm</span> <span class='ocrx_word' id='word_1_397' title='bbox 424 3264 490 3319; x_wconf 90' lang='lat' dir='ltr'>viris</span> <span class='ocrx_word' id='word_1_398' title='bbox 512 3267 541 3318; x_wconf 90' lang='lat' dir='ltr'>et</span> <span class='ocrx_word' id='word_1_399' title='bbox 555 3262 721 3319; x_wconf 88' lang='lat' dir='ltr'>mulieribus</span> <span class='ocrx_word' id='word_1_400' title='bbox 734 3263 866 3319; x_wconf 88' lang='lat' dir='ltr'>incende·</span> <span class='ocrx_word' id='word_1_401' title='bbox 919 3263 1112 3334; x_wconf 80' lang='lat' dir='ltr'>expugnavit3</span> <span class='ocrx_word' id='word_1_402' title='bbox 1131 3263 1180 3319; x_wconf 91' lang='lat' dir='ltr'>sed</span> <span class='ocrx_word' id='word_1_403' title='bbox 1193 3263 1324 3319; x_wconf 89' lang='lat' dir='ltr'>eamdem</span> <span class='ocrx_word' id='word_1_404' title='bbox 1339 3262 1422 3334; x_wconf 87' lang='lat' dir='ltr'>paule</span> <span class='ocrx_word' id='word_1_405' title='bbox 1437 3269 1501 3334; x_wconf 89' lang='lat' dir='ltr'>pest</span> <span class='ocrx_word' id='word_1_406' title='bbox 1519 3264 1594 3320; x_wconf 85' lang='lat' dir='ltr'>idem</span> <span class='ocrx_word' id='word_1_407' title='bbox 1609 3264 1727 3336; x_wconf 90' lang='lat' dir='ltr'>oppida·</span> 
     </span>
     <span class='ocr_line' id='line_1_34' title="bbox 49 3355 1726 3431; baseline -0.001 -16"><span class='ocrx_word' id='word_1_408' title='bbox 49 3364 132 3416; x_wconf 89' lang='lat' dir='ltr'>runt.</span> <span class='ocrx_word' id='word_1_409' title='bbox 153 3359 217 3431; x_wconf 90' lang='lat' dir='ltr'>lpse</span> <span class='ocrx_word' id='word_1_410' title='bbox 238 3359 295 3426; x_wconf 84' lang='lat' dir='ltr'>die,</span> <span class='ocrx_word' id='word_1_411' title='bbox 309 3357 456 3413; x_wconf 89' lang='lat' dir='ltr'>llicherius</span> <span class='ocrx_word' id='word_1_412' title='bbox 479 3356 639 3428; x_wconf 72' lang='lat' dir='ltr'>aquilensis</span> <span class='ocrx_word' id='word_1_413' title='bbox 660 3359 688 3411; x_wconf 91' lang='lat' dir='ltr'>et</span> <span class='ocrx_word' id='word_1_414' title='bbox 711 3356 867 3412; x_wconf 68' lang='lat' dir='ltr'>alveredus</span> <span class='ocrx_word' id='word_1_415' title='bbox 919 3372 981 3421; x_wconf 91' lang='lat' dir='ltr'>nus,</span> <span class='ocrx_word' id='word_1_416' title='bbox 998 3355 1166 3410; x_wconf 90' lang='lat' dir='ltr'>adversariis</span> <span class='ocrx_word' id='word_1_417' title='bbox 1178 3355 1358 3424; x_wconf 87' lang='lat' dir='ltr'>abeuntibus,</span> <span class='ocrx_word' id='word_1_418' title='bbox 1373 3357 1560 3427; x_wconf 86' lang='lat' dir='ltr'>recuperavit.</span> <span class='ocrx_word' id='word_1_419' title='bbox 1580 3357 1726 3413; x_wconf 88' lang='lat' dir='ltr'>Sceceium</span> 
     </span>
     <span class='ocr_line' id='line_1_35' title="bbox 50 3448 1725 3522; baseline -0.001 -15"><span class='ocrx_word' id='word_1_420' title='bbox 50 3452 254 3522; x_wconf 86' lang='lat' dir='ltr'>Vemeliensis,</span> <span class='ocrx_word' id='word_1_421' title='bbox 276 3452 345 3506; x_wconf 76' lang='lat' dir='ltr'>darm</span> <span class='ocrx_word' id='word_1_422' title='bbox 365 3453 431 3505; x_wconf 90' lang='lat' dir='ltr'>ante</span> <span class='ocrx_word' id='word_1_423' title='bbox 453 3466 539 3504; x_wconf 89' lang='lat' dir='ltr'>nevas</span> <span class='ocrx_word' id='word_1_424' title='bbox 562 3448 703 3503; x_wconf 81' lang='lat' dir='ltr'>Ferrarius</span> <span class='ocrx_word' id='word_1_425' title='bbox 722 3465 787 3503; x_wconf 90' lang='lat' dir='ltr'>cum</span> <span class='ocrx_word' id='word_1_426' title='bbox 809 3450 868 3504; x_wconf 91' lang='lat' dir='ltr'>suis</span> <span class='ocrx_word' id='word_1_427' title='bbox 918 3448 1015 3503; x_wconf 81' lang='lat' dir='ltr'>inculte</span> <span class='ocrx_word' id='word_1_428' title='bbox 1025 3454 1289 3516; x_wconf 89' lang='lat' dir='ltr'>concremaverunt,</span> <span class='ocrx_word' id='word_1_429' title='bbox 1299 3455 1327 3505; x_wconf 85' lang='lat' dir='ltr'>et</span> <span class='ocrx_word' id='word_1_430' title='bbox 1336 3449 1528 3519; x_wconf 89' lang='lat' dir='ltr'>relinquentes</span> <span class='ocrx_word' id='word_1_431' title='bbox 1539 3449 1725 3520; x_wconf 90' lang='lat' dir='ltr'>aufugerunt,</span> 
     </span>
     <span class='ocr_line' id='line_1_36' title="bbox 48 3540 1727 3613; baseline -0.003 -11"><span class='ocrx_word' id='word_1_432' title='bbox 48 3546 216 3609; x_wconf 86' lang='lat' dir='ltr'>transirent,</span> <span class='ocrx_word' id='word_1_433' title='bbox 239 3563 255 3600; x_wconf 91' lang='lat' dir='ltr'>a</span> <span class='ocrx_word' id='word_1_434' title='bbox 280 3544 420 3600; x_wconf 84' lang='lat' dir='ltr'>liodberto</span> <span class='ocrx_word' id='word_1_435' title='bbox 446 3543 481 3598; x_wconf 91' lang='lat' dir='ltr'>de</span> <span class='ocrx_word' id='word_1_436' title='bbox 504 3541 625 3599; x_wconf 90' lang='lat' dir='ltr'>Belismo</span> <span class='ocrx_word' id='word_1_437' title='bbox 648 3544 702 3613; x_wconf 71' lang='grc' dir='ltr'><strong>(ιι)</strong></span> <span class='ocrx_word' id='word_1_438' title='bbox 728 3547 756 3596; x_wconf 86' lang='grc' dir='ltr'><strong>ει</strong></span> <span class='ocrx_word' id='word_1_439' title='bbox 777 3542 866 3596; x_wconf 81' lang='lat' dir='ltr'>Malis·</span> <span class='ocrx_word' id='word_1_440' title='bbox 917 3547 946 3597; x_wconf 93' lang='lat' dir='ltr'>et</span> <span class='ocrx_word' id='word_1_441' title='bbox 968 3541 1095 3596; x_wconf 88' lang='lat' dir='ltr'>hostibus</span> <span class='ocrx_word' id='word_1_442' title='bbox 1116 3540 1292 3611; x_wconf 90' lang='lat' dir='ltr'>pedetentim</span> <span class='ocrx_word' id='word_1_443' title='bbox 1313 3541 1542 3612; x_wconf 88' lang='lat' dir='ltr'>properantibus,</span> <span class='ocrx_word' id='word_1_444' title='bbox 1563 3541 1676 3597; x_wconf 88' lang='lat' dir='ltr'>furnum</span> <span class='ocrx_word' id='word_1_445' title='bbox 1697 3546 1727 3599; x_wconf 89' lang='lat' dir='ltr'>et</span> 
     </span>
     <span class='ocr_line' id='line_1_37' title="bbox 49 3632 1725 3710; baseline -0.002 -15"><span class='ocrx_word' id='word_1_446' title='bbox 49 3639 155 3696; x_wconf 87' lang='lat' dir='ltr'>vicinis</span> <span class='ocrx_word' id='word_1_447' title='bbox 167 3638 285 3710; x_wconf 90' lang='lat' dir='ltr'>aliisque</span> <span class='ocrx_word' id='word_1_448' title='bbox 299 3637 436 3692; x_wconf 86' lang='lat' dir='ltr'>militibus</span> <span class='ocrx_word' id='word_1_449' title='bbox 449 3636 541 3701; x_wconf 88' lang='lat' dir='ltr'>Gallis,</span> <span class='ocrx_word' id='word_1_450' title='bbox 557 3635 606 3707; x_wconf 94' lang='lat' dir='ltr'>qui</span> <span class='ocrx_word' id='word_1_451' title='bbox 622 3633 778 3706; x_wconf 83' lang='lat' dir='ltr'>llegerium</span> <span class='ocrx_word' id='word_1_452' title='bbox 790 3635 868 3707; x_wconf 90' lang='lat' dir='ltr'>adju·</span> <span class='ocrx_word' id='word_1_453' title='bbox 916 3634 1025 3689; x_wconf 86' lang='lat' dir='ltr'>favillas</span> <span class='ocrx_word' id='word_1_454' title='bbox 1040 3633 1218 3689; x_wconf 89' lang='lat' dir='ltr'>dimiserunt.</span> <span class='ocrx_word' id='word_1_455' title='bbox 1232 3633 1385 3704; x_wconf 71' lang='lat' dir='ltr'>Municipes</span> <span class='ocrx_word' id='word_1_456' title='bbox 1401 3632 1436 3689; x_wconf 92' lang='lat' dir='ltr'>de</span> <span class='ocrx_word' id='word_1_457' title='bbox 1457 3634 1580 3690; x_wconf 78' lang='lat' dir='ltr'>denebec</span> <span class='ocrx_word' id='word_1_458' title='bbox 1592 3636 1683 3690; x_wconf 87' lang='lat' dir='ltr'>ioedus</span> <span class='ocrx_word' id='word_1_459' title='bbox 1695 3636 1725 3691; x_wconf 94' lang='lat' dir='ltr'>in</span> 
     </span>
     <span class='ocr_line' id='line_1_38' title="bbox 48 3725 1724 3802; baseline -0.002 -13"><span class='ocrx_word' id='word_1_460' title='bbox 48 3734 168 3798; x_wconf 88' lang='lat' dir='ltr'>vabant,</span> <span class='ocrx_word' id='word_1_461' title='bbox 182 3732 294 3787; x_wconf 84' lang='lat' dir='ltr'>fortiter</span> <span class='ocrx_word' id='word_1_462' title='bbox 305 3730 431 3802; x_wconf 90' lang='lat' dir='ltr'>imperiti</span> <span class='ocrx_word' id='word_1_463' title='bbox 444 3733 473 3784; x_wconf 92' lang='lat' dir='ltr'>et</span> <span class='ocrx_word' id='word_1_464' title='bbox 486 3729 577 3799; x_wconf 87' lang='lat' dir='ltr'>fugati</span> <span class='ocrx_word' id='word_1_465' title='bbox 588 3734 663 3795; x_wconf 87' lang='lat' dir='ltr'>sunt,</span> <span class='ocrx_word' id='word_1_466' title='bbox 679 3733 707 3783; x_wconf 90' lang='lat' dir='ltr'>et</span> <span class='ocrx_word' id='word_1_467' title='bbox 720 3727 817 3783; x_wconf 91' lang='lat' dir='ltr'>multis</span> <span class='ocrx_word' id='word_1_468' title='bbox 833 3745 867 3783; x_wconf 87' lang='lat' dir='ltr'>ex</span> <span class='ocrx_word' id='word_1_469' title='bbox 916 3744 1023 3783; x_wconf 88' lang='lat' dir='ltr'>annum</span> <span class='ocrx_word' id='word_1_470' title='bbox 1038 3727 1217 3799; x_wconf 89' lang='lat' dir='ltr'>pepigerunt.</span> <span class='ocrx_word' id='word_1_471' title='bbox 1232 3726 1390 3782; x_wconf 84' lang='lat' dir='ltr'>Radbertus</span> <span class='ocrx_word' id='word_1_472' title='bbox 1408 3725 1484 3782; x_wconf 89' lang='lat' dir='ltr'>enim</span> <span class='ocrx_word' id='word_1_473' title='bbox 1502 3726 1536 3783; x_wconf 91' lang='lat' dir='ltr'>de</span> <span class='ocrx_word' id='word_1_474' title='bbox 1555 3728 1724 3800; x_wconf 89' lang='lat' dir='ltr'>Nevobnrge</span> 
     </span>
     <span class='ocr_line' id='line_1_39' title="bbox 49 3818 1725 3893; baseline -0.004 -10"><span class='ocrx_word' id='word_1_475' title='bbox 49 3842 154 3884; x_wconf 90' lang='lat' dir='ltr'>eorum</span> <span class='ocrx_word' id='word_1_476' title='bbox 166 3824 309 3880; x_wconf 88' lang='lat' dir='ltr'>sodalibus</span> <span class='ocrx_word' id='word_1_477' title='bbox 322 3823 410 3893; x_wconf 90' lang='lat' dir='ltr'>captis</span> <span class='ocrx_word' id='word_1_478' title='bbox 419 3823 461 3877; x_wconf 91' lang='lat' dir='ltr'>vel</span> <span class='ocrx_word' id='word_1_479' title='bbox 472 3821 636 3888; x_wconf 86' lang='lat' dir='ltr'>interfectis,</span> <span class='ocrx_word' id='word_1_480' title='bbox 649 3821 694 3876; x_wconf 87' lang='lat' dir='ltr'>vix</span> <span class='ocrx_word' id='word_1_481' title='bbox 706 3826 865 3878; x_wconf 90' lang='lat' dir='ltr'>evaserunt.</span> <span class='ocrx_word' id='word_1_482' title='bbox 916 3821 1027 3893; x_wconf 79' lang='lat' dir='ltr'>praefati</span> <span class='ocrx_word' id='word_1_483' title='bbox 1041 3819 1125 3875; x_wconf 89' lang='lat' dir='ltr'>castri</span> <span class='ocrx_word' id='word_1_484' title='bbox 1139 3818 1274 3875; x_wconf 91' lang='lat' dir='ltr'>dominus</span> <span class='ocrx_word' id='word_1_485' title='bbox 1286 3818 1409 3875; x_wconf 81' lang='lat' dir='ltr'>loffredo</span> <span class='ocrx_word' id='word_1_486' title='bbox 1418 3820 1516 3876; x_wconf 90' lang='lat' dir='ltr'>comiti</span> <span class='ocrx_word' id='word_1_487' title='bbox 1527 3824 1611 3877; x_wconf 88' lang='lat' dir='ltr'>notus</span> <span class='ocrx_word' id='word_1_488' title='bbox 1619 3822 1725 3892; x_wconf 90' lang='lat' dir='ltr'>fuerat,</span> 
     </span>
     <span class='ocr_line' id='line_1_40' title="bbox 49 3912 1727 3991; baseline -0.003 -15"><span class='ocrx_word' id='word_1_489' title='bbox 49 3919 150 3977; x_wconf 87' lang='lat' dir='ltr'>Tertia</span> <span class='ocrx_word' id='word_1_490' title='bbox 162 3918 324 3991; x_wconf 86' lang='lat' dir='ltr'>septimana</span> <span class='ocrx_word' id='word_1_491' title='bbox 337 3914 424 3983; x_wconf 87' lang='lat' dir='ltr'>lunii,</span> <span class='ocrx_word' id='word_1_492' title='bbox 439 3914 620 3970; x_wconf 88' lang='lat' dir='ltr'>Thedbaldus</span> <span class='ocrx_word' id='word_1_493' title='bbox 640 3930 735 3969; x_wconf 89' lang='lat' dir='ltr'>comes</span> <span class='ocrx_word' id='word_1_494' title='bbox 747 3916 867 3970; x_wconf 88' lang='lat' dir='ltr'>Pontem</span> <span class='ocrx_word' id='word_1_495' title='bbox 915 3918 944 3969; x_wconf 91' lang='lat' dir='ltr'>at</span> <span class='ocrx_word' id='word_1_496' title='bbox 956 3930 1008 3985; x_wconf 90' lang='lat' dir='ltr'>per</span> <span class='ocrx_word' id='word_1_497' title='bbox 1026 3913 1195 3970; x_wconf 73' lang='lat' dir='ltr'>emalricum</span> <span class='ocrx_word' id='word_1_498' title='bbox 1215 3913 1348 3968; x_wconf 88' lang='lat' dir='ltr'>comitem</span> <span class='ocrx_word' id='word_1_499' title='bbox 1364 3912 1536 3983; x_wconf 88' lang='lat' dir='ltr'>jamdudum</span> <span class='ocrx_word' id='word_1_500' title='bbox 1559 3914 1727 3971; x_wconf 85' lang='lat' dir='ltr'>amicitiast</span> 
     </span>
     <span class='ocr_line' id='line_1_41' title="bbox 47 4004 1726 4082; baseline -0.003 -13"><span class='ocrx_word' id='word_1_501' title='bbox 47 4016 76 4071; x_wconf 89' lang='lat' dir='ltr'>S.</span> <span class='ocrx_word' id='word_1_502' title='bbox 98 4012 175 4068; x_wconf 88' lang='lat' dir='ltr'>Petri</span> <span class='ocrx_word' id='word_1_503' title='bbox 188 4010 308 4077; x_wconf 90' lang='lat' dir='ltr'>obsedit,</span> <span class='ocrx_word' id='word_1_504' title='bbox 328 4013 356 4064; x_wconf 91' lang='grc' dir='ltr'><strong>ει</strong></span> <span class='ocrx_word' id='word_1_505' title='bbox 368 4025 420 4082; x_wconf 91' lang='lat' dir='ltr'>per</span> <span class='ocrx_word' id='word_1_506' title='bbox 439 4008 584 4079; x_wconf 86' lang='lat' dir='ltr'>integrum</span> <span class='ocrx_word' id='word_1_507' title='bbox 606 4023 735 4062; x_wconf 88' lang='lat' dir='ltr'>mensem</span> <span class='ocrx_word' id='word_1_508' title='bbox 750 4007 863 4079; x_wconf 88' lang='lat' dir='ltr'>impug-</span> <span class='ocrx_word' id='word_1_509' title='bbox 915 4006 1105 4062; x_wconf 84' lang='lat' dir='ltr'>familiaritate</span> <span class='ocrx_word' id='word_1_510' title='bbox 1132 4004 1295 4061; x_wconf 85' lang='lat' dir='ltr'>inhaescret.</span> <span class='ocrx_word' id='word_1_511' title='bbox 1325 4004 1544 4077; x_wconf 77' lang='lat' dir='ltr'>Andagarenses</span> <span class='ocrx_word' id='word_1_512' title='bbox 1571 4023 1666 4075; x_wconf 83' lang='lat' dir='ltr'>arcam</span> <span class='ocrx_word' id='word_1_513' title='bbox 1690 4008 1726 4065; x_wconf 91' lang='lat' dir='ltr'>de</span> 
     </span>
     <span class='ocr_line' id='line_1_42' title="bbox 48 4098 1724 4168; baseline -0.003 -6"><span class='ocrx_word' id='word_1_514' title='bbox 48 4106 150 4163; x_wconf 88' lang='lat' dir='ltr'>nando</span> <span class='ocrx_word' id='word_1_515' title='bbox 187 4105 310 4160; x_wconf 91' lang='lat' dir='ltr'>multum</span> <span class='ocrx_word' id='word_1_516' title='bbox 346 4101 493 4157; x_wconf 87' lang='lat' dir='ltr'>laboravit.</span> <span class='ocrx_word' id='word_1_517' title='bbox 528 4099 694 4156; x_wconf 87' lang='lat' dir='ltr'>Gnillelmns</span> <span class='ocrx_word' id='word_1_518' title='bbox 720 4100 796 4155; x_wconf 91' lang='lat' dir='ltr'>enim</span> <span class='ocrx_word' id='word_1_519' title='bbox 829 4100 864 4156; x_wconf 90' lang='lat' dir='ltr'>de</span> <span class='ocrx_word' id='word_1_520' title='bbox 914 4100 1063 4156; x_wconf 86' lang='lat' dir='ltr'>lfesterelo</span> <span class='ocrx_word' id='word_1_521' title='bbox 1082 4099 1223 4168; x_wconf 89' lang='lat' dir='ltr'>adierunt,</span> <span class='ocrx_word' id='word_1_522' title='bbox 1239 4103 1267 4153; x_wconf 90' lang='lat' dir='ltr'>et</span> <span class='ocrx_word' id='word_1_523' title='bbox 1283 4098 1325 4153; x_wconf 91' lang='lat' dir='ltr'>bis</span> <span class='ocrx_word' id='word_1_524' title='bbox 1344 4098 1373 4153; x_wconf 93' lang='lat' dir='ltr'>in</span> <span class='ocrx_word' id='word_1_525' title='bbox 1394 4098 1471 4154; x_wconf 91' lang='lat' dir='ltr'>illarn</span> <span class='ocrx_word' id='word_1_526' title='bbox 1492 4101 1630 4156; x_wconf 88' lang='lat' dir='ltr'>assultum</span> <span class='ocrx_word' id='word_1_527' title='bbox 1649 4100 1724 4158; x_wconf 89' lang='lat' dir='ltr'>fece-</span> 
     </span>
     <span class='ocr_line' id='line_1_43' title="bbox 49 4191 1724 4268; baseline -0.004 -12"><span class='ocrx_word' id='word_1_528' title='bbox 49 4199 188 4256; x_wconf 84' lang='lat' dir='ltr'>Fentibus</span> <span class='ocrx_word' id='word_1_529' title='bbox 202 4214 266 4253; x_wconf 86' lang='lat' dir='ltr'>curn</span> <span class='ocrx_word' id='word_1_530' title='bbox 281 4196 342 4252; x_wconf 91' lang='lat' dir='ltr'>aliis</span> <span class='ocrx_word' id='word_1_531' title='bbox 355 4194 566 4268; x_wconf 89' lang='lat' dir='ltr'>probatissimis</span> <span class='ocrx_word' id='word_1_532' title='bbox 581 4192 718 4249; x_wconf 90' lang='lat' dir='ltr'>militibus</span> <span class='ocrx_word' id='word_1_533' title='bbox 734 4197 762 4248; x_wconf 90' lang='lat' dir='ltr'>et</span> <span class='ocrx_word' id='word_1_534' title='bbox 775 4193 863 4248; x_wconf 90' lang='lat' dir='ltr'>elien·</span> <span class='ocrx_word' id='word_1_535' title='bbox 915 4199 1000 4261; x_wconf 85' lang='lat' dir='ltr'>rnnt;</span> <span class='ocrx_word' id='word_1_536' title='bbox 1016 4193 1065 4248; x_wconf 90' lang='lat' dir='ltr'>sed</span> <span class='ocrx_word' id='word_1_537' title='bbox 1085 4192 1198 4248; x_wconf 90' lang='lat' dir='ltr'>fortiter</span> <span class='ocrx_word' id='word_1_538' title='bbox 1220 4191 1264 4247; x_wconf 91' lang='lat' dir='ltr'>his</span> <span class='ocrx_word' id='word_1_539' title='bbox 1279 4191 1328 4263; x_wconf 92' lang='lat' dir='ltr'>qui</span> <span class='ocrx_word' id='word_1_540' title='bbox 1350 4191 1427 4247; x_wconf 88' lang='lat' dir='ltr'>intus</span> <span class='ocrx_word' id='word_1_541' title='bbox 1441 4198 1522 4248; x_wconf 89' lang='lat' dir='ltr'>erant</span> <span class='ocrx_word' id='word_1_542' title='bbox 1536 4194 1724 4265; x_wconf 89' lang='lat' dir='ltr'>repugnanti-</span> 
     </span>
     <span class='ocr_line' id='line_1_44' title="bbox 48 4284 1724 4364; baseline -0.004 -16"><span class='ocrx_word' id='word_1_543' title='bbox 48 4293 127 4349; x_wconf 90' lang='lat' dir='ltr'>tibns</span> <span class='ocrx_word' id='word_1_544' title='bbox 149 4290 200 4364; x_wconf 93' lang='lat' dir='ltr'>qni</span> <span class='ocrx_word' id='word_1_545' title='bbox 226 4290 347 4361; x_wconf 81' lang='lat' dir='ltr'>lingerio</span> <span class='ocrx_word' id='word_1_546' title='bbox 377 4287 575 4356; x_wconf 76' lang='lat' dir='ltr'>adherebant,</span> <span class='ocrx_word' id='word_1_547' title='bbox 602 4287 706 4342; x_wconf 88' lang='lat' dir='ltr'>acriter</span> <span class='ocrx_word' id='word_1_548' title='bbox 737 4285 864 4341; x_wconf 91' lang='lat' dir='ltr'>hostibus</span> <span class='ocrx_word' id='word_1_549' title='bbox 913 4286 977 4354; x_wconf 88' lang='lat' dir='ltr'>bus,</span> <span class='ocrx_word' id='word_1_550' title='bbox 1002 4285 1072 4341; x_wconf 91' lang='lat' dir='ltr'>nihil</span> <span class='ocrx_word' id='word_1_551' title='bbox 1097 4284 1152 4340; x_wconf 88' lang='lat' dir='ltr'>nisi</span> <span class='ocrx_word' id='word_1_552' title='bbox 1175 4285 1291 4340; x_wconf 85' lang='lat' dir='ltr'>vulnera</span> <span class='ocrx_word' id='word_1_553' title='bbox 1312 4284 1411 4340; x_wconf 89' lang='lat' dir='ltr'>lucrati</span> <span class='ocrx_word' id='word_1_554' title='bbox 1436 4288 1512 4353; x_wconf 88' lang='lat' dir='ltr'>sunt,</span> <span class='ocrx_word' id='word_1_555' title='bbox 1537 4286 1724 4358; x_wconf 89' lang='lat' dir='ltr'>plurimisque</span> 
     </span>
     <span class='ocr_line' id='line_1_45' title="bbox 48 4377 1724 4454; baseline -0.005 -12"><span class='ocrx_word' id='word_1_556' title='bbox 48 4386 197 4442; x_wconf 83' lang='lat' dir='ltr'>obstantes</span> <span class='ocrx_word' id='word_1_557' title='bbox 209 4382 346 4454; x_wconf 88' lang='lat' dir='ltr'>oppidum</span> <span class='ocrx_word' id='word_1_558' title='bbox 362 4380 525 4436; x_wconf 87' lang='lat' dir='ltr'>servabant.</span> <span class='ocrx_word' id='word_1_559' title='bbox 914 4395 1032 4434; x_wconf 89' lang='lat' dir='ltr'>suerum</span> <span class='ocrx_word' id='word_1_560' title='bbox 1059 4377 1225 4447; x_wconf 89' lang='lat' dir='ltr'>interfectis,</span> <span class='ocrx_word' id='word_1_561' title='bbox 1250 4380 1438 4434; x_wconf 89' lang='lat' dir='ltr'>recesserunt.</span> <span class='ocrx_word' id='word_1_562' title='bbox 1462 4377 1620 4433; x_wconf 84' lang='lat' dir='ltr'>Richardns</span> <span class='ocrx_word' id='word_1_563' title='bbox 1647 4378 1724 4434; x_wconf 90' lang='lat' dir='ltr'>enim</span> 
     </span>
     <span class='ocr_line' id='line_1_46' title="bbox 86 4461 1724 4547; baseline -0.005 -12"><span class='ocrx_word' id='word_1_564' title='bbox 86 4481 205 4547; x_wconf 90' lang='lat' dir='ltr'>interea,</span> <span class='ocrx_word' id='word_1_565' title='bbox 216 4475 386 4530; x_wconf 89' lang='lat' dir='ltr'>venerabilis</span> <span class='ocrx_word' id='word_1_566' title='bbox 401 4477 469 4529; x_wconf 85' lang='lat' dir='ltr'>Bese</span> <span class='ocrx_word' id='word_1_567' title='bbox 485 4471 667 4528; x_wconf 88' lang='lat' dir='ltr'>Beceensium</span> <span class='ocrx_word' id='word_1_568' title='bbox 677 4472 774 4539; x_wconf 90' lang='lat' dir='ltr'>abbas,</span> <span class='ocrx_word' id='word_1_569' title='bbox 787 4475 864 4544; x_wconf 90' lang='lat' dir='ltr'>pest·</span> <span class='ocrx_word' id='word_1_570' title='bbox 874 4461 903 4532; x_wconf 88' lang='lat' dir='ltr'>l)</span> <span class='ocrx_word' id='word_1_571' title='bbox 914 4475 1104 4544; x_wconf 88' lang='lat' dir='ltr'>cognomento</span> <span class='ocrx_word' id='word_1_572' title='bbox 1132 4472 1280 4538; x_wconf 80' lang='lat' dir='ltr'>bassetus,</span> <span class='ocrx_word' id='word_1_573' title='bbox 1305 4470 1385 4540; x_wconf 89' lang='lat' dir='ltr'>cujus</span> <span class='ocrx_word' id='word_1_574' title='bbox 1411 4471 1441 4525; x_wconf 92' lang='lat' dir='ltr'>in</span> <span class='ocrx_word' id='word_1_575' title='bbox 1467 4470 1587 4539; x_wconf 72' lang='lat' dir='ltr'>anglia,</span> <span class='ocrx_word' id='word_1_576' title='bbox 1612 4471 1724 4526; x_wconf 90' lang='lat' dir='ltr'>vivente</span> 
     </span>
     <span class='ocr_line' id='line_1_47' title="bbox 46 4562 1723 4645; baseline -0.006 -18"><span class='ocrx_word' id='word_1_577' title='bbox 46 4564 863 4645; x_wconf 84' lang='lat' dir='ltr'>quamidemcoenebiumferexannislandabiliterrexit,</span> <span class='ocrx_word' id='word_1_578' title='bbox 915 4566 1035 4621; x_wconf 86' lang='lat' dir='ltr'>ilenrico</span> <span class='ocrx_word' id='word_1_579' title='bbox 1047 4582 1127 4637; x_wconf 90' lang='lat' dir='ltr'>rege,</span> <span class='ocrx_word' id='word_1_580' title='bbox 1143 4563 1282 4636; x_wconf 89' lang='lat' dir='ltr'>potentia,</span> <span class='ocrx_word' id='word_1_581' title='bbox 1298 4564 1396 4633; x_wconf 88' lang='lat' dir='ltr'>utpote</span> <span class='ocrx_word' id='word_1_582' title='bbox 1418 4563 1547 4634; x_wconf 87' lang='lat' dir='ltr'>capitalis</span> <span class='ocrx_word' id='word_1_583' title='bbox 1565 4562 1723 4633; x_wconf 90' lang='lat' dir='ltr'>justitiarii,</span> 
     </span>
     <span class='ocr_line' id='line_1_48' title="bbox 47 4654 1724 4730; baseline -0.007 -9"><span class='ocrx_word' id='word_1_584' title='bbox 47 4668 79 4721; x_wconf 94' lang='lat' dir='ltr'>in</span> <span class='ocrx_word' id='word_1_585' title='bbox 94 4665 141 4720; x_wconf 90' lang='lat' dir='ltr'>die</span> <span class='ocrx_word' id='word_1_586' title='bbox 151 4662 308 4718; x_wconf 84' lang='lat' dir='ltr'>festivitatis</span> <span class='ocrx_word' id='word_1_587' title='bbox 318 4662 346 4718; x_wconf 90' lang='lat' dir='ltr'>S.</span> <span class='ocrx_word' id='word_1_588' title='bbox 360 4659 474 4716; x_wconf 86' lang='lat' dir='ltr'>loannis</span> <span class='ocrx_word' id='word_1_589' title='bbox 488 4658 631 4730; x_wconf 79' lang='lat' dir='ltr'>baptistae,</span> <span class='ocrx_word' id='word_1_590' title='bbox 647 4662 710 4729; x_wconf 92' lang='lat' dir='ltr'>pest</span> <span class='ocrx_word' id='word_1_591' title='bbox 721 4657 865 4713; x_wconf 89' lang='lat' dir='ltr'>diutinum</span> <span class='ocrx_word' id='word_1_592' title='bbox 915 4675 1021 4729; x_wconf 87' lang='lat' dir='ltr'>magna</span> <span class='ocrx_word' id='word_1_593' title='bbox 1034 4658 1136 4723; x_wconf 85' lang='lat' dir='ltr'>fuerat,</span> <span class='ocrx_word' id='word_1_594' title='bbox 1151 4657 1179 4711; x_wconf 92' lang='lat' dir='ltr'>in</span> <span class='ocrx_word' id='word_1_595' title='bbox 1194 4670 1282 4727; x_wconf 89' lang='lat' dir='ltr'>parvo</span> <span class='ocrx_word' id='word_1_596' title='bbox 1304 4654 1387 4711; x_wconf 89' lang='lat' dir='ltr'>feudo</span> <span class='ocrx_word' id='word_1_597' title='bbox 1399 4654 1474 4726; x_wconf 90' lang='lat' dir='ltr'>quod</span> <span class='ocrx_word' id='word_1_598' title='bbox 1494 4660 1643 4726; x_wconf 90' lang='lat' dir='ltr'>parentum</span> <span class='ocrx_word' id='word_1_599' title='bbox 1662 4671 1724 4710; x_wconf 91' lang='lat' dir='ltr'>suc·</span> 
     </span>
     <span class='ocr_line' id='line_1_49' title="bbox 45 4746 1724 4827; baseline -0.008 -14"><span class='ocrx_word' id='word_1_600' title='bbox 45 4760 228 4827; x_wconf 87' lang='lat' dir='ltr'>languerem,</span> <span class='ocrx_word' id='word_1_601' title='bbox 244 4771 331 4827; x_wconf 92' lang='lat' dir='ltr'>quem</span> <span class='ocrx_word' id='word_1_602' title='bbox 344 4755 386 4809; x_wconf 91' lang='lat' dir='ltr'>vir</span> <span class='ocrx_word' id='word_1_603' title='bbox 403 4751 611 4808; x_wconf 87' lang='lat' dir='ltr'>eruditissimus</span> <span class='ocrx_word' id='word_1_604' title='bbox 627 4751 770 4823; x_wconf 89' lang='lat' dir='ltr'>patienter</span> <span class='ocrx_word' id='word_1_605' title='bbox 790 4751 864 4805; x_wconf 85' lang='lat' dir='ltr'>tnle·</span> <span class='ocrx_word' id='word_1_606' title='bbox 916 4751 1022 4806; x_wconf 89' lang='lat' dir='ltr'>cessive</span> <span class='ocrx_word' id='word_1_607' title='bbox 1033 4751 1099 4821; x_wconf 84' lang='lat' dir='ltr'>jure</span> <span class='ocrx_word' id='word_1_608' title='bbox 1115 4750 1143 4804; x_wconf 93' lang='lat' dir='ltr'>in</span> <span class='ocrx_word' id='word_1_609' title='bbox 1165 4747 1340 4804; x_wconf 86' lang='lat' dir='ltr'>Nermannia</span> <span class='ocrx_word' id='word_1_610' title='bbox 1358 4747 1527 4814; x_wconf 90' lang='lat' dir='ltr'>obtinuerat,</span> <span class='ocrx_word' id='word_1_611' title='bbox 1543 4746 1659 4818; x_wconf 79' lang='lat' dir='ltr'>Angliee</span> <span class='ocrx_word' id='word_1_612' title='bbox 1679 4748 1724 4801; x_wconf 90' lang='lat' dir='ltr'>tu-</span> 
     </span>
     <span class='ocr_line' id='line_1_50' title="bbox 46 4839 1723 4921; baseline -0.007 -16"><span class='ocrx_word' id='word_1_613' title='bbox 46 4857 104 4921; x_wconf 91' lang='lat' dir='ltr'>rat,</span> <span class='ocrx_word' id='word_1_614' title='bbox 121 4849 208 4918; x_wconf 87' lang='lat' dir='ltr'>obiit;</span> <span class='ocrx_word' id='word_1_615' title='bbox 229 4848 311 4919; x_wconf 89' lang='lat' dir='ltr'>eique</span> <span class='ocrx_word' id='word_1_616' title='bbox 328 4846 485 4902; x_wconf 89' lang='lat' dir='ltr'>Tedbnldns</span> <span class='ocrx_word' id='word_1_617' title='bbox 501 4844 580 4917; x_wconf 91' lang='lat' dir='ltr'>prior</span> <span class='ocrx_word' id='word_1_618' title='bbox 596 4844 785 4899; x_wconf 86' lang='lat' dir='ltr'>ecclesiastica</span> <span class='ocrx_word' id='word_1_619' title='bbox 807 4861 865 4899; x_wconf 89' lang='lat' dir='ltr'>me·</span> <span class='ocrx_word' id='word_1_620' title='bbox 915 4860 995 4898; x_wconf 89' lang='lat' dir='ltr'>mens</span> <span class='ocrx_word' id='word_1_621' title='bbox 1020 4843 1177 4914; x_wconf 91' lang='lat' dir='ltr'>opulentia,</span> <span class='ocrx_word' id='word_1_622' title='bbox 1202 4856 1288 4912; x_wconf 92' lang='lat' dir='ltr'>super</span> <span class='ocrx_word' id='word_1_623' title='bbox 1312 4856 1397 4912; x_wconf 87' lang='lat' dir='ltr'>pares</span> <span class='ocrx_word' id='word_1_624' title='bbox 1428 4839 1631 4911; x_wconf 89' lang='lat' dir='ltr'>compatriotas</span> <span class='ocrx_word' id='word_1_625' title='bbox 1661 4854 1723 4894; x_wconf 87' lang='lat' dir='ltr'>sese</span> 
     </span>
     <span class='ocr_line' id='line_1_51' title="bbox 45 4931 1724 5008; baseline -0.007 -9"><span class='ocrx_word' id='word_1_626' title='bbox 45 4942 175 4999; x_wconf 87' lang='lat' dir='ltr'>nachalis</span> <span class='ocrx_word' id='word_1_627' title='bbox 188 4946 341 4996; x_wconf 90' lang='lat' dir='ltr'>cenventus</span> <span class='ocrx_word' id='word_1_628' title='bbox 355 4939 495 4995; x_wconf 90' lang='lat' dir='ltr'>electione</span> <span class='ocrx_word' id='word_1_629' title='bbox 510 4937 652 4992; x_wconf 89' lang='lat' dir='ltr'>successit.</span> <span class='ocrx_word' id='word_1_630' title='bbox 916 4937 1113 5008; x_wconf 87' lang='lat' dir='ltr'>magnitudine</span> <span class='ocrx_word' id='word_1_631' title='bbox 1128 4950 1247 5008; x_wconf 90' lang='lat' dir='ltr'>operum</span> <span class='ocrx_word' id='word_1_632' title='bbox 1263 4934 1397 4989; x_wconf 84' lang='lat' dir='ltr'>extollere</span> <span class='ocrx_word' id='word_1_633' title='bbox 1409 4931 1598 4988; x_wconf 83' lang='lat' dir='ltr'>affectaverat.</span> <span class='ocrx_word' id='word_1_634' title='bbox 1613 4931 1724 4987; x_wconf 84' lang='lat' dir='ltr'>Firmis·</span> 
     </span>
     <span class='ocr_line' id='line_1_52' title="bbox 86 5023 1723 5100; baseline -0.007 -8"><span class='ocrx_word' id='word_1_635' title='bbox 86 5040 117 5093; x_wconf 92' lang='lat' dir='ltr'>ln</span> <span class='ocrx_word' id='word_1_636' title='bbox 140 5034 293 5090; x_wconf 88' lang='lat' dir='ltr'>crastinum</span> <span class='ocrx_word' id='word_1_637' title='bbox 316 5032 503 5088; x_wconf 87' lang='lat' dir='ltr'>solemnitatis</span> <span class='ocrx_word' id='word_1_638' title='bbox 529 5030 556 5086; x_wconf 88' lang='lat' dir='ltr'>S.</span> <span class='ocrx_word' id='word_1_639' title='bbox 580 5030 694 5085; x_wconf 87' lang='lat' dir='ltr'>loannis</span> <span class='ocrx_word' id='word_1_640' title='bbox 717 5029 863 5095; x_wconf 77' lang='lat' dir='ltr'>liedulfus,</span> <span class='ocrx_word' id='word_1_641' title='bbox 916 5030 1018 5085; x_wconf 90' lang='lat' dir='ltr'>simam</span> <span class='ocrx_word' id='word_1_642' title='bbox 1032 5044 1102 5100; x_wconf 89' lang='lat' dir='ltr'>erge</span> <span class='ocrx_word' id='word_1_643' title='bbox 1116 5044 1148 5082; x_wconf 88' lang='lat' dir='ltr'>ex</span> <span class='ocrx_word' id='word_1_644' title='bbox 1163 5027 1276 5099; x_wconf 91' lang='lat' dir='ltr'>quadris</span> <span class='ocrx_word' id='word_1_645' title='bbox 1291 5025 1431 5097; x_wconf 90' lang='lat' dir='ltr'>lapidibus</span> <span class='ocrx_word' id='word_1_646' title='bbox 1447 5023 1549 5079; x_wconf 91' lang='lat' dir='ltr'>turrim</span> <span class='ocrx_word' id='word_1_647' title='bbox 1572 5025 1647 5096; x_wconf 88' lang='lat' dir='ltr'>apud</span> <span class='ocrx_word' id='word_1_648' title='bbox 1665 5025 1723 5081; x_wconf 81' lang='lat' dir='ltr'>ido·</span> 
     </span>
     <span class='ocr_line' id='line_1_53' title="bbox 47 5116 1725 5189; baseline -0.008 -3"><span class='ocrx_word' id='word_1_649' title='bbox 47 5129 226 5187; x_wconf 82' lang='lat' dir='ltr'>Ebreicensis</span> <span class='ocrx_word' id='word_1_650' title='bbox 244 5126 369 5181; x_wconf 80' lang='lat' dir='ltr'>ecelesiae</span> <span class='ocrx_word' id='word_1_651' title='bbox 385 5124 608 5189; x_wconf 87' lang='lat' dir='ltr'>archidiaconus,</span> <span class='ocrx_word' id='word_1_652' title='bbox 628 5123 696 5177; x_wconf 90' lang='lat' dir='ltr'>dum</span> <span class='ocrx_word' id='word_1_653' title='bbox 711 5121 747 5176; x_wconf 90' lang='lat' dir='ltr'>de</span> <span class='ocrx_word' id='word_1_654' title='bbox 767 5122 865 5176; x_wconf 86' lang='lat' dir='ltr'>Paceie</span> <span class='ocrx_word' id='word_1_655' title='bbox 914 5122 1051 5177; x_wconf 89' lang='lat' dir='ltr'>sterolnm</span> <span class='ocrx_word' id='word_1_656' title='bbox 1065 5120 1229 5176; x_wconf 83' lang='lat' dir='ltr'>construxit.</span> <span class='ocrx_word' id='word_1_657' title='bbox 1243 5119 1306 5185; x_wconf 89' lang='lat' dir='ltr'>Sed,</span> <span class='ocrx_word' id='word_1_658' title='bbox 1323 5118 1455 5174; x_wconf 89' lang='lat' dir='ltr'>defuneto</span> <span class='ocrx_word' id='word_1_659' title='bbox 1469 5132 1548 5187; x_wconf 88' lang='lat' dir='ltr'>rege,</span> <span class='ocrx_word' id='word_1_660' title='bbox 1558 5116 1725 5174; x_wconf 85' lang='lat' dir='ltr'>Guiilelmns</span> 
     </span>
     <span class='ocr_line' id='line_1_54' title="bbox 46 5209 1724 5289; baseline -0.008 -10"><span class='ocrx_word' id='word_1_661' title='bbox 46 5226 200 5289; x_wconf 83' lang='lat' dir='ltr'>remearet,</span> <span class='ocrx_word' id='word_1_662' title='bbox 228 5218 329 5275; x_wconf 83' lang='lat' dir='ltr'>sfiliis</span> <span class='ocrx_word' id='word_1_663' title='bbox 350 5218 473 5273; x_wconf 86' lang='lat' dir='ltr'>Simonis</span> <span class='ocrx_word' id='word_1_664' title='bbox 496 5217 619 5288; x_wconf 85' lang='lat' dir='ltr'>Harengi</span> <span class='ocrx_word' id='word_1_665' title='bbox 641 5215 800 5287; x_wconf 91' lang='lat' dir='ltr'>impetitus,</span> <span class='ocrx_word' id='word_1_666' title='bbox 821 5215 864 5270; x_wconf 89' lang='lat' dir='ltr'>vix</span> <span class='ocrx_word' id='word_1_667' title='bbox 915 5214 950 5270; x_wconf 90' lang='lat' dir='ltr'>de</span> <span class='ocrx_word' id='word_1_668' title='bbox 976 5212 1211 5285; x_wconf 85' lang='lat' dir='ltr'>blentepincienis</span> <span class='ocrx_word' id='word_1_669' title='bbox 1233 5213 1263 5267; x_wconf 93' lang='lat' dir='ltr'>in</span> <span class='ocrx_word' id='word_1_670' title='bbox 1286 5211 1362 5266; x_wconf 93' lang='lat' dir='ltr'>illam</span> <span class='ocrx_word' id='word_1_671' title='bbox 1387 5227 1453 5266; x_wconf 90' lang='lat' dir='ltr'>mox</span> <span class='ocrx_word' id='word_1_672' title='bbox 1478 5210 1614 5277; x_wconf 81' lang='lat' dir='ltr'>introivit,</span> <span class='ocrx_word' id='word_1_673' title='bbox 1638 5209 1724 5265; x_wconf 89' lang='lat' dir='ltr'>armis</span> 
     </span>
     <span class='ocr_line' id='line_1_55' title="bbox 46 5302 1723 5385; baseline -0.008 -14"><span class='ocrx_word' id='word_1_674' title='bbox 46 5315 146 5372; x_wconf 91' lang='lat' dir='ltr'>evasit.</span> <span class='ocrx_word' id='word_1_675' title='bbox 160 5316 220 5385; x_wconf 90' lang='lat' dir='ltr'>lpse</span> <span class='ocrx_word' id='word_1_676' title='bbox 236 5313 353 5385; x_wconf 91' lang='lat' dir='ltr'>quidem</span> <span class='ocrx_word' id='word_1_677' title='bbox 367 5310 404 5365; x_wconf 87' lang='lat' dir='ltr'>ad</span> <span class='ocrx_word' id='word_1_678' title='bbox 419 5310 571 5381; x_wconf 88' lang='lat' dir='ltr'>qnamdam</span> <span class='ocrx_word' id='word_1_679' title='bbox 591 5308 738 5364; x_wconf 91' lang='lat' dir='ltr'>basilicam</span> <span class='ocrx_word' id='word_1_680' title='bbox 750 5307 865 5379; x_wconf 87' lang='lat' dir='ltr'>fugiens</span> <span class='ocrx_word' id='word_1_681' title='bbox 914 5324 977 5364; x_wconf 86' lang='lat' dir='ltr'>eam</span> <span class='ocrx_word' id='word_1_682' title='bbox 991 5310 1020 5363; x_wconf 91' lang='lat' dir='ltr'>et</span> <span class='ocrx_word' id='word_1_683' title='bbox 1040 5304 1205 5363; x_wconf 90' lang='lat' dir='ltr'>hominibus</span> <span class='ocrx_word' id='word_1_684' title='bbox 1227 5303 1357 5373; x_wconf 87' lang='lat' dir='ltr'>munivit,</span> <span class='ocrx_word' id='word_1_685' title='bbox 1375 5303 1559 5374; x_wconf 85' lang='lat' dir='ltr'>furentesque</span> <span class='ocrx_word' id='word_1_686' title='bbox 1577 5302 1723 5360; x_wconf 88' lang='lat' dir='ltr'>Guiribec·</span> 
     </span>
     <span class='ocr_line' id='line_1_56' title="bbox 46 5395 1724 5475; baseline -0.009 -11"><span class='ocrx_word' id='word_1_687' title='bbox 46 5409 171 5464; x_wconf 89' lang='lat' dir='ltr'>salvatus</span> <span class='ocrx_word' id='word_1_688' title='bbox 185 5410 237 5475; x_wconf 88' lang='lat' dir='ltr'>est,</span> <span class='ocrx_word' id='word_1_689' title='bbox 252 5405 301 5460; x_wconf 89' lang='lat' dir='ltr'>sed</span> <span class='ocrx_word' id='word_1_690' title='bbox 314 5404 437 5459; x_wconf 90' lang='lat' dir='ltr'>famulus</span> <span class='ocrx_word' id='word_1_691' title='bbox 452 5409 480 5457; x_wconf 89' lang='lat' dir='ltr'>et</span> <span class='ocrx_word' id='word_1_692' title='bbox 492 5419 586 5458; x_wconf 87' lang='lat' dir='ltr'>cernes</span> <span class='ocrx_word' id='word_1_693' title='bbox 602 5400 712 5458; x_wconf 90' lang='lat' dir='ltr'>itineris</span> <span class='ocrx_word' id='word_1_694' title='bbox 731 5401 802 5471; x_wconf 85' lang='lat' dir='ltr'>ejus,</span> <span class='ocrx_word' id='word_1_695' title='bbox 816 5400 865 5471; x_wconf 91' lang='lat' dir='ltr'>qui</span> <span class='ocrx_word' id='word_1_696' title='bbox 914 5406 1013 5469; x_wconf 88' lang='lat' dir='ltr'>cos,ut</span> <span class='ocrx_word' id='word_1_697' title='bbox 1028 5399 1198 5467; x_wconf 89' lang='lat' dir='ltr'>dictumest,</span> <span class='ocrx_word' id='word_1_698' title='bbox 1210 5397 1449 5469; x_wconf 89' lang='lat' dir='ltr'>viriliterrepulit.</span> <span class='ocrx_word' id='word_1_699' title='bbox 1463 5396 1531 5452; x_wconf 91' lang='lat' dir='ltr'>lnde</span> <span class='ocrx_word' id='word_1_700' title='bbox 1545 5395 1587 5451; x_wconf 89' lang='lat' dir='ltr'>illi</span> <span class='ocrx_word' id='word_1_701' title='bbox 1599 5398 1724 5451; x_wconf 87' lang='lat' dir='ltr'>castrum</span> 
     </span>
     <span class='ocr_line' id='line_1_57' title="bbox 46 5487 1723 5570; baseline -0.008 -15"><span class='ocrx_word' id='word_1_702' title='bbox 46 5518 99 5555; x_wconf 93' lang='lat' dir='ltr'>sno</span> <span class='ocrx_word' id='word_1_703' title='bbox 114 5515 167 5570; x_wconf 87' lang='lat' dir='ltr'>pre</span> <span class='ocrx_word' id='word_1_704' title='bbox 183 5498 301 5554; x_wconf 89' lang='lat' dir='ltr'>domiuo</span> <span class='ocrx_word' id='word_1_705' title='bbox 317 5496 506 5568; x_wconf 87' lang='lat' dir='ltr'>repugnabat,</span> <span class='ocrx_word' id='word_1_706' title='bbox 521 5495 628 5549; x_wconf 90' lang='lat' dir='ltr'>eccisus</span> <span class='ocrx_word' id='word_1_707' title='bbox 641 5498 693 5549; x_wconf 89' lang='lat' dir='ltr'>est.</span> <span class='ocrx_word' id='word_1_708' title='bbox 915 5493 991 5565; x_wconf 89' lang='lat' dir='ltr'>qnod</span> <span class='ocrx_word' id='word_1_709' title='bbox 1015 5491 1215 5548; x_wconf 88' lang='lat' dir='ltr'>hlenasterium</span> <span class='ocrx_word' id='word_1_710' title='bbox 1242 5491 1358 5547; x_wconf 88' lang='lat' dir='ltr'>llnberti</span> <span class='ocrx_word' id='word_1_711' title='bbox 1387 5489 1499 5557; x_wconf 86' lang='lat' dir='ltr'>dicitnr,</span> <span class='ocrx_word' id='word_1_712' title='bbox 1526 5487 1723 5561; x_wconf 86' lang='lat' dir='ltr'>expetierunt;</span> 
     </span>
     <span class='ocr_line' id='line_1_58' title="bbox 86 5580 1722 5657; baseline -0.011 -8"><span class='ocrx_word' id='word_1_713' title='bbox 86 5594 136 5649; x_wconf 90' lang='lat' dir='ltr'>llic</span> <span class='ocrx_word' id='word_1_714' title='bbox 161 5592 350 5647; x_wconf 89' lang='lat' dir='ltr'>tumultuosus</span> <span class='ocrx_word' id='word_1_715' title='bbox 372 5606 463 5644; x_wconf 81' lang='lat' dir='ltr'>aerius</span> <span class='ocrx_word' id='word_1_716' title='bbox 486 5604 553 5642; x_wconf 85' lang='lat' dir='ltr'>vere</span> <span class='ocrx_word' id='word_1_717' title='bbox 576 5585 729 5642; x_wconf 86' lang='lat' dir='ltr'>bissextilis</span> <span class='ocrx_word' id='word_1_718' title='bbox 750 5586 814 5653; x_wconf 74' lang='lat' dir='ltr'>furit,</span> <span class='ocrx_word' id='word_1_719' title='bbox 837 5589 866 5641; x_wconf 92' lang='grc' dir='ltr'><strong>ει</strong></span> <span class='ocrx_word' id='word_1_720' title='bbox 915 5586 1045 5657; x_wconf 88' lang='lat' dir='ltr'>victoque</span> <span class='ocrx_word' id='word_1_721' title='bbox 1071 5584 1223 5656; x_wconf 85' lang='lat' dir='ltr'>Paganelle</span> <span class='ocrx_word' id='word_1_722' title='bbox 1247 5583 1400 5655; x_wconf 85' lang='lat' dir='ltr'>municipe,</span> <span class='ocrx_word' id='word_1_723' title='bbox 1426 5582 1475 5654; x_wconf 89' lang='lat' dir='ltr'>qui</span> <span class='ocrx_word' id='word_1_724' title='bbox 1501 5582 1593 5637; x_wconf 89' lang='lat' dir='ltr'>multa</span> <span class='ocrx_word' id='word_1_725' title='bbox 1621 5581 1651 5634; x_wconf 93' lang='lat' dir='ltr'>in</span> <span class='ocrx_word' id='word_1_726' title='bbox 1676 5580 1722 5632; x_wconf 91' lang='lat' dir='ltr'>ille</span> 
     </span>
    </p>
   </div>
   <div class='ocr_carea' id='block_1_4' title="bbox 40 5694 1721 5841">
    <p class='ocr_par' dir='ltr' id='par_1_4' title="bbox 40 5694 1721 5841">
     <span class='ocr_line' id='line_1_59' title="bbox 81 5694 1609 5769; baseline -0.012 -12"><span class='ocrx_word' id='word_1_727' title='bbox 81 5707 131 5769; x_wconf 71' lang='lat' dir='ltr'>(tf)</span> <span class='ocrx_word' id='word_1_728' title='bbox 145 5705 282 5756; x_wconf 76' lang='lat' dir='ltr'>liebertus</span> <span class='ocrx_word' id='word_1_729' title='bbox 297 5706 349 5754; x_wconf 85' lang='lat' dir='ltr'>iste</span> <span class='ocrx_word' id='word_1_730' title='bbox 364 5703 568 5762; x_wconf 86' lang='lat' dir='ltr'>Bellesmensis,</span> <span class='ocrx_word' id='word_1_731' title='bbox 591 5715 673 5767; x_wconf 89' lang='lat' dir='ltr'>quem</span> <span class='ocrx_word' id='word_1_732' title='bbox 693 5701 760 5754; x_wconf 90' lang='lat' dir='ltr'>aiibi</span> <span class='ocrx_word' id='word_1_733' title='bbox 781 5702 866 5754; x_wconf 84' lang='lat' dir='ltr'>Poer·</span> <span class='ocrx_word' id='word_1_734' title='bbox 915 5694 1609 5757; x_wconf 57' lang='lat' dir='ltr'>mttettettesmemtuutttstxnuuassanaatss.</span> 
     </span>
     <span class='ocr_line' id='line_1_60' title="bbox 40 5746 1721 5841; baseline -0.002 -12"><span class='ocrx_word' id='word_1_735' title='bbox 40 5778 107 5829; x_wconf 83' lang='lat' dir='ltr'>dum</span> <span class='ocrx_word' id='word_1_736' title='bbox 120 5776 296 5840; x_wconf 81' lang='lat' dir='ltr'>cognominat</span> <span class='ocrx_word' id='word_1_737' title='bbox 314 5775 471 5839; x_wconf 76' lang='lat' dir='ltr'>ordericus,</span> <span class='ocrx_word' id='word_1_738' title='bbox 487 5775 561 5828; x_wconf 88' lang='lat' dir='ltr'>elius</span> <span class='ocrx_word' id='word_1_739' title='bbox 580 5780 633 5841; x_wconf 81' lang='lat' dir='ltr'>eat,</span> <span class='ocrx_word' id='word_1_740' title='bbox 652 5775 806 5833; x_wconf 75' lang='lat' dir='ltr'>aldeberto</span> <span class='ocrx_word' id='word_1_741' title='bbox 821 5790 868 5833; x_wconf 86' lang='lat' dir='ltr'>eo·</span> <span class='ocrx_word' id='word_1_742' title='bbox 1443 5766 1536 5827; x_wconf 62' lang='lat' dir='ltr'>ittam</span> <span class='ocrx_word' id='word_1_743' title='bbox 1542 5746 1721 5812; x_wconf 40' lang='lat' dir='ltr'>&amp;ww</span> 
     </span>
    </p>
   </div>
   <div class='ocr_carea' id='block_1_5' title="bbox 0 0 1880 6046">
    <p class='ocr_par' dir='ltr' id='par_1_5' title="bbox 0 0 1880 6046">
     <span class='ocr_line' id='line_1_61' title="bbox 0 0 1880 6046; baseline 0 1"><span class='ocrx_word' id='word_1_744' title='bbox 0 0 1880 6046; x_wconf 95' lang='lat' dir='ltr'> </span> 
     </span>
    </p>
   </div>
  </div>
 </body>
</html>
