3750 6046
154 212 204 277 aas
817 206 978 268 oausam
997 206 1128 266 aramis
1782 212 1834 266 350

155 344 231 397 ricus
244 341 278 396 ad
293 336 581 396 occidendumvirum
593 337 667 393 Dela
684 337 817 392 damone
839 332 967 390 stimula·
980 344 1009 417 Α
1054 332 1128 387 Alios
1147 331 1217 386 duos
1232 331 1343 402 fratres,
1359 332 1437 404 qnod
1455 330 1537 388 binas
1556 331 1683 388 flasculas
1697 332 1769 387 celia
1784 333 1837 388 im·

154 442 209 502 tus,
225 434 294 489 dum
308 433 403 504 ipsum
424 431 566 500 tonderet,
582 431 618 486 ab
635 430 734 485 eodem
749 429 912 499 increpatus
927 432 971 482 est
1019 423 1112 496 pletas
1127 425 1179 480 sub
1191 425 1309 497 palustri
1327 426 1441 482 sablone
1456 426 1679 495 abscondissent,
1694 426 1836 498 increpat,

156 544 207 584 cur
226 532 337 584 matum
357 526 466 582 lacinus
485 526 514 580 in
535 525 621 581 cordo
639 527 772 596 gestaret.
788 524 824 578 m
842 523 889 577 ille
905 536 971 577 mox
1020 519 1117 591 cisque
1135 536 1186 591 pro
1201 524 1280 577 unta
1301 520 1353 576 viri
1366 521 1416 576 Dei
1436 520 1590 593 sagacitate
1611 520 1792 593 stupentibus
1807 524 1838 575 et

155 628 187 678 ut
200 637 230 677 se
247 622 427 694 praeventum
446 619 525 690 vidit,
540 618 711 675 erubescens
724 616 760 672 ad
776 616 864 688 pedes
879 615 969 671 sancti
1019 613 1054 667 ad
1067 613 1160 669 solum
1173 614 1306 687 postratis
1320 613 1485 686 benigniter
1494 614 1622 670 indulsit.

156 715 267 786 cecidit,
291 714 382 770 scelus
410 714 514 769 latetur
538 712 706 783 veniamque
732 715 876 783 precatur,
904 724 969 780 per·
1054 707 1140 763 Fama
1154 708 1189 764 de
1205 708 1289 764 beato
1309 709 1446 764 Guthlaco
1465 707 1551 780 longe
1569 707 1685 779 lataque
1705 706 1837 764 celeriter

156 812 295 882 ceptoque
318 806 493 879 indulgentia
516 822 546 861 se
573 804 682 860 socium
707 804 782 860 illius
803 804 863 860 fore
889 803 970 877 polli-
1019 800 1141 869 volante,
1155 801 1237 857 malti
1252 801 1367 857 adeum
1380 801 1687 857 veniuntdiversorum
1700 800 1834 856 ordinum

158 906 248 958 cetur.
1020 894 1135 965 gradus,
1156 894 1282 965 abbates,
1298 895 1441 963 monachi,
1457 895 1584 961 comites,
1599 894 1710 962 divites,
1730 895 1834 964 vexati,

192 998 295 1052 Corvus
316 1000 427 1066 raptam
446 993 604 1049 chartulam
619 992 649 1047 in
665 991 760 1048 medio
777 989 870 1063 stagni
884 989 968 1045 dimi·
1018 1002 1217 1060 pauperesque
1238 989 1273 1045 de
1295 988 1435 1061 proximis
1446 987 1614 1045 Marciorum
1627 988 1734 1044 tinibus
1752 991 1781 1043 et
1798 988 1834 1043 de

157 1091 203 1160 sit,
217 1106 269 1146 nec
282 1089 362 1144 illam
376 1088 407 1143 in
425 1087 563 1143 arundine
577 1088 755 1159 pendentem
768 1100 843 1158 aqua
858 1082 970 1139 meritis
1018 1080 1172 1137 Britanniae
1186 1083 1324 1155 partibus,
1338 1099 1389 1155 pro
1405 1083 1495 1139 salute
1507 1082 1635 1153 corporis
1650 1085 1700 1138 aut
1714 1083 1831 1138 animae.

154 1184 208 1239 viri
229 1182 280 1238 Ilei
299 1183 380 1251 laesit,
396 1197 482 1253 quam
503 1181 579 1236 idem
598 1179 730 1252 scriptori
744 1184 845 1236 moesto
860 1178 968 1234 salvam
1019 1175 1051 1229 Et
1069 1175 1191 1246 quisque
1209 1176 1250 1244 id,
1265 1194 1317 1248 pro
1331 1193 1388 1249 quo
1399 1176 1524 1232 fideliter
1538 1181 1667 1247 venerat,
1681 1176 1836 1232 salubriter

156 1276 287 1333 reddidit.
1019 1267 1174 1325 obtinebat.
1182 1271 1399 1341 AEgrotusenim
1410 1269 1834 1342 remedium,tristisgaadium,

191 1369 369 1427 buocorviin
382 1368 475 1424 insula
489 1367 627 1439 degentes
641 1367 725 1424 beato
736 1366 872 1424 Gathlaco
885 1366 968 1422 valde
1019 1363 1160 1434 paenitens
1181 1364 1412 1435 consolationem,
1432 1368 1461 1421 et
1480 1364 1602 1437 quisque
1621 1363 1721 1420 anxius
1744 1364 1835 1435 perci·

154 1465 250 1523 infesti
270 1466 361 1531 erant,
382 1463 424 1518 ita
442 1465 474 1517 ut
496 1461 635 1535 quidquid
657 1461 803 1533 frangere,
826 1475 967 1532 mergere,
1018 1459 1114 1531 piabat
1133 1460 1344 1518 alleviationem
1364 1478 1415 1536 per
1434 1461 1487 1518 viri
1510 1461 1558 1518 bei
1579 1460 1785 1518 allocutionem
1805 1465 1835 1516 et

155 1557 279 1629 diripere
293 1556 485 1613 contaminare
505 1555 673 1626 potuissent,
688 1554 878 1611 irreverenter
891 1553 968 1609 intus
1019 1553 1165 1609 efficacem
1181 1555 1351 1611 orationem.

152 1652 279 1723 forisque
302 1652 473 1707 damnantes
494 1650 646 1720 perderent
653 1665 662 1718 ;
684 1664 756 1720 quos
776 1648 820 1701 vir
841 1647 890 1703 [lei
915 1662 968 1719 pro
1056 1647 1145 1718 Obba,
1166 1664 1262 1704 comes
1275 1648 1372 1720 inclyti
1393 1647 1499 1704 exsulis
1511 1648 1666 1717 Edelbaldi,
1683 1648 1752 1704 dum
1770 1664 1835 1721 per·

154 1745 256 1800 virtute
269 1743 413 1815 patientiae
427 1741 591 1813 benigniter
602 1739 748 1797 tolerabat.
763 1740 878 1796 lneultve
900 1738 965 1794 soli·
979 1712 1007 1783 Β
1020 1741 1144 1812 agrestia
1160 1758 1227 1797 rura
1241 1741 1419 1812 graderetur,
1435 1742 1525 1813 spinae
1537 1743 1654 1799 latentis
1668 1743 1720 1798 sub
1736 1742 1834 1799 herbis

154 1837 261 1892 tudinis
293 1836 420 1892 volucres
450 1837 480 1889 et
508 1834 671 1906 vagabundi
706 1849 826 1889 coenosve
854 1833 967 1905 paludis
1016 1835 1131 1891 inculte
1151 1833 1259 1890 telluris
1278 1834 1371 1890 fixura
1390 1834 1420 1891 in
1439 1835 1511 1906 pede
1530 1836 1614 1892 lasus
1632 1838 1683 1904 est,
1703 1837 1744 1891 ita
1765 1839 1798 1891 ut
1815 1853 1833 1890 a

155 1932 244 2003 pisces
258 1931 294 1986 ad
304 1945 403 1986 vocem
417 1929 477 2001 ejus
491 1931 567 1985 velut
579 1927 615 1983 ad
625 1927 856 1999 pastoremocius
869 1931 968 1982 natan·
1016 1930 1111 2000 planta
1125 1945 1213 2000 usque
1227 1928 1262 1984 ad
1275 1928 1386 1984 lumbos
1399 1932 1489 1983 lotum
1502 1945 1605 2003 eorpus
1618 1930 1680 2001 ejus
1694 1932 1833 1986 tumesce-

155 2029 198 2081 tes
221 2013 402 2097 volantesque
424 2023 588 2091 veniebant,
609 2026 637 2077 et
660 2022 696 2078 de
715 2038 801 2079 manu
824 2021 885 2092 ejus
910 2021 966 2075 vio·
1017 2025 1071 2090 ret,
1084 2038 1214 2078 neceam
1227 2038 1316 2077 novus
1339 2023 1420 2078 dolor
1433 2023 1543 2093 sedere,
1559 2022 1603 2079 vel
1623 2028 1707 2092 stare,
1729 2022 1774 2079 vel
1787 2024 1831 2094 ja·

71 2152 76 2165 .
155 2122 228 2189 tum,
248 2121 334 2190 prout
360 2117 580 2189 uniuscuiusque
599 2120 700 2172 natura
714 2114 872 2186 indIgebat,
893 2113 966 2169 acci-
1016 2133 1078 2173 cere
1091 2115 1187 2188 quiete
1207 2114 1324 2183 siniret;
1339 2115 1418 2172 unde
1435 2116 1483 2173 vix
1496 2116 1677 2173 crulandiam
1690 2117 1833 2188 pervenit.

155 2212 279 2283 piebant.
1015 2211 1076 2267 idox
1097 2213 1128 2265 ut
1143 2210 1176 2265 ad
1194 2209 1287 2265 virum
1301 2209 1348 2266 Dei
1366 2209 1521 2281 perductus
1535 2214 1587 2280 est,
1602 2213 1631 2266 et
1647 2227 1733 2266 causa
1745 2227 1833 2267 vexa-

190 2306 333 2362 Prscsente
346 2303 501 2361 venerabili
513 2304 574 2359 viro
591 2301 733 2368 Willrido,
745 2300 856 2356 duabus
869 2300 968 2356 hirun-
1016 2303 1101 2359 tionis
1114 2302 1259 2360 exordiae
1275 2304 1364 2359 relata
1385 2306 1437 2372 est,
1450 2303 1606 2360 Guthlacus
1620 2304 1725 2361 luterio
1740 2306 1831 2361 malo-

156 2397 269 2452 diuibus
291 2398 448 2469 gaudenter
466 2396 548 2452 illum
568 2396 723 2452 secuudum
738 2410 821 2449 suam
835 2397 967 2450 naturam
1016 2398 1094 2466 tinae,
1108 2399 1206 2470 inquo
1219 2397 1326 2452 solebat
1345 2412 1438 2465 orare,
1450 2396 1545 2468 ipsum
1561 2397 1758 2466 circumdedit,
1775 2403 1832 2454 sta·

155 2489 341 2560 visitantibus,
368 2496 396 2546 et
422 2507 487 2546 cum
516 2495 600 2546 cantu
628 2489 751 2544 brachiis
777 2491 807 2542 et
831 2488 965 2560 genibus,
1016 2494 1126 2564 timque
1141 2490 1215 2547 dicto
1240 2490 1322 2545 citius
1341 2489 1452 2563 spinula
1470 2489 1505 2546 de
1520 2491 1592 2562 pede
1616 2491 1834 2562 ejus,velutsa·

155 2583 317 2656 pectorique
336 2585 411 2640 illins
430 2582 652 2650 considentibus,
673 2582 812 2637 festucam
828 2580 859 2636 in
878 2581 966 2637 venti·
1016 2587 1088 2658 gitta
1102 2585 1136 2640 ab
1157 2600 1225 2639 arcu
1238 2584 1372 2652 demissa,
1389 2583 1497 2640 resiliit.
1514 2585 1620 2641 Eadem
1637 2585 1734 2658 itaque
1747 2585 1831 2657 hora,

154 2678 220 2732 nula
233 2678 337 2749 posuit,
359 2683 387 2733 et
400 2678 440 2733 sic
453 2678 550 2733 avibus
570 2677 671 2732 nidum
690 2676 720 2730 in
741 2691 790 2730 sua
810 2673 882 2730 cella
894 2674 968 2729 desi·
1017 2678 1095 2734 omni
1114 2679 1233 2733 humore
1254 2676 1361 2746 sedato,
1376 2692 1452 2749 aeger
1473 2678 1626 2746 convaluit,
1648 2681 1677 2733 et
1697 2679 1754 2735 Deo
1770 2695 1833 2751 gra-

157 2771 263 2842 gnavit.
277 2772 338 2826 Non
349 2771 426 2826 enim
440 2770 470 2826 in
485 2786 548 2826 casa
561 2768 688 2825 Guthlaci
704 2768 764 2824 sine
777 2767 888 2824 licentia
904 2769 966 2839 ejus
1014 2772 1077 2842 tias,
1092 2786 1158 2826 cum
1172 2770 1216 2825 his
1230 2769 1278 2841 qui
1292 2770 1346 2825 hoc
1359 2769 1500 2841 viderant,
1515 2770 1596 2827 laetas
1611 2771 1722 2829 retulit.

156 2863 300 2920 nidificare
312 2864 464 2920 audebant.
1052 2864 1201 2929 Quondam
1215 2862 1331 2919 ileadda
1340 2863 1444 2934 praesul
1457 2879 1523 2918 curn
1537 2863 1708 2936 quibusdam
1720 2865 1831 2921 clericis

191 2958 340 3023 Quondam
356 2959 424 3014 dum
445 2956 577 3029 praefatus
592 2955 737 3011 Willridus
751 2954 873 3011 exsulem
888 2953 967 3010 Edel·
1016 2961 1044 3013 et
1063 2957 1141 3013 taleis
1160 2957 1195 3012 ad
1218 2955 1388 3012 Guthlacum
1406 2955 1498 3027 venit;
1513 2957 1590 3013 inter
1608 2973 1679 3029 quos
1692 2957 1728 3013 de
1744 2958 1831 3015 beato

157 3050 276 3107 baldum
291 3052 327 3107 ad
346 3051 497 3106 hominem
509 3049 560 3105 Dei
582 3048 755 3116 adduxisset,
780 3046 965 3119 manicasque
975 3078 1003 3153 C
1015 3051 1074 3107 viro
1088 3050 1165 3106 varia
1175 3049 1279 3106 locutio
1294 3048 1387 3105 obiter
1399 3050 1462 3106 luit.
1477 3049 1632 3106 Praedictus
1646 3058 1745 3108 autem
1765 3053 1829 3124 epi·

154 3163 219 3202 suas
234 3146 264 3200 in
286 3145 350 3200 navi
370 3161 426 3217 qna
450 3143 559 3199 advecti
581 3143 709 3210 fuerant,
731 3140 834 3197 oblitus
853 3141 964 3209 luisset,
1015 3161 1126 3217 scopus,
1140 3147 1287 3216 comperta
1305 3144 1335 3198 in
1360 3143 1514 3199 venerabili
1532 3144 1593 3200 viro
1608 3144 1712 3200 divinae
1728 3146 1830 3218 gratiae

156 3255 274 3310 rapaces
302 3238 379 3294 corvi
401 3241 567 3309 rapuerunt.
590 3234 673 3300 Quod
695 3251 760 3291 mox
789 3234 832 3290 vir
851 3233 913 3305 Dei,
934 3233 964 3289 in
1014 3238 1177 3306 luculentia,
1197 3243 1225 3293 et
1246 3238 1276 3293 in
1299 3238 1474 3309 exponendis
1493 3238 1581 3293 sacris
1603 3237 1758 3310 Soripturis
1783 3256 1830 3295 sa-

153 3332 292 3388 veslibu10
312 3332 412 3387 d0mt¹³
430 3331 541 3397 sedens,
561 3330 591 3385 in
611 3329 713 3401 Spiritu
727 3327 774 3384 Det
797 3328 923 3399 admavit,
937 3331 966 3383 el
1014 3330 1731 3404 pientiaealtluentia,postquaminsulaecralandiae
1744 3334 1831 3390 eccle·

155 3425 231 3480 inter
251 3425 390 3496 colloquia
407 3423 535 3480 Willrido
553 3421 704 3491 intimavit,
725 3437 777 3476 nec
799 3420 888 3475 multo
902 3426 964 3492 post
1014 3426 1084 3482 siam
1105 3442 1143 3482 xu
1155 3423 1296 3481 Kalendas
1314 3424 1489 3497 Septembris
1515 3424 1665 3495 dedicavit,
1692 3427 1829 3483 eumdem

153 3518 256 3574 virtute
268 3516 334 3573 fidei
349 3521 378 3573 et
391 3515 528 3573 orationis
543 3533 594 3588 pro
608 3515 716 3570 damno
731 3514 910 3570 restauravit.
1012 3536 1126 3576 servum
1137 3519 1186 3575 Dei
1200 3518 1343 3590 suscipere
1356 3517 1509 3574 sacerdotii
1530 3521 1655 3574 stemma
1670 3520 1829 3577 inviolabili

189 3611 365 3679 Webtredus,
385 3611 506 3683 inclytus
519 3608 633 3681 juvenis
653 3606 837 3664 orientalium
856 3607 962 3678 Angla·
1014 3612 1184 3669 obedientiae
1193 3617 1336 3684 praecepto
1347 3612 1451 3684 coegit.
1462 3612 1531 3667 Dein
1541 3612 1577 3666 ad
1589 3613 1746 3685 prandium
1755 3631 1828 3688 pon·

152 3704 408 3773 rum,adaemonio
420 3704 532 3760 invasus
544 3706 596 3774 est,
608 3707 635 3759 et
649 3704 772 3774 quatuor
783 3700 865 3756 annis
881 3700 964 3755 mise·
1013 3706 1094 3762 tificis
1118 3711 1231 3762 sanctus
1267 3706 1310 3760 vir
1338 3709 1436 3762 eontra
1463 3722 1577 3761 morem
1609 3722 1701 3763 snum·
1728 3709 1828 3764 venire

151 3798 280 3853 rabiliter
307 3803 424 3855 vexatus
450 3802 502 3854 est.
534 3798 568 3854 Se
597 3799 625 3851 et
646 3810 829 3867 quoscunque
854 3797 966 3865 poterat
1014 3804 1125 3855 coactus
1138 3805 1189 3855 est.
1204 3800 1267 3868 Ubi,
1282 3799 1351 3855 dum
1367 3799 1539 3871 Wigtridum
1552 3799 1704 3856 librarium
1717 3802 1829 3858 videret

151 3891 241 3962 ligno,
257 3892 344 3956 terro,
359 3891 504 3962 unguibus
524 3894 553 3944 et
573 3888 705 3944 dentibus
723 3887 857 3943 laniabat.
873 3888 965 3951 Quon-
1014 3893 1111 3966 procul
1130 3893 1239 3964 sedere,
1259 3893 1344 3965 coepit
1362 3892 1398 3948 ab
1418 3909 1452 3949 eo
1471 3893 1618 3965 inquirere
1637 3893 1673 3949 de
1692 3894 1829 3952 hesterna

152 3985 220 4040 dam
234 3985 302 4039 dum
320 3984 473 4039 multitudo
488 3983 571 4037 illum
593 3982 683 4053 ligare
698 3983 833 4051 tentaret,
850 3986 964 4052 arrepta
1014 3987 1215 4059 promissione,
1232 4003 1289 4058 qua
1309 3986 1392 4042 sociis
1405 3986 1434 4041 in
1453 3986 1498 4042 via
1509 3987 1664 4058 jactaverat
1679 4004 1709 4044 se
1722 3989 1829 4045 exami-

150 4077 287 4148 bipenne,
297 4082 355 4132 tres
368 4077 444 4132 viros
459 4075 571 4131 occidit.
587 4077 651 4130 Post
665 4077 788 4146 quatrmr
801 4075 964 4130 annosCru-
1014 4086 1149 4136 naturum
1175 4083 1270 4135 utrum
1291 4079 1368 4136 idem
1390 4096 1458 4135 vera
1477 4080 1619 4152 potiretur
1637 4096 1673 4136 an
1695 4082 1829 4139 simulata

152 4170 274 4225 landiam
297 4170 436 4226 adductus
460 4172 518 4238 est;
544 4184 631 4240 qrrem
653 4166 696 4221 vir
719 4167 768 4223 tlei
787 4183 874 4223 manu
896 4168 963 4225 arri·
1014 4174 1163 4245 religione.
1190 4174 1254 4230 Mox
1288 4174 1334 4230 ille
1361 4173 1485 4242 erubuit,
1518 4174 1633 4247 soloque
1668 4180 1828 4247 prostratus

150 4263 242 4335 piens,
264 4263 338 4318 intra
353 4263 509 4318 oratorium
531 4278 614 4316 suum
636 4261 728 4331 duxit,
749 4266 778 4317 et
797 4261 864 4331 illic,
879 4263 965 4318 conti·
1014 4268 1126 4324 veniam
1139 4267 1222 4339 petiit
1239 4271 1267 4324 et
1289 4267 1420 4339 obtinuit,
1435 4267 1544 4323 cunctis
1561 4268 1735 4326 mirantibus
1751 4272 1828 4342 qnod

149 4357 212 4412 nnis
237 4356 326 4412 tribus
353 4356 451 4412 diebus
473 4356 608 4427 jejunans
636 4359 664 4410 et
692 4370 791 4422 orans,
818 4356 853 4411 ab
883 4356 964 4413 omni
1014 4361 1171 4417 illornmin
1186 4362 1229 4417 via
1244 4361 1347 4418 locutio
1362 4376 1414 4433 per
1436 4360 1574 4433 Spiritum
1593 4362 1654 4419 viro
1669 4363 1828 4422 Deilucide

150 4449 346 4522 inquietudine
362 4449 481 4522 maligni
495 4449 609 4521 spiritus
623 4449 742 4505 curavit.
972 4443 1072 4517 Dteta
1085 4455 1219 4528 patuerit.

185 4546 273 4616 588³,
293 4543 404 4616 llraesali
427 4543 531 4600 exsulis
555 4542 698 4599 Edelbaldi
713 4558 819 4613 comes,
838 4542 907 4599 dum
927 4543 961 4600 ab
1045 4549 1290 4606 Reverendissima
1317 4549 1433 4621 Egburg
1459 4549 1610 4619 abbatissa,
1634 4550 1729 4607 Adultl
1752 4552 1828 4626 regis

150 4638 301 4694 immundo
324 4639 426 4711 spiritu
449 4653 584 4709 pervasus
603 4640 655 4706 est,
677 4637 717 4692 ita
736 4640 767 4692 ut
787 4637 854 4708 quid
875 4644 960 4707 esset,
1010 4643 1079 4710 filia,
1101 4659 1153 4714 per
1168 4642 1295 4715 legatum
1321 4642 1485 4714 suppliciter
1512 4647 1645 4715 rogante,
1672 4645 1828 4702 Guthlacus

148 4733 192 4788 vel
208 4733 283 4804 quod
297 4733 417 4801 sederet,
438 4731 483 4787 vel
497 4730 565 4804 quid
584 4734 685 4802 ageret
703 4731 820 4786 omnino
841 4731 962 4787 nesciret
1011 4736 1220 4808 sarcophagum
1232 4736 1412 4807 plumbeum,
1426 4739 1454 4793 et
1473 4737 1503 4792 in
1517 4753 1550 4793 eo
1565 4737 1675 4793 lineum
1694 4739 1829 4797 adinvol·

147 4826 266 4882 aseclis
293 4825 351 4882 suis
378 4825 414 4881 ad
441 4824 572 4880 Guthlaci
598 4824 697 4879 limina
725 4824 879 4895 perductus
907 4828 960 4882 est.
1009 4831 1136 4887 vendam
1164 4847 1194 4888 se
1220 4835 1284 4903 post
1308 4830 1419 4887 obitum
1449 4832 1572 4905 suscepit
1583 4851 1592 4904 3
1621 4836 1651 4890 et
1674 4833 1830 4894 sciscitanti

148 4919 256 4976 Deinde
276 4935 346 4975 mox
360 4925 392 4974 ut
405 4935 435 4974 se
461 4918 575 4991 cingulo
589 4918 643 4973 viri
662 4916 714 4972 Dei
730 4918 876 4987 succinxit,
892 4917 961 4974 inte·
1011 4924 1060 4996 qui
1088 4925 1180 4980 hares
1198 4930 1261 4997 pest
1275 4940 1305 4979 se
1319 4925 1372 4981 loci
1392 4925 1467 4981 illius
1480 4929 1563 4996 esset,
1574 4927 1668 4983 adhuc
1680 4944 1828 5001 paganum

70 5052 74 5057 -
149 5029 233 5085 grum
253 5029 369 5068 sensum
391 5012 505 5084 recepit,
531 5011 668 5083 omnique
690 5012 876 5083 postmodum
902 5013 961 5069 vita
1010 5033 1072 5072 esse
1091 5017 1246 5090 respondit.
1272 5018 1352 5082 Quod
1386 5018 1427 5075 ita
1444 5018 1552 5074 factum
1572 5023 1624 5075 est.
1647 5021 1719 5077 Nam
1739 5022 1826 5093 Cissa,

149 5121 198 5162 sua
211 5105 288 5161 idem
302 5105 448 5178 cingulum
461 5110 489 5161 et
503 5122 602 5161 sanam
617 5109 746 5161 mentem
760 5105 869 5162 habuit.
1010 5111 1059 5182 qui
1082 5116 1146 5182 past
1169 5127 1236 5167 enm
1264 5112 1360 5168 sedem
1381 5112 1442 5184 ejus
1465 5113 1600 5184 possedit,
1629 5117 1693 5186 post
1717 5116 1829 5190 aliquot

183 5201 323 5254 Praeterea
335 5198 377 5254 vir
387 5199 436 5254 tlei
449 5197 609 5268 Gulhlacus,
623 5198 724 5271 spiritu
734 5199 893 5271 prophetia
901 5201 960 5272 pol·
1009 5220 1097 5260 annos
1112 5205 1142 5260 in
1161 5204 1307 5261 Britannia
1321 5205 1497 5279 baptismum
1511 5207 1646 5279 percepit.

147 5295 223 5360 lens,
251 5293 346 5347 lutura
375 5291 529 5363 predicere
558 5296 587 5348 et
613 5293 802 5364 presentibus
833 5293 959 5350 absentia
1043 5297 1115 5354 clito
1138 5298 1322 5369 Edolbaldus,
1351 5314 1439 5371 quem
1464 5299 1620 5358 ceolredus
1645 5316 1695 5358 rex
1716 5302 1774 5359 huc
1799 5309 1830 5361 et

147 5401 262 5442 narrare
288 5383 386 5441 solitus
406 5388 459 5439 est.
481 5383 598 5442 cuidam
621 5385 729 5457 abbati,
756 5386 806 5458 qui
827 5386 864 5442 ad
891 5403 959 5443 eum
1008 5388 1076 5447 illuc
1091 5391 1325 5464 persequebatur,
1340 5391 1419 5449 inter
1427 5392 1515 5450 dubia
1528 5394 1657 5466 pericula
1666 5395 1828 5455 exinanitis

147 5496 231 5536 causa
252 5478 306 5551 piae
330 5477 482 5534 locutionis
504 5484 632 5548 venerat,
654 5480 689 5536 de
709 5479 820 5537 duobus
839 5481 958 5554 clericis,
1008 5483 1113 5540 viribus
1129 5485 1188 5541 suis
1206 5500 1392 5559 suorumque,
1411 5485 1449 5543 ad
1471 5486 1564 5543 virum
1579 5488 1639 5558 bei,
1658 5492 1690 5545 ut
1706 5489 1829 5557 solebat,

147 5574 198 5647 qni
210 5572 247 5630 ad
261 5589 356 5629 casam
367 5571 462 5629 viduae
476 5575 543 5629 anta
557 5572 657 5629 horam
672 5575 788 5631 tertiam
803 5591 856 5648 pro
870 5592 957 5649 appe·
1008 5578 1095 5649 venit,
1113 5581 1144 5635 ut
1165 5579 1219 5636 sibi
1235 5579 1396 5637 homanum
1415 5579 1566 5639 consilium
1580 5578 1742 5654 defecisset,
1758 5585 1830 5643 divi-

145 5667 231 5724 tanda
259 5666 395 5723 ehrietate
417 5665 605 5736 divertissent,
629 5671 732 5724 canneta
752 5683 804 5741 per
826 5668 957 5727 ordinem
1007 5688 1079 5728 num
1092 5671 1215 5729 adesset.
1231 5674 1432 5739 Quernbeatus
1444 5675 1714 5737 Gothiaeusblande
1726 5693 1829 5737 conso·

140 5760 268 5818 intimat.
1006 5766 1081 5822 latus
1093 5770 1145 5839 est,
1159 5767 1243 5841 eique
1259 5784 1312 5841 per
1327 5767 1466 5842 Spiritum
1480 5769 1532 5827 bei
1544 5770 1681 5845 promisit
1692 5770 1828 5834 domina·
