3750 6046
365 189 519 248 HISTORIA
538 189 803 248 ecclesiastica.
821 217 854 231 -
870 190 957 248 Pais
977 191 1011 247 ll.
1026 221 1060 233 -·
1075 190 1139 248 LlB.
1159 193 1190 246 V.
1559 197 1610 254 382

86 317 175 375 abbas
192 317 326 376 canonice
345 318 451 375 electus
470 324 523 390 cst,
540 323 568 375 et
586 319 621 376 de
640 335 740 374 mona·
753 317 910 403 Arcadum
922 319 994 390 quod
1003 320 1083 390 prius
1094 323 1228 376 statutum
1244 325 1292 386 est,
1307 320 1609 393 eosy'udicondojusti·

72 429 97 481 o,
120 412 170 468 ubi
190 410 361 484 regulariter
382 416 415 467 nt
433 411 567 484 probatus
589 413 745 470 menachus
795 413 999 480 tiomtaciont.
1017 412 1129 484 Siquis
1148 429 1211 471 aero
1230 416 1350 487 episcopo
1367 429 1415 471 suo
1434 416 1497 472 inde
1516 416 1609 473 inobe-

72 504 220 575 ulabatnr,
244 504 281 560 ad
308 505 455 561 tutandam
479 505 744 578 Rothomagensem
793 505 871 561 diem
888 506 986 573 tuerit,
1002 505 1121 570 domino,
1140 508 1169 561 in
1188 506 1263 576 cujus
1284 512 1359 563 terra
1377 507 1493 573 habitat,
1508 511 1608 579 episco-

72 615 88 655 n
114 597 251 656 adductus
280 601 333 654 est.
359 599 391 655 ln
419 597 534 655 ecclesia
561 599 670 656 Sancta
696 599 744 656 Dei
791 614 845 669 pus
867 598 915 655 hoo
939 597 1110 663 demonstret,
1134 604 1160 655 et
1185 600 1232 655 ilie
1253 600 1355 656 subdat
1379 616 1439 657 eum
1463 603 1610 672 episcopali

72 710 75 745 i
102 692 197 750 llarin
222 708 239 748 a
262 708 371 765 magno
396 691 551 749 Gisleherto
579 693 743 750 Ehroicensi
788 692 914 762 iustitiae.
928 692 1005 761 Quod
1016 694 1041 748 si
1050 695 1075 747 et
1088 692 1215 748 dominus
1224 694 1315 761 tacere
1326 695 1523 764 contempserit,
1536 697 1608 764 reyis

86 791 268 843 consecratus
298 790 355 856 est,
383 788 413 842 el
438 802 501 843 xnvr
531 789 597 860 posi
622 787 742 843 beatum
793 787 942 851 vicecomes,
962 800 1012 857 per
1036 786 1187 856 episcopum
1209 784 1273 841 inde
1294 787 1450 856 requisitus,
1473 788 1545 842 omni
1567 803 1607 845 re·

75 921 84 949 ‚
100 894 189 952 quem
204 884 316 934 saneim
330 878 478 950 Dionysius
492 879 659 936 Parisiensis
672 896 742 953 pan·
792 884 867 934 moto
879 880 1049 935 accusatione
1061 880 1159 947 facim.

72 988 147 1029 num
168 973 323 1046 praesulem
348 972 577 1031 liodomensibns
601 973 741 1046 prefecit,
827 974 854 1028 2.
870 973 907 1027 lie
922 971 973 1036 hie,
991 972 1041 1042 qui
1054 971 1087 1026 de
1100 971 1245 1042 parentele
1264 987 1314 1026 sua
1333 986 1429 1028 sorores
1448 977 1547 1036 tenent,
1566 973 1608 1029 oet

72 1081 194 1139 gensem
206 1064 388 1137 metropolim
401 1066 515 1122 sortims
528 1071 580 1123 est.
591 1067 640 1122 liic
652 1067 743 1123 honus
792 1078 889 1121 uaorcs
902 1069 1050 1134 parentum
1068 1079 1188 1128 suorum,
1208 1066 1326 1136 episcopi
1345 1067 1504 1121 cononicam
1518 1066 1605 1137 justi·

72 1159 117 1217 lus
133 1175 166 1217 ec
180 1163 348 1215 mansuetus
365 1159 480 1229 exstitit,
496 1175 674 1233 gregemque
689 1160 743 1216 sihi
793 1160 859 1214 tiorn
871 1163 1065 1229 assequantur.
1079 1160 1136 1215 lica
1150 1160 1222 1214 enim
1234 1158 1299 1214 inde
1312 1158 1419 1214 nullum
1434 1160 1549 1215 uutinct
1562 1160 1607 1215 oei

85 1251 272 1309 commissum
297 1268 369 1309 xxm
393 1253 476 1308 annis
502 1253 663 1309 custodivit.
686 1254 740 1310 lla-
793 1256 895 1314 tuetur,
915 1251 963 1308 sed
977 1252 1070 1323 potius
1090 1253 1226 1323 episcopos
1246 1252 1407 1322 adiuvando
1427 1253 1553 1310 admonet
1574 1258 1607 1309 ut

72 1344 188 1403 silicam
200 1345 372 1402 omnimodis
385 1345 530 1402 ornatibus
543 1345 632 1403 cultui
646 1346 742 1402 divino
793 1344 836 1400 lca
849 1346 898 1400 Dei
909 1346 1023 1414 tirmiter
1035 1347 1169 1401 tencatur.

72 1439 93 1496 is
115 1438 227 1496 aliatim
249 1438 441 1513 locupletarit,
463 1442 491 1495 et
512 1439 664 1497 claustrum
685 1439 742 1513 epi·
827 1440 853 1492 3.
873 1437 1036 1508 Presbyteri,
1056 1437 1174 1502 ourani,
1194 1437 1353 1495 subdiaconi
1370 1442 1397 1494 et
1417 1453 1507 1496 omnes
1527 1454 1606 1496 cono

72 1549 198 1607 imosque
218 1533 416 1591 convenientes
434 1549 452 1588 a
469 1533 664 1589 fundamentis
683 1533 740 1590 ele·
792 1532 848 1587 nici
859 1534 885 1586 ct
895 1531 993 1588 decom
1004 1532 1110 1588 nullom
1123 1533 1232 1588 omnino
1244 1533 1375 1600 {aninum
1387 1531 1511 1589 habeant.
1527 1533 1605 1601 Quod

72 1626 210 1684 snorarit.
230 1627 338 1698 Carpus
358 1625 448 1682 sancti
470 1626 590 1682 Romani
611 1627 742 1698 praesnhs
790 1625 926 1697 sioliqur's
936 1630 997 1696 post
1010 1625 1131 1681 eamdem
1142 1625 1336 1697 culpamoisus
1348 1626 1434 1694 tuerit
1448 1627 1603 1690 incurrisse,

72 1719 161 1776 crede
170 1720 202 1777 in
210 1719 459 1791 metropolitanam
468 1718 613 1781 basilicam
621 1718 741 1791 gloriose
751 1695 779 1771 Β
790 1720 815 1775 si
822 1733 873 1790 per
886 1720 1022 1775 ministros
1040 1721 1159 1789 episcopi
1174 1718 1239 1774 inde
1251 1720 1330 1790 prius
1346 1720 1432 1787 tuerit
1449 1724 1603 1783 accusatus,

73 1855 83 1885 ,
98 1812 171 1870 etin
187 1813 294 1868 scrinio
313 1829 382 1869 aura
401 1816 578 1887 argentoque
596 1829 661 1868 cum
675 1828 739 1885 pre·
789 1815 818 1867 in
830 1813 907 1868 curia
919 1813 1036 1883 episcopi
1053 1826 1081 1867 se
1096 1812 1240 1883 purgabit.
1254 1814 1285 1869 Si
1300 1827 1362 1868 uero
1373 1813 1604 1884 parochianorum

72 1905 161 1963 ,dibus
173 1921 291 1979 operose
304 1909 435 1979 cooperta
448 1910 614 1962 reverenter
626 1906 738 1961 locavit.
788 1907 831 1962 oei
841 1905 1010 1962 dominorum
1023 1919 1134 1961 suorum
1146 1906 1247 1978 aliquis
1260 1920 1320 1962 eum
1333 1907 1414 1978 prius
1427 1908 1603 1974 umuscoerit,

72 2002 112 2057 sle
137 2016 253 2073 quoque
278 1999 341 2072 eius
365 2017 384 2056 x
409 1999 471 2056 Kal.
498 1998 661 2057 Novembris
687 2016 740 2072 per
788 1999 888 2055 babeut
905 2003 1044 2055 omucatus
1063 1998 1187 2055 inducias
1207 2004 1238 2055 ut
1256 2015 1317 2055 cum
1331 2000 1451 2071 episcopo
1462 2000 1549 2070 possit
1568 1999 1606 2055 lo·

72 2092 180 2151 acesim
199 2109 280 2149 snam
300 2092 401 2150 festive
423 2092 560 2150 celebrari
581 2092 738 2162 constituit,
789 2095 851 2164 quis
863 2093 925 2149 etsi
935 2107 963 2148 se
972 2107 1096 2164 purgare
1111 2092 1237 2157 uoluerit,
1251 2095 1282 2148 in
1299 2092 1392 2149 eodem
1407 2093 1541 2164 parocbia
1558 2092 1607 2148 cui
1717 2128 1723 2138 ·

72 2185 110 2242 ali
133 2186 225 2242 edicto
250 2186 381 2242 festivam
406 2186 558 2243 stationem
588 2186 626 2242 ad
650 2186 739 2241 sancti
788 2186 1080 2257 semipatentibus
1101 2185 1276 2257 parochianis
1300 2185 1438 2258 pluribus,
1462 2191 1527 2242 ante
1550 2185 1606 2257 cpi·

86 2295 191 2352 corpus
213 2285 293 2335 extra
314 2280 414 2336 urbem
434 2278 554 2353 singulis
576 2280 659 2336 annis
677 2280 739 2336 lieri
787 2282 861 2352 scopi
877 2280 1016 2336 ministros
1035 2285 1061 2335 et
1075 2294 1167 2335 corum
1178 2279 1286 2349 iudicio
1298 2294 1326 2335 se
1338 2279 1479 2352 purgabit.
1494 2281 1527 2337 Si
1541 2294 1604 2335 uero

72 2372 110 2431 ad
122 2389 213 2446 quam
224 2373 411 2446 parochianas
423 2389 496 2445 pene
509 2389 610 2429 omnes
621 2373 739 2429 monitis
784 2387 942 2445 purpureae
956 2387 1011 2428 non
1021 2374 1153 2442 potuerit,
1166 2373 1313 2429 Enhsiam
1325 2373 1422 2444 perdet
1437 2374 1603 2444 irrecupera-

72 2465 204 2525 tionibus
226 2472 311 2539 atque
334 2467 582 2523 benedictionibus
600 2466 736 2523 invitavit.
790 2467 889 2523 bibitor.
912 2468 968 2524 Hoc
988 2465 1136 2536 predictus
1161 2481 1211 2522 rea
1231 2468 1341 2531 statuit,
1365 2481 1419 2521 non
1442 2467 1601 2538 perenniter

86 2565 118 2616 et
137 2560 255 2628 clericis,
275 2559 463 2632 omnibusque
482 2560 536 2615 sihi
553 2559 687 2632 subjectis
709 2562 740 2615 ut
788 2562 918 2633 episcopis
936 2561 992 2616 suis
1011 2559 1161 2627 caluendo
1175 2559 1295 2615 debitam
1307 2560 1460 2630 justitium,
1474 2559 1522 2616 scd
1536 2561 1604 2631 quia

72 2655 116 2710 ter
134 2652 282 2709 blandiens
301 2653 417 2725 profuit.
439 2653 556 2708 Psalmis
576 2656 605 2708 el
623 2653 739 2725 hymnis
788 2655 905 2725 episcopi
927 2667 956 2710 co
983 2658 1099 2724 tempore
1124 2654 1216 2708 minus
1242 2668 1324 2722 quarn
1351 2655 1515 2709 conoenr'sset
1539 2653 1603 2708 inde

72 2762 84 2802 s
99 2745 307 2819 spiritualibus,
321 2745 464 2818 sacrisque
481 2745 621 2819 mysteriis
635 2745 739 2802 indesi·
787 2747 921 2814 ternant,
938 2745 1019 2802 donec
1038 2747 1094 2817 ipsc
1111 2760 1202 2801 eorum
1219 2745 1314 2802 uidem
1332 2745 1547 2802 enunciationem
1565 2747 1603 2802 eis

72 2854 98 2895 se
112 2838 296 2911 manciparit.
312 2839 410 2895 Omnis
422 2839 458 2894 ab
471 2839 522 2895 illo
535 2839 653 2895 trauset
665 2855 739 2894 ama·
787 2840 911 2895 redderet
930 2854 981 2911 pro
1005 2839 1152 2905 beneiruto,
1174 2839 1248 2909 quod
1270 2845 1334 2894 tunc
1351 2839 1385 2894 de
1404 2854 1489 2894 manu
1510 2853 1602 2895 corum

72 2933 140 2989 ncul
162 2931 288 2987 fuerunt.
313 2932 428 2987 Nullum
452 2932 598 3005 quaerebat
620 2932 737 3000 ledere,
790 2933 976 3003 temporaliter
989 2933 1091 2987 tulerat
1103 2948 1154 3002 pro
1166 2933 1312 2987 commisso.

72 3041 156 3097 usqne
179 3023 385 3096 indigentibus,
408 3030 492 3098 prout
515 3025 586 3080 ratio
607 3025 736 3096 jubebat,
823 3026 850 3081 4.
863 3027 962 3085 Nullus
977 3026 1063 3081 laicus
1080 3026 1110 3080 in
1122 3025 1274 3081 redditibus
1291 3025 1400 3089 altoris,
1415 3026 1457 3081 vel
1468 3028 1498 3080 in
1510 3025 1600 3097 sepul-

72 3134 99 3175 c.
119 3119 225 3175 Cantor
245 3118 432 3191 peritissimus
454 3123 527 3187 erat,
547 3118 736 3190 aptissimam·
788 3123 862 3182 tura,
880 3119 923 3174 uel
942 3120 973 3173 in
989 3120 1069 3173 tertia
1084 3124 1166 3189 porte
1181 3118 1290 3173 decime
1305 3117 1412 3189 aliquid
1428 3117 1542 3186 hobeot3
1555 3133 1602 3174 nec

72 3210 206 3268 nendum
219 3227 320 3266 vocem
333 3211 464 3266 habebut.
479 3213 510 3266 ln
523 3228 576 3267 usu
590 3211 736 3267 ecclesias·
783 3217 927 3286 pecuniam
938 3230 989 3287 pro
1002 3216 1098 3271 borum
1111 3215 1264 3271 venditione
1276 3215 1319 3271 vel
1332 3215 1477 3271 donatione
1491 3215 1600 3286 aliqum

72 3303 157 3361 ssime
173 3304 326 3360 instructus
338 3311 410 3369 erat,
423 3308 453 3360 el
470 3305 507 3360 ad
521 3305 737 3376 praedicandum
787 3313 865 3364 tenus
877 3309 989 3376 habeon
1003 3325 1050 3365 nec
1058 3309 1200 3380 presbyter
1212 3309 1276 3365 inde
1286 3310 1425 3366 seruitium
1436 3310 1533 3377 finnt,
1547 3310 1601 3362 nisi

72 3397 191 3453 rerhum
218 3398 278 3466 Dei,
303 3398 378 3453 clara
403 3399 565 3470 idoneaque
592 3397 736 3455 locutione
786 3401 945 3468 legationem
959 3400 1062 3459 dornini
1075 3405 1121 3458 sui
1134 3407 1235 3474 portet,
1251 3405 1292 3458 iio
1307 3407 1336 3458 ut
1350 3403 1379 3456 in
1394 3401 1487 3458 codem
1504 3400 1548 3456 die
1562 3400 1600 3455 od

72 3490 212 3547 Patientia
237 3495 266 3547 et
291 3490 469 3563 benignitate
496 3494 613 3547 cunctos
640 3507 736 3547 seeum
786 3497 925 3550 sensilium
947 3496 1071 3552 Ecclesiae
1091 3499 1256 3563 rmertaturr
1280 3500 1306 3551 et
1326 3495 1364 3550 od
1384 3496 1530 3557 orationes,
1547 3509 1599 3565 per

72 3600 80 3639 s
104 3583 258 3650 mulcebat,
286 3599 479 3656 magnamque
505 3590 617 3657 partem
642 3585 736 3641 oneris
784 3589 981 3644 Normcnniom
998 3588 1174 3652 solummodo,
1194 3591 1295 3643 vicium
1309 3589 1411 3643 domini
1425 3589 1469 3642 sui
1486 3586 1597 3649 bcrbens,

72 3677 102 3733 is
122 3682 152 3734 et
165 3677 419 3750 archipresbyteris
436 3677 498 3733 sine
516 3677 622 3734 invidia
641 3677 734 3735 distri·
785 3682 809 3736 si
822 3681 948 3737 domium
964 3682 1090 3750 coluerit,
1108 3697 1197 3737 secum
1210 3681 1309 3749 vodat3
1321 3681 1462 3738 seruitium
1475 3680 1598 3736 accusa

73 3785 206 3843 auosque
227 3770 413 3828 nihilominus
434 3771 471 3827 ad
490 3771 735 3844 participationem
783 3774 924 3844 presbyter
936 3775 1044 3830 interim
1059 3780 1143 3830 curet.

72 3862 133 3922 side
146 3863 310 3921 ambiebat.
820 3871 846 3921 5.
864 3867 1016 3938 Presbyteri
1032 3867 1066 3924 ab
1088 3869 1217 3940 episcopis
1233 3869 1276 3924 oei
1293 3869 1327 3923 ab
1348 3882 1438 3923 eorum
1454 3866 1597 3930 ministris,

116 3958 160 4014 Vl.
179 3958 364 4015 luiiobonerne
382 3959 532 4015 concilium.
783 3967 883 4031 pratu
901 3959 990 4031 justos
1014 3960 1147 4025 redditus,
1170 3964 1287 4033 episcopi
1309 3964 1339 4017 ai
1359 3961 1402 4018 vel
1423 3961 1505 4016 minis
1528 3958 1599 4015 nibil

72 4050 93 4108 b
111 4051 310 4109 lncarnsiione
326 4052 439 4108 Domini
458 4053 536 4122 1080,
551 4068 601 4108 rex
618 4051 734 4108 Guillel·
784 4054 850 4109 dore
861 4057 1003 4125 ooyantru.
1017 4056 1132 4126 Propter
1143 4071 1236 4111 corum
1248 4056 1368 4124 seminas
1385 4054 1465 4111 nulla
1476 4053 1598 4125 pecunia

72 4142 206 4202 earinis
225 4146 405 4201 Pentecostcs
424 4145 498 4218 apud
519 4145 673 4201 lllebanam
693 4162 735 4202 re·
785 4146 935 4203 emendatio
956 4149 1091 4220 camum.
1114 4148 1309 4206 Arabmioconi
1324 4164 1375 4221 per
1395 4146 1600 4204 archidiacona-

72 4254 114 4311 [ne
129 4237 314 4294 Gnillelmum
331 4239 578 4313 archiepiscopum
593 4244 621 4296 et
634 4256 734 4296 omnes
785 4244 830 4295 tus
843 4256 904 4297 suos
917 4241 996 4297 sanci
1008 4243 1039 4296 in
1052 4258 1124 4299 anno
1134 4243 1352 4314 presbyterorum
1364 4241 1600 4312 suffraganeorum

76 4330 247 4401 ctabbates,
264 4332 440 4405 comitesque
453 4350 518 4389 cum
535 4333 596 4389 aliis
613 4334 735 4407 proseri—
784 4349 895 4389 suorum
916 4336 1073 4391 uestimenta
1093 4342 1118 4392 ct
1139 4337 1235 4392 calices
1257 4341 1282 4392 et
1305 4336 1387 4392 libros
1407 4334 1528 4398 amsani,
1550 4334 1596 4389 dc·

72 4425 168 4481 annisa
177 4425 263 4480 simul
272 4426 369 4482 adesse
379 4427 524 4499 praecepit.
538 4427 572 4484 Ui
581 4421 900 4499 rexjussit,Dsignatis
926 4428 959 4483 ob
988 4430 1110 4500 episcopo
1135 4432 1166 4484 in
1190 4445 1350 4501 unoquoque
1376 4427 1599 4484 archidiaconatu

72 4521 105 4574 st
132 4518 223 4590 Igitur
248 4522 347 4575 octavo
375 4536 451 4575 anno
479 4526 600 4592 papatus
625 4521 734 4576 domini
783 4522 948 4578 solummodo
969 4523 1054 4578 tribus
1072 4523 1145 4586 iocis,
1161 4523 1209 4578 ubi
1224 4525 1309 4578 oicim
1324 4523 1479 4594 presbyteri
1493 4519 1531 4576 od
1544 4519 1599 4575 haec

72 4626 160 4684 pspae
186 4611 309 4684 septimi,
337 4612 449 4670 celebre
478 4612 630 4670 concilium
658 4615 734 4686 apud
783 4614 961 4671 monstrando
991 4620 1178 4672 convocentur.
1207 4615 1282 4683 Quod
1309 4631 1368 4672 cum
1394 4614 1599 4669 archidiaconus

73 4720 143 4762 nam
158 4705 333 4762 celebratum
352 4716 405 4775 est,
421 4711 449 4764 et
463 4707 498 4763 de
515 4710 588 4763 statu
605 4708 735 4764 Ecclesia
783 4708 821 4763 ad
832 4710 887 4765 hnc
899 4709 1018 4766 videnda
1030 4711 1142 4777 uenerit,
1157 4710 1350 4782 apresbytcris
1364 4710 1412 4779 qui
1424 4707 1596 4770 conueniunt,

72 4813 144 4871 sque
162 4799 254 4870 regni,
275 4799 452 4871 providentia
471 4800 547 4872 regis
568 4817 633 4857 cum
653 4801 736 4857 baro·
785 4802 887 4868 triduo,
902 4805 927 4860 si
939 4804 1060 4875 expedit,
1074 4805 1178 4860 uictum
1191 4803 1289 4859 habeat
1302 4801 1356 4857 sibi
1367 4802 1473 4871 quinto.

72 4907 122 4948 nm
136 4892 254 4948 consilio
271 4893 377 4948 utiliter
389 4896 541 4950 tractatum
557 4898 609 4951 cst.
626 4896 735 4952 statuta
819 4899 845 4952 a.
873 4896 904 4954 Si
926 4897 1066 4969 presbyter
1088 4898 1297 4965 fornicaturam
1314 4897 1411 4964 secuit
1432 4894 1465 4948 de
1487 4894 1597 4962 [mostis

72 4984 125 5056 ilii,
141 4985 213 5042 sicul
231 4986 266 5043 ab
285 4986 321 5042 iis
340 4986 390 5060 qni
409 4986 610 5058 interfuerunt,
630 4989 734 5045 veraci·
783 4992 853 5061 regis
872 4992 914 5047 ael
934 4991 1064 5047 baronum
1085 4991 1151 5063 ejus,
1173 4991 1278 5047 nullam
1301 4990 1366 5047 inde
1385 4988 1598 5046 emendationem

72 5081 120 5134 aia
143 5084 220 5147 sunt,
245 5081 308 5135 volo
334 5079 379 5136 hic
405 5081 544 5150 inserere,
571 5086 602 5137 ui
626 5081 732 5154 posteri
785 5083 1053 5156 babebitepiscopus.

74 5171 153 5230 naias
177 5173 208 5229 in
233 5173 410 5231 Normannia
433 5175 511 5248 leges
541 5175 657 5232 luerunt
680 5176 732 5232 suh
818 5181 844 5233 i.
873 5178 1027 5249 Presbyteri
1051 5179 1131 5236 semel
1153 5180 1183 5233 in
1209 5192 1292 5242 anno,
1319 5178 1391 5234 circo
1414 5179 1596 5242 Pentecosten,

77 5281 159 5339 rege.
783 5287 843 5326 curn
854 5273 1070 5341 processionibus
1084 5275 1139 5330 suis
1153 5271 1595 5335 admatremeocleeiornoeniunt,

80 5361 141 5424 Dei,
163 5375 224 5433 que
243 5361 324 5433 vulin
345 5363 430 5419 trevia
453 5362 563 5428 dicitur,
586 5365 655 5419 siem
675 5365 733 5435 ipse
783 5370 808 5420 et
827 5364 860 5419 de
877 5366 993 5437 singulis
1014 5366 1137 5422 domibus
1154 5381 1221 5422 cere
1238 5365 1378 5429 denorum,
1395 5366 1437 5421 vel
1455 5365 1527 5422 idern
1545 5381 1595 5420 oa-

72 5453 221 5511 luilielmus
241 5472 301 5511 cam
323 5457 353 5510 in
375 5458 453 5512 initio
475 5459 662 5521 constituerat,
682 5462 731 5528 tir-
784 5460 839 5516 lens
870 5459 907 5515 od
936 5459 1148 5516 illuminandam
1176 5461 1314 5517 rosunum
1345 5460 1429 5516 scitari
1457 5458 1596 5529 offeratur.

72 5553 144 5617 ntur,
157 5553 183 5605 et
194 5550 377 5621 persingulas
387 5551 531 5622 parochias
542 5552 620 5607 dictis
632 5568 733 5608 encom·
782 5554 858 5620 Quod
881 5557 931 5625 qui
946 5556 1037 5623 saone
1057 5556 1185 5620 noluerit,
1203 5573 1220 5609 a
1233 5555 1392 5625 presbytero
1408 5569 1456 5609 suo
1472 5569 1524 5624 per
1543 5554 1595 5607 mi·

72 5640 144 5697 rebus
173 5648 324 5699 renouetur.
358 5645 410 5713 Qui
438 5661 499 5701 cero
531 5661 638 5702 suestre
668 5663 730 5702 con·
781 5649 1013 5704 nistcn'umsuurn
1029 5654 1143 5720 coyotur
1159 5648 1207 5704 hoc
1222 5650 1322 5704 solvere
1338 5647 1396 5704 sinc
1413 5647 1597 5703 emerrdationc

72 5776 82 5803 ,
106 5736 151 5795 rel
173 5736 348 5810 aliquatenus
371 5741 514 5813 fregerint,
538 5743 665 5817 episcopi,
688 5758 730 5801 se·
780 5745 910 5817 prouisis).
937 5745 1032 5804 uticus
1060 5743 1249 5822 presbyterum
1276 5758 1335 5799 nan
1363 5741 1410 5803 dat
1434 5740 1480 5796 ucl
1503 5739 1615 5793 adimat
