3750 6046
72 114 141 171 rror
754 116 898 173 orateur.
913 144 947 155 -
967 112 1030 171 tta.
1051 112 1083 169 ΙΙ.
1686 108 1753 169 taut

70 241 215 297 rationem
228 242 376 299 catholicae
396 242 463 299 fidei
484 247 635 317 postquam
660 243 804 316 discipulis
829 246 886 300 suis
897 258 926 330 Α
937 244 1122 316 inspiratione
1136 242 1219 299 nobis
1233 240 1415 310 insinuando,
1430 244 1566 312 tanquam
1580 239 1753 297 intrinsecus

68 335 205 391 universa
216 353 280 408 qua
302 337 343 391 illi
358 339 480 409 tempori
497 338 677 409 congruebat
698 338 821 404 dixerat,
834 339 885 393 ad·
937 337 1069 405 rorando,
1084 337 1224 401 innotuit;
1240 337 1366 391 lraercses
1382 335 1518 407 paulatim
1531 337 1752 403 succrescentes,
1828 390 1832 397 ,

67 429 140 500 J'ecit
155 429 194 483 ita
219 429 316 485 dicens
336 432 455 487 :Adhuc
476 434 565 488 nautio
591 431 673 488 habeo
694 433 768 488 uobis
790 433 886 494 dicere.
938 432 1104 503 quiarirtus
1126 430 1262 486 ditissimi
1277 436 1329 497 est,
1342 433 1474 501 potenter
1497 429 1755 500 dissipavit31eges

69 525 121 578 sed
135 528 313 594 nonpotestis
332 531 444 596 portare
465 527 566 581 inundo
577 545 585 592 ;
602 542 661 581 cam
677 533 767 582 autem
785 530 887 582 vatent
938 526 1139 581 ecclesiasticas
1163 526 1197 580 ad
1229 524 1452 580 conservandam
1474 523 1663 578 Christianam
1687 522 1753 578 reti-

68 618 119 673 illc
139 618 259 689 Spiritus
272 621 405 681 veniatis,
431 620 535 676 docebit
556 636 602 675 uos
623 636 726 676 omnem
746 623 887 676 veritatem
938 620 1053 691 gionam
1067 636 1119 690 per
1140 620 1310 692 apostolicos
1334 619 1409 672 uiros
1423 617 1547 672 dictauit.
1565 618 1598 671 Et
1612 623 1642 672 ut
1655 618 1754 672 omnia

71 713 174 783 (loun,
192 728 248 778 xvi,
264 712 321 781 22).
343 713 475 768 Meminit
493 714 656 769 fraternitas
676 718 723 769 tua
744 714 818 785 quod
838 715 887 770 Do-
938 713 990 768 sub
1003 713 1144 769 brevitate
1159 714 1301 785 colligam,
1315 718 1403 768 totam
1426 711 1580 766 Ecclesiam
1606 712 1636 766 in
1658 717 1755 767 sancta

69 805 169 860 minus
184 805 213 859 in
236 807 389 877 Evangelio
409 807 444 861 de
458 807 631 878 seipsodieit
657 825 664 862 τ
686 810 742 876 Epo
762 824 822 863 sum
841 811 888 863 uic
938 807 1083 879 disciplina
1097 808 1251 874 eruditam,
1268 823 1387 862 omnem
1400 805 1537 877 paulatim
1557 805 1662 860 docens
1679 805 1753 860 veri·

69 906 95 953 et
108 902 209 954 ueritus
222 904 246 955 et
260 903 317 954 citu
336 901 435 969 (ioan,
454 917 510 968 xvi,
526 901 579 971 ta).
596 904 630 956 Et
648 901 695 956 hic
711 900 798 957 dicit:
821 902 887 957 Cum
937 904 1040 968 tatem,
1063 902 1172 956 lumine
1191 918 1264 956 veros
1287 901 1412 955 scientie
1427 899 1586 965 illustravit,
1610 903 1637 954 ot
1662 899 1754 954 adhuc

67 999 162 1048 autem
180 995 283 1049 serait
306 995 353 1049 ille
364 994 485 1065 Spiritus
505 997 640 1063 caritatis,
658 983 761 1051 docebit
775 1011 821 1050 oos
835 1012 887 1051 om·
937 992 1073 1061 illustrat,
1090 1001 1118 1051 et
1140 1010 1253 1066 semper
1267 993 1427 1062 illustrabit,
1443 993 1482 1048 ita
1497 993 1603 1065 quippe
1622 992 1756 1064 promisit

67 1103 131 1142 nem
142 1089 287 1142 ueritatem
303 1086 406 1159 (toria,
433 1105 488 1155 xvi,
507 1090 561 1159 tt).
577 1090 646 1144 Ecce
660 1088 782 1161 Spiritus
810 1106 888 1144 sanc·
938 1089 986 1158 qui
1006 1105 1063 1144 non
1076 1090 1214 1144 mentitur
1228 1090 1319 1144 Deus:
1334 1091 1369 1143 Et
1383 1088 1454 1142 doto
1467 1088 1541 1142 uobis
1563 1087 1754 1157 spiritumet

67 1183 116 1235 tus
132 1197 214 1235 amor
229 1183 320 1236 Patris
334 1188 363 1236 ct
377 1182 446 1248 Filii,
463 1183 603 1238 connexio
625 1182 886 1249 amborum,com·
937 1188 1047 1238 maneat
1073 1184 1207 1239 schacum
1232 1186 1261 1238 in
1285 1181 1527 1251 aterarimliocn„
1557 1196 1610 1249 xiv,
1638 1181 1690 1251 ld).
1721 1180 1754 1236 Et

68 1274 226 1330 muricatio
247 1275 409 1344 amborum,
431 1276 556 1330 charitas
571 1276 742 1346 amborum3
769 1276 887 1348 Spiritus
937 1276 1029 1332 item:
1044 1281 1109 1333 Ecce
1131 1292 1178 1346 epo
1191 1278 1327 1332 cetheum
1340 1291 1401 1331 sum
1422 1277 1547 1330 omnibus
1561 1275 1654 1330 dicbus
1669 1290 1753 1345 aspare

69 1367 202 1440 inquam,
229 1369 291 1424 Filii
317 1370 366 1441 qui
399 1373 442 1424 ost
466 1370 579 1438 veritas,
608 1370 729 1441 Spiritus
757 1369 887 1424 veritatis
938 1371 975 1425 ad
1009 1373 1263 1426 consummationem
1294 1371 1386 1425 saculi
1421 1371 1541 1439 (dietih,
1569 1384 1663 1436 xxviii,
1689 1367 1752 1437 to);

65 1462 174 1518 docens
190 1479 303 1518 ornnem
317 1462 479 1530 veritatem,
496 1464 544 1534 qui
564 1467 592 1517 et
606 1465 665 1535 ipsc
690 1464 846 1536 procedens
870 1480 887 1520 a
938 1465 1072 1519 videlicet
1084 1480 1135 1536 per
1150 1464 1359 1519 inhahitantem
1381 1463 1504 1535 Spiritus
1518 1463 1607 1517 sancti
1622 1463 1752 1533 gratiam.

67 1556 151 1625 Filio,
167 1557 216 1628 qui
230 1557 390 1625 estuaritas,
408 1557 594 1628 Evarrgelium
607 1557 742 1626 condidit,
756 1563 785 1613 ct
798 1557 885 1613 sidem
938 1558 1033 1629 itaquo
1053 1563 1081 1613 et
1107 1558 1201 1629 ipsum
1224 1557 1420 1628 Evangelium,
1446 1560 1474 1612 et
1497 1557 1556 1627 ipsa
1580 1555 1697 1610 concilia
1717 1555 1753 1610 ab
1812 1546 1815 1553 ’

64 1651 223 1705 secundum
242 1654 355 1721 tempus
372 1650 561 1707 sufficientem
583 1650 718 1724 apostolis
738 1651 860 1706 instituit
872 1670 881 1722 3
894 1626 922 1699 B
934 1651 1236 1707 orthodoxisPatribus
1250 1650 1393 1706 celebrata
1403 1650 1479 1704 idom
1499 1632 1622 1721 Spiritus
1639 1655 1753 1704 sanetus

64 1760 166 1799 eccea
193 1745 262 1809 silio,
292 1745 342 1816 qui
369 1745 461 1800 adhuc
487 1745 577 1800 multa
604 1761 634 1801 se
661 1745 699 1800 ad
727 1745 883 1800 dicendum
932 1744 1057 1813 dictavit,
1072 1750 1100 1799 et
1114 1744 1252 1817 paulatim
1262 1745 1366 1800 docens
1380 1759 1497 1798 omnem
1508 1743 1666 1809 veritatem,
1681 1742 1752 1797 nihil

63 1837 172 1892 habere
186 1837 265 1904 dicit,
280 1839 466 1910 promittitur,
482 1845 513 1894 ut
525 1838 656 1894 videlieet
678 1840 739 1910 ipse
754 1855 882 1910 congruo
932 1839 1233 1894 veritaticonlrarium
1249 1838 1338 1905 dixit;
1355 1838 1475 1909 ideoque
1489 1853 1587 1892 secure
1599 1837 1660 1907 jam
1671 1841 1752 1908 potes

64 1937 196 2003 tempora
215 1932 389 2003 dicat,quod
416 1933 500 1988 Filius
515 1933 608 1989 adhuc
623 1932 659 1987 ad
676 1933 828 1988 dicendum
853 1949 883 1988 se
933 1931 1044 1998 dicere,
1069 1932 1144 2003 quod
1178 1931 1300 2003 Spiritus
1330 1934 1444 1986 sanctus
1469 1931 1604 2002 procedat
1628 1947 1644 1984 a
1671 1929 1751 1996 Filio,

63 2024 171 2079 habere
196 2024 316 2080 dicebat.
340 2026 414 2090 Quid
439 2042 508 2097 ergo
534 2026 611 2081 aliud
636 2032 720 2097 putas
744 2026 881 2082 eumdem
933 2025 1156 2097 quoniamquod
1182 2026 1261 2080 idem
1291 2025 1411 2096 Spiritus
1434 2031 1548 2080 sanctus
1572 2024 1601 2078 in
1633 2023 1687 2078 hoc
1714 2023 1750 2078 do

64 2117 205 2190 Spiritum
220 2125 359 2186 sanctum,
375 2120 512 2191 Spiritum
525 2120 648 2175 veritatis
666 2120 803 2188 docuisse,
827 2120 881 2175 nisi
932 2119 1126 2190 seipsominus
1139 2122 1235 2191 aperte
1243 2119 1272 2174 in
1281 2119 1433 2189 Evangelio
1448 2117 1750 2188 videturexprcssisse,

63 2211 144 2283 quod
160 2213 239 2267 novit
252 2213 363 2279 Filium,
379 2213 428 2284 qrri
448 2219 490 2268 est
508 2214 620 2281 veritas,
635 2231 652 2269 a
666 2230 721 2285 quo
738 2214 879 2285 procedit,
931 2213 985 2268 hoc
1007 2217 1106 2284 postca
1122 2215 1150 2268 in
1174 2214 1292 2269 diversis
1314 2213 1439 2269 conciliis
1458 2216 1592 2284 tanquam
1612 2212 1751 2284 magister

63 2305 204 2362 adhucad
228 2306 381 2362 dicendum
395 2307 526 2363 hahere?
551 2308 695 2380 idipsum
718 2308 836 2381 quippo,
853 2314 882 2365 et
932 2307 1080 2377 utriusque
1093 2308 1247 2379 Scripturas
1260 2308 1411 2363 manifeste
1424 2307 1574 2379 supplerit.
1592 2328 1605 2356 n

65 2416 127 2456 non
147 2400 226 2455 aliud
249 2400 354 2471 docuit,
370 2419 457 2473 quam
479 2401 555 2473 quod
574 2402 659 2459 Filius
681 2419 710 2459 se
726 2403 762 2458 ad
789 2403 882 2458 dicen·
967 2402 1098 2458 Nechites
1110 2401 1336 2473 archiepiscopus
1353 2401 1525 2457 Nicomedia
1538 2400 1609 2458 dixit
1624 2417 1630 2455 :
1648 2426 1662 2454 «
1678 2399 1750 2457 Satis

65 2494 136 2548 dum
172 2495 264 2549 adhuc
298 2494 405 2550 hahere
441 2496 560 2550 dixerat.
585 2496 731 2568 Siquidem
760 2496 882 2568 Spiritus
932 2496 1135 2552 convenienter
1173 2496 1342 2551 contexuisti
1373 2496 1559 2567 Evangelium
1590 2504 1618 2554 et
1653 2505 1750 2557 sancta

64 2595 179 2643 sanctus
194 2588 352 2660 procedens
366 2590 402 2645 ab
413 2606 461 2644 ore
474 2591 610 2657 veritatis,
626 2592 674 2662 qui
688 2589 814 2646 Christus
827 2597 880 2661 cst,
931 2595 1096 2645 sanctorum
1105 2591 1222 2646 Petrum
1234 2590 1364 2658 concilia,
1373 2589 1750 2662 etprobahititerostendisti

63 2681 251 2753 Evangelium
293 2683 371 2753 prius
408 2683 550 2752 condidit,
586 2688 687 2754 postca
718 2689 882 2740 sanctorum
932 2685 1066 2739 eumdem
1080 2684 1215 2754 Spiritum
1231 2689 1428 2740 sanctumesse
1441 2689 1588 2740 auctorem
1604 2690 1749 2761 Evangelii

63 2777 179 2830 Petrum
199 2776 324 2830 conciliis
346 2782 492 2832 auctorat
518 2777 616 2832 doctor
640 2778 780 2844 veritatis,
811 2778 882 2834 sicut
933 2781 962 2832 et
975 2778 1145 2832 eorumdem
1162 2778 1359 2847 conciliorum,
1376 2779 1451 2849 quod
1464 2784 1492 2833 et
1513 2796 1566 2834 nos
1592 2782 1747 2851 credimus,

64 2868 223 2940 promissus
236 2870 329 2925 iuerat
344 2871 482 2925 interfuit.
505 2871 603 2928 Fidem
618 2889 706 2943 quam
722 2871 799 2927 idem
822 2872 881 2944 ipse
932 2877 961 2926 et
974 2872 1036 2927 ideo
1052 2888 1102 2942 par
1116 2872 1297 2927 veneratione
1310 2887 1376 2926 cum
1392 2872 1543 2943 Evangelio
1554 2875 1616 2939 ipsa
1630 2877 1748 2932 concilia
1833 2924 1836 2929 .
1855 2862 1859 2871 ¹

63 2963 93 3018 in
108 2964 262 3034 Evangelio
275 2964 400 3019 breviter
414 2964 592 3032 condiderat,
612 2966 641 3020 in
655 2967 783 3021 conciliis
798 2983 879 3022 sanc·
930 2980 1110 3020 veneramur.
1132 2964 1255 3020 Proinde
1270 2969 1300 3020 ut
1322 2966 1372 3020 tibi
1401 2982 1499 3021 rerum
1522 2967 1691 3034 fatear-,nos
1720 2976 1748 3026 et

63 3062 161 3112 torum
192 3059 304 3112 Patrum
334 3059 505 3130 explanavit,
531 3063 560 3113 et
586 3074 651 3130 quas
680 3060 765 3116 Filius
789 3061 881 3115 adhue
930 3058 1061 3130 plerique
1074 3063 1236 3113 nostrorum
1265 3059 1745 3130 sapientesavohisnondisscnti·

65 3150 160 3206 dicero
175 3152 283 3219 habuit,
295 3168 355 3223 ipse
364 3152 620 3223 procedensal'ilio
634 3153 770 3209 veraciter
780 3153 879 3223 edidit,
932 3152 1038 3207 musin
1061 3169 1145 3206 sensu
1171 3153 1254 3223 hujus
1277 3153 1485 3224 processionis;
1515 3155 1566 3209 sed
1590 3156 1663 3211 sieut
1685 3158 1746 3228 jam

65 3245 228 3316 etpleniter
250 3246 358 3315 doeuit;
374 3250 403 3300 et
425 3262 490 3318 quae
512 3251 581 3301 tunc
608 3246 660 3302 soli
681 3247 800 3317 apostoli
821 3262 881 3301 non
931 3262 1008 3317 sapa
1031 3245 1099 3312 dixi,
1124 3246 1242 3300 verbum
1268 3246 1352 3317 hujus
1379 3247 1585 3317 processionis3
1610 3250 1747 3306 hactenus

64 3345 221 3411 potuerunt
235 3343 361 3411 portare,
378 3356 411 3394 ea
423 3357 498 3395 nunc
512 3346 570 3396 tota
586 3341 670 3395 simul
686 3341 881 3412 portetEcclo·
929 3338 1006 3410 apud
1019 3356 1069 3393 nos
1091 3339 1146 3394 fuit
1157 3339 1292 3408 alienum,
1307 3357 1359 3394 nec
1381 3341 1530 3395 horremus
1558 3344 1747 3413 processionis

66 3435 107 3489 siu
122 3449 173 3504 per
190 3434 355 3489 universum
368 3434 508 3490 mundum
523 3434 636 3489 dill'usa.
930 3449 1055 3499 sensum,
1070 3433 1137 3503 quia
1160 3437 1254 3487 rectus
1273 3439 1325 3495 est,
1346 3433 1395 3488 scd
1419 3435 1606 3503 processionis
1628 3436 1745 3491 verbum

102 3549 116 3576 u
131 3530 239 3599 ltaque,
251 3528 322 3583 sicut
332 3528 399 3595 dixi,
410 3528 533 3598 Spiritus
543 3534 667 3596 sanctus,
677 3529 749 3584 sicut
762 3527 881 3599 promis-
929 3526 995 3597 quia
1008 3526 1156 3581 insolitum
1172 3528 1224 3580 est.
1238 3526 1316 3580 ldulti
1330 3527 1417 3582 etiam
1432 3531 1594 3583 Graecorum
1610 3529 1745 3585 doctores

63 3639 111 3677 sus
120 3622 221 3689 luerat,
237 3626 268 3677 ut
279 3622 397 3678 veniens
410 3623 523 3678 doceret
537 3628 606 3678 tunc
629 3627 658 3678 et
669 3639 745 3677 nunc
760 3629 789 3678 et
808 3638 879 3677 sem·
930 3619 979 3690 qui
992 3619 1103 3675 divinas
1116 3620 1278 3690 Scripturas
1302 3625 1504 3691 exposuerunt,
1520 3621 1586 3677 licet
1609 3624 1744 3679 eumdem

63 3733 245 3789 peromnem
260 3716 421 3786 veritatem,
446 3721 611 3771 sanctorum
626 3719 739 3771 Petrum
755 3717 880 3772 conciliis
930 3713 1114 3784 processionis
1135 3714 1221 3785 hujus
1248 3730 1365 3768 sonsum
1391 3714 1628 3770 convenientibus
1652 3717 1746 3774 verbis

63 3809 204 3878 interfuit,
218 3813 393 3882 ettanquam
408 3810 644 3866 doctoromuium
658 3810 781 3882 praefuit,
791 3810 879 3865 fldem
930 3807 998 3861 satis
1010 3823 1138 3878 expresse
1151 3808 1235 3862 nohis
1248 3808 1465 3877 insinuaverint,
1481 3814 1575 3864 tamen
1590 3810 1642 3866 hoc
1658 3813 1744 3867 verbo

65 3908 171 3958 sancte
185 3904 340 3972 Trinitatis,
356 3920 441 3975 quam
457 3908 599 3973 tenemus,
614 3903 689 3959 inter
701 3903 879 3976 impietatem
929 3901 1181 3972 processionisnon
1196 3902 1267 3957 adeo
1283 3902 1429 3958 evidenter
1446 3904 1490 3958 usi
1504 3908 1579 3974 sunt,
1594 3921 1648 3961 nec
1663 3905 1746 3961 nohis

62 3998 119 4055 aiii
135 3998 185 4069 qui
206 3997 331 4052 diuinam
347 3997 536 4053 substantiam
563 3998 711 4069 separavit,
732 4004 760 4053 et
778 3998 877 4069 impie·
930 3993 958 4048 in
974 4011 1027 4049 usu
1040 3995 1174 4066 loquendi
1191 3997 1407 4067 reliquerunt.»

63 4096 152 4146 tatem
165 4090 280 4147 Sabellii
295 4091 343 4162 qui
359 4107 493 4161 personas
516 4091 655 4159 confudit;
673 4091 786 4158 docens,
807 4107 878 4162 pau·
1188 4101 1381 4157 caplTULUM
1394 4102 1483 4157 xxvii

61 4185 143 4241 latim
158 4185 431 4240 omnemvoritatem
445 4185 572 4253 tradidit,
589 4188 765 4241 sacramenta
788 4186 876 4240 eccle·
928 4193 1004 4259 Quod
1025 4193 1108 4246 multi
1134 4196 1286 4250 Graiorum
1315 4202 1436 4251 auctores
1462 4197 1594 4251 dicernat
1612 4197 1747 4267 Spiritum

61 4279 175 4335 siastica
189 4279 321 4348 instituit,
337 4279 457 4333 turmam
477 4279 614 4350 baptismi
633 4295 718 4350 quem
742 4279 878 4335 [lominus
1015 4277 1138 4328 salictum
1158 4276 1300 4343 procedere
1321 4292 1338 4329 a
1365 4277 1444 4340 ditio,
1456 4278 1654 4330 stcutaPutrc.

61 4372 234 4440 instituerat,
255 4373 437 4428 convenienti
457 4373 652 4427 moderamine
675 4372 826 4440 ordinavit,
850 4369 917 4441 etl)
963 4371 1114 4425 dnselrnus
1130 4372 1361 4442 havelbergensis
1380 4373 1528 4444 episcopus
1547 4373 1642 4427 dixit:
1659 4394 1672 4419 u
1689 4374 1745 4428 Cur

61 4469 149 4523 ritum
164 4484 250 4539 qoem
266 4468 294 4521 in
309 4467 524 4522 consecratione
546 4467 673 4538 corporis
686 4473 715 4524 et
728 4468 878 4539 sanguinis
929 4463 981 4518 hoc
996 4464 1071 4519 diei?
1085 4465 1256 4521 Athanasius
1278 4467 1333 4521 illic
1348 4466 1555 4521 famosissimus
1577 4466 1744 4521 Alexandri·

62 4563 175 4617 Domini
201 4566 280 4617 tenet
302 4567 400 4616 sancta
425 4562 555 4629 Ecclesia,
569 4561 709 4633 disposuit
736 4561 880 4634 :patriar-
928 4574 1032 4613 norum
1060 4560 1296 4631 archiepiscopus,
1320 4563 1418 4614 contra
1443 4560 1576 4614 arianam
1610 4560 1744 4615 haeresim

61 4658 152 4726 chas,
187 4656 402 4727 metropolitas,
437 4656 686 4727 archiepiscopos,
719 4656 877 4728 episcopos,
929 4651 1088 4723 disputator
1100 4653 1265 4720 acerrimus,
1281 4654 1309 4707 in
1325 4654 1379 4707 lide
1394 4653 1534 4708 catholini
1554 4653 1695 4724 perfectus
1716 4658 1745 4708 et

60 4750 256 4823 presbyteros,
283 4750 428 4817 diaconos,
443 4753 472 4804 et
497 4750 567 4803 alios
588 4748 738 4804 inferiores
764 4750 879 4805 ordines
929 4745 1119 4814 doctissimus,
1143 4747 1214 4801 nulli
1240 4747 1400 4818 sapientum
1428 4748 1591 4802 Graecorum
1621 4747 1743 4815 alienus,

60 4844 263 4899 ecclesiasticos
278 4844 308 4898 in
329 4844 520 4898 ministerium
544 4843 673 4900 divinum
687 4844 721 4899 ad
746 4844 879 4899 decorem
929 4839 968 4893 ita
984 4840 1052 4894 dicit
1073 4841 1102 4895 in
1116 4841 1243 4913 symbolo
1267 4841 1332 4896 sicet
1349 4842 1489 4911 :Spiritus
1502 4846 1613 4895 sanctus
1626 4857 1644 4894 a
1662 4843 1745 4895 Putre

62 4938 166 4993 domus
178 4939 227 4994 Dei
246 4938 422 5004 instauravit,
446 4938 611 4992 chrismales
634 4938 793 5005 unctiones,
810 4954 877 4993 nec·
930 4940 955 4988 et
972 4935 1039 4988 Filio
1055 4941 1120 4988 esset
1132 4954 1140 5000 ς
1154 4939 1236 5007 atque
1252 4934 1408 5005 subjungit,
1427 4934 1581 5004 procedens.
1599 4933 1745 4989 ltanifeste

60 5048 119 5088 nou
133 5035 341 5089 sacramentum
358 5031 543 5103 poenitentia,
560 5038 588 5086 et
603 5032 801 5102 impositiones
817 5047 877 5086 ma·
930 5026 1026 5081 docuit
1037 5044 1104 5081 cum
1118 5029 1154 5082 ab
1171 5035 1293 5100 utroque
1307 5028 1470 5099 procedere,
1498 5043 1563 5081 cum
1582 5029 1616 5083 ad
1634 5031 1744 5083 utrum-

59 5143 150 5182 nuum
167 5126 268 5183 ordine
292 5125 482 5181 saeratissimo
509 5130 537 5180 et
556 5127 630 5181 buno
643 5125 774 5182 distinxit
784 5144 792 5195 ;
810 5125 878 5181 mis·
931 5138 986 5192 que
999 5121 1165 5192 procedere,
1181 5122 1292 5177 sicutet
1305 5138 1366 5177 esse
1380 5122 1491 5189 retulit3
1507 5121 1667 5192 praesertim
1680 5138 1747 5177 com

61 5236 158 5277 sarum
172 5219 315 5276 solemnia
330 5226 358 5276 et
370 5227 473 5274 catera
501 5219 877 5275 diviuaoiirciaiulaudem
929 5231 987 5269 non
1008 5215 1089 5270 aliter
1114 5232 1131 5269 a
1161 5218 1244 5270 Patre
1270 5220 1299 5270 et
1318 5215 1387 5270 Filio
1410 5215 1529 5286 Spiritus
1551 5219 1665 5270 sanctus
1684 5232 1746 5271 csse

61 5316 111 5370 llei
133 5315 280 5386 apposuit;
308 5331 358 5385 per
384 5314 536 5369 catholicos
555 5315 698 5381 doctores,
721 5313 800 5385 quasi
828 5329 880 5385 per
929 5306 1350 5382 habeatquamproccdendo.

61 5402 204 5481 organum
218 5424 301 5463 suurn
325 5425 417 5463 saeros
444 5409 601 5480 Scripturas
625 5407 733 5463 Veteris
762 5410 791 5462 et
811 5406 881 5462 Nori
967 5402 1238 5471 «Didymusotiam
1253 5402 1590 5459 Graecorumdoctornon
1608 5402 1747 5458 minimus

60 5502 235 5559 Testamenti
256 5502 350 5572 nobis,
378 5507 516 5576 tanquam
543 5502 718 5557 extrinsecus
742 5501 878 5575 pluendo,
930 5496 979 5568 qui
994 5497 1099 5552 multos
1111 5496 1199 5552 libros
1215 5497 1313 5567 edidit,
1325 5501 1354 5552 et
1366 5496 1401 5551 de
1420 5500 1515 5551 sancta
1527 5496 1667 5551 trinitate
1690 5503 1748 5551 tres

61 5596 194 5669 aperuit:
211 5613 316 5653 arcana
328 5614 443 5670 quoque
463 5597 557 5653 divina
583 5597 635 5651 suh
656 5596 749 5669 sigillo
769 5596 879 5652 divina·
931 5591 1017 5647 libros
1032 5591 1110 5664 fecit,
1138 5596 1168 5647 et
1187 5591 1322 5664 origenis
1344 5607 1419 5663 opus
1444 5586 1770 5659 depexosxsassaes

62 5708 128 5746 rum
156 5691 365 5762 scripturarum
393 5692 597 5764 mysterialiter
623 5694 718 5750 clausa
747 5692 883 5753 familiari
936 5691 1119 5760 l'eiiorobou,
1133 5686 1420 5750 commentarium
1430 5683 1478 5737 eis
1495 5672 1723 5746 expressiones
1743 5676 1797 5709 w·
