3750 6046
764 183 924 240 helhum.
1601 181 1669 239 lm

73 320 107 372 tr,
126 302 173 357 ubi
187 303 243 357 vila
258 302 350 361 carnis
363 304 412 375 pia
426 305 522 376 qrrietc
534 305 680 375 defuncta,
698 306 798 362 feriore
809 309 877 393 Ain
900 307 1012 375 saeculo,
1030 324 1076 364 uec
1100 308 1178 363 debis
1201 325 1305 381 corpus
1328 306 1475 365 Genitricis
1498 311 1554 362 tue
1575 306 1668 361 eidem

72 397 134 468 plici
149 397 177 450 in
191 401 336 467 posterum
348 405 515 454 reservatur.
531 402 635 454 Arinen
651 400 719 468 vita,
733 416 798 455 cum
850 406 1045 474 corruptionem
1059 404 1142 474 (Paul.
1158 403 1216 473 xv).
1233 403 1286 459 Sed
1300 403 1369 474 quid
1383 419 1437 475 ego
1450 401 1495 456 his
1509 399 1666 454 immoror?

72 490 93 544 d
112 490 221 545 lentem
232 490 306 555 vitm,
328 497 356 545 ct
368 491 425 546 vira
445 495 588 549 mteruaa
609 492 667 548 vita
688 494 801 565 perpeti
851 497 884 551 Ut
894 496 972 551 enim
983 496 1078 568 pisticis
1089 498 1180 551 moilla
1191 497 1335 567 colligam,
1345 496 1443 551 aderat
1453 491 1668 567 gloriosissimae

71 583 241 639 thauritnr?
256 586 310 639 llcc
324 584 427 639 haustu
442 585 614 642 indefectivo
626 590 693 642 aute
708 587 802 643 deces-
851 591 969 646 verbum
983 591 1103 662 simplex
1119 593 1148 644 ct
1166 591 1324 661 multiplex,
1341 590 1458 645 verbum
1476 587 1666 658 intelligibile,

72 683 206 732 irrevenla
224 684 265 732 est
281 683 371 734 mater
386 681 478 751 Virgo,
502 697 537 734 ue
552 681 670 736 transitu
685 681 714 736 in
739 682 800 754 ipso
852 685 999 740 continens
1013 685 1109 739 omnia
1122 684 1206 740 verba
1220 684 1348 752 laudum,
1364 700 1419 756 qno
1434 682 1515 737 laude
1528 678 1667 736 ineffabili

72 771 194 826 citissimo
221 773 318 827 mertis
345 778 428 844 gustu
449 778 625 846 tangeretur.
647 776 801 846 Egrediens
851 778 1002 834 Durninum
1022 797 1054 834 ac
1076 782 1276 834 uutumsuuui
1294 779 1355 850 ipsa
1375 776 1667 833 holocaustauma

72 865 275 933 ariditatem,
291 883 327 919 ne
343 867 596 923 nrortcmvideret.
614 867 800 940 Viditlilium,
851 873 938 943 igitur
960 888 1026 928 curn
1052 874 1165 928 vocibus
1187 870 1380 927 exsultationis
1408 875 1437 925 ct
1459 869 1551 924 laudis
1573 868 1667 940 prima

72 958 129 1012 rnis
152 959 282 1013 abscessu
298 959 415 1015 doleret.
433 962 560 1015 liradcus
586 978 655 1033 crgo
669 962 756 1018 libera
772 963 800 1018 iu
851 972 913 1037 post
934 966 1023 1021 Deum
1043 983 1127 1038 super
1148 983 1249 1022 oiuucs
1267 966 1419 1037 coeligenas
1437 962 1547 1019 insede
1567 960 1667 1033 gloriae

72 1053 225 1107 z'clicissima
240 1053 360 1122 visione,
375 1061 409 1119 ¹ct
429 1054 518 1125 piutita
532 1059 628 1127 opilata
643 1057 721 1111 vultu
742 1057 800 1125 uei,
852 1060 1014 1114 collocatur.
1035 1061 1075 1115 lbi
1101 1064 1247 1132 resumpta
1272 1060 1364 1115 caruis
1385 1059 1540 1113 substantia
1563 1055 1667 1128 (neque

72 1146 161 1201 andes
176 1146 249 1201 cives
263 1147 324 1201 coeli
338 1147 368 1201 ia
379 1148 421 1202 sui
438 1148 576 1220 obsequio
591 1156 619 1204 et
632 1149 800 1206 deductione
852 1153 929 1209 enirn
943 1153 1021 1209 credi
1034 1154 1076 1209 las
1087 1157 1130 1209 cst
1142 1170 1242 1226 corpus
1257 1154 1317 1225 ejus
1327 1153 1428 1208 cidisse
1442 1150 1667 1223 curruptionem)

72 1258 98 1295 ns
111 1241 227 1296 inseruit.
242 1241 378 1296 llirautur
393 1242 431 1296 illl
447 1242 574 1297 arrianam
587 1244 683 1299 riteriti
698 1240 808 1316 singu-'
852 1256 879 1308 et
890 1251 995 1324 duplici
1007 1252 1077 1307 stola
1091 1251 1200 1320 induta,
1211 1254 1299 1307 Deum
1310 1259 1338 1307 ee
1350 1251 1497 1306 hominem
1508 1250 1537 1304 in
1548 1253 1668 1319 utraque

72 1343 181 1394 excitam
196 1346 302 1394 aeterua
317 1340 388 1408 labe,
403 1341 511 1395 nullam
526 1343 619 1396 caruis
639 1347 688 1397 ant
706 1342 801 1397 srucali
852 1349 968 1412 nature,
982 1348 1088 1417 quanto
1103 1345 1214 1400 caeteris
1230 1346 1342 1413 clarius,
1356 1348 1434 1399 tauto
1448 1343 1591 1399 ardentius
1607 1341 1667 1395 uni·

72 1434 124 1488 lain
150 1433 689 1503 habere.blirautnrexutamarlnbus,
711 1436 802 1507 gratia
852 1439 940 1494 versis
967 1439 1069 1494 mentis
1093 1445 1121 1494 et
1144 1439 1235 1494 caruis
1264 1438 1352 1494 oculis
1375 1437 1595 1509 contemplatur.
1615 1435 1667 1490 Er·

75 1528 207 1599 puritatis
223 1528 354 1583 candere.
366 1528 439 1593 Quid
455 1529 533 1583 cuim
548 1530 673 1600 primurn
685 1530 803 1585 laudent
853 1532 918 1587 inde
936 1532 1064 1588 hnmano
1086 1533 1186 1603 generi
1206 1533 1341 1587 charitate
1361 1531 1546 1587 inenarrabili
1566 1528 1669 1586 coude-

73 1664 81 1689 ,
109 1621 305 1693 iutegritatem
329 1640 366 1678 an
389 1623 589 1692 humilitatem,
606 1624 799 1695 prudentiam,
852 1627 1000 1694 scendeus,
1021 1630 1050 1681 ct
1066 1627 1128 1681 illos
1150 1625 1427 1682 misericordissimos
1446 1626 1550 1693 oculus,
1567 1623 1670 1696 quibus
1695 1689 1698 1697 Ι

93 1715 198 1770 mentis
219 1733 255 1770 an
273 1716 531 1787 longanimitatem,
548 1717 688 1772 honorem
703 1719 801 1773 matris
812 1691 839 1762 Β
851 1721 955 1777 celum
979 1720 1144 1787 illustratur,
1166 1719 1201 1774 od
1223 1735 1273 1773 nos
1293 1721 1471 1788 convertens,
1485 1732 1669 1773 communem

73 1815 133 1865 rtns
155 1810 334 1866 novitatem?
354 1810 408 1866 Sed
428 1810 517 1866 virtus
538 1811 652 1883 integra
668 1817 697 1868 et
716 1813 801 1883 plena
850 1813 1122 1887 p1·0clero,p0pnlo
1141 1818 1302 1885 clauoque
1316 1830 1386 1869 sexu
1400 1829 1452 1884 pro
1466 1811 1536 1867 viris
1555 1827 1669 1883 qnoque

72 1904 181 1975 ‚magis
194 1904 223 1958 iu
237 1903 284 1958 illa
300 1904 444 1958 laudatur.
851 1925 884 1963 ec
906 1906 1048 1964 defunctis
1070 1906 1143 1961 levat
1167 1905 1336 1962 orationem.
1358 1906 1445 1961 Adest
1463 1906 1520 1961 hnc
1540 1904 1574 1961 dc
1598 1903 1668 1960 coelo

72 1996 95 2052 le
114 1996 250 2052 Dominus
270 1997 546 2069 assistcuscgressae
565 1997 602 2053 de
620 2012 738 2068 corpore
761 1996 801 2052 ita
851 1998 1670 2074 gloriosissimactprecepotentissima,propellensomue

73 2097 118 2146 cat
130 2091 229 2146 landes
243 2092 314 2162 ejus.
341 2094 407 2146 Tota
421 2093 536 2163 pulchre
556 2107 594 2155 es,
609 2095 701 2146 mater
724 2106 799 2160 mea,
850 2095 926 2167 quod
938 2095 1082 2166 nocivum,
1097 2100 1125 2150 et
1139 2096 1288 2151 conterens
1303 2110 1389 2151 omne
1400 2094 1477 2166 quod
1490 2093 1598 2149 bonum
1614 2095 1668 2159 cst,

72 2185 128 2240 tutu
141 2200 195 2239 nou
208 2191 246 2241 cet
262 2187 290 2240 tu
306 2191 330 2240 te
346 2184 448 2255 (Certe,
463 2185 512 2254 rr).
529 2189 605 2249 Tota,
617 2185 668 2254 ait,
681 2186 800 2256 pulchro
852 2188 961 2245 cunctis
974 2206 1007 2245 ex
1021 2188 1108 2244 corde
1123 2189 1290 2261 rogantibus
1310 2205 1339 2243 se
1353 2187 1504 2243 munimen
1519 2185 1669 2258 praesentis

72 2279 150 2334 lchra
175 2278 354 2350 incogitata,
376 2279 493 2350 pulchra
518 2279 548 2333 in
570 2279 666 2347 rerba,
682 2278 801 2350 pulchra
851 2285 915 2338 vitae
938 2283 1037 2339 tribuit
1056 2289 1084 2338 et
1103 2283 1216 2340 futurae.
1234 2283 1344 2338 Memor
1367 2282 1473 2353 qnippe
1494 2296 1551 2353 quo
1576 2280 1670 2335 fructu

73 2389 101 2443 u,
115 2372 234 2445 pulchra
248 2372 282 2427 ab
296 2377 359 2427 ortu
373 2389 460 2445 usquc
476 2372 513 2427 ad
525 2371 625 2441 linem,
640 2373 758 2444 pulchra
771 2372 800 2428 io
852 2377 952 2433 effecta
966 2384 1009 2433 est
1023 2383 1113 2433 mater·
1126 2377 1338 2448 Redemptcris,
1352 2375 1539 2431 libentissime
1553 2373 1671 2446 suscipit

72 2470 120 2538 plu
136 2466 275 2537 virgineo,
292 2466 411 2538 pulchra
425 2467 454 2521 in
465 2471 549 2538 partu
565 2465 672 2536 divino,
683 2466 801 2537 pulchra
852 2472 1004 2544 cujuslibet
1025 2488 1123 2544 preces
1145 2471 1308 2543 peccatoris,
1323 2475 1351 2526 et
1374 2486 1424 2542 pro
1439 2469 1569 2525 universo
1589 2472 1670 2525 reatu

72 2576 130 2615 iore
144 2560 280 2631 passionis
291 2576 374 2630 mem,
390 2560 508 2631 pulchra
521 2560 550 2615 iu
561 2559 666 2631 insigni
676 2559 801 2615 candore
851 2565 1050 2638 poeuiteutiam
1062 2565 1138 2637 apud
1151 2564 1300 2637 proprium
1314 2564 1404 2619 illium
1420 2562 1584 2619 intercedit.
1596 2560 1669 2618 Saue

72 2653 209 2709 rectionis.
226 2655 310 2724 Surpe
325 2670 406 2725 crgo,
419 2656 507 2708 amhn
519 2670 588 2718 meir,
599 2654 800 2717 columbamee,
852 2658 993 2728 obtinebit
1016 2659 1084 2732 qnid
1105 2659 1179 2713 volet
1204 2675 1307 2730 parens
1328 2656 1503 2726 charissima,
1517 2672 1569 2728 per
1590 2655 1670 2726 cujm

72 2764 99 2803 ta
122 2764 191 2811 mco,
203 2746 384 2803 immaculata
407 2763 481 2812 mea,
504 2753 529 2802 tl
553 2750 623 2803 veni·
643 2749 705 2802 lam
731 2749 802 2802 enim
852 2753 1007 2808 castissima
1028 2753 1133 2807 viscera
1154 2751 1278 2806 Verbum
1304 2749 1352 2805 Dci
1381 2750 1458 2805 veuit
1483 2749 1520 2805 ad
1543 2765 1604 2818 uos,
1625 2764 1669 2803 or·

89 2846 199 2898 transiit
223 2843 359 2898 absentia
386 2861 471 2914 meae,
499 2845 583 2899 turber
608 2844 802 2916 lacrymarum
852 2846 896 2901 bis
916 2847 1037 2915 piacula,
1057 2850 1085 2901 ct
1104 2844 1207 2902 veteris
1230 2843 1325 2899 delicti
1347 2842 1510 2899 cautionem
1532 2841 1669 2913 sanguiue

72 2955 99 2993 m
114 2939 182 2992 ubtct
201 2943 226 2993 et
245 2940 362 3002 recessit,
386 2940 425 3007 ct,
441 2938 576 2994 redeunte
595 2939 655 2994 sole
668 2938 799 3009 justitia,
853 2941 972 3014 proprio
991 2940 1146 3009 lavaturus,
1160 2941 1241 3016 Jesus
1255 2937 1382 2994 Christus
1404 2936 1541 2992 Dominus
1560 2940 1669 3005 nester,

79 3030 203 3102 angelici
221 3038 409 3102 oppuraernnt
432 3031 492 3089 tibi.
517 3035 577 3090 Vce
599 3035 657 3101 trra,
674 3048 691 3085 o
709 3034 840 3133 turture
853 3035 903 3106 qni
917 3033 985 3089 vivit
997 3037 1025 3089 et
1039 3035 1142 3105 regnat
1156 3049 1220 3087 cum
1235 3034 1292 3088 [teo
1307 3033 1399 3100 Patre,
1415 3029 1444 3085 in
1457 3029 1566 3086 unitate
1579 3027 1669 3100 Spuri·

72 3125 152 3192 sima,
168 3126 470 3197 reauditcesttcout„
487 3127 801 3198 11).Tempusassump·
853 3135 899 3185 tus
928 3129 1018 3183 sancti
1048 3129 1130 3198 lteris,
1158 3144 1210 3200 per
1236 3126 1334 3181 arania
1362 3124 1465 3182 secula
1490 3124 1670 3181 sacculorum·

85 3220 210 3274 advenit.
228 3219 318 3290 Igitur
331 3236 397 3275 cnm
416 3220 501 3291 Virgo
516 3220 660 3292 virgiuum
675 3220 758 3275 alteo
772 3224 801 3275 et
851 3227 953 3277 Amen.

72 3330 113 3369 uo
131 3315 208 3386 llcge
224 3330 337 3385 regum,
353 3314 557 3370 exsultantibus
572 3314 692 3385 angelis,
709 3315 800 3370 colle·
1138 3291 1278 3347 ΗΟΜΠᾸᾸ
1297 3291 1366 3346 vm·

72 3425 110 3462 »us
131 3407 310 3480 archangelis
328 3412 356 3462 et
375 3407 606 3476 coele,laudibns
627 3408 801 3464 acclamante
852 3425 885 3465 ne
916 3425 1007 3465 annin
1038 3424 1158 3464 arnonus
1191 3423 1374 3472 crescencius,
1403 3423 1452 3462 seu
1482 3419 1671 3473 eanrecnoaa,

72 3507 182 3570 eretur,
201 3502 320 3572 impleta
338 3505 380 3555 est
397 3501 548 3573 prophetia
565 3502 663 3569 David,
680 3501 801 3557 dicentis
924 3495 1033 3546 ⁰2⁰¹³¹¹b
1053 3496 1085 3534 ET
1104 3495 1173 3533 ΜΛ
1197 3493 1264 3534 ⁵⁰⁰³
1283 3493 1409 3531 mmm
1428 3490 1597 3533 PATR⁰⁶¹¹⁸¹¹Q

72 3595 313 3651 ›nrinuu1:Astitit
328 3599 422 3665 rupino
437 3596 643 3660 rrdcatrt'stais,
660 3597 802 3650 incestitn
889 3597 995 3664 Plures,
1030 3594 1217 3663 dilectissimi,
1244 3594 1303 3649 dies
1334 3592 1423 3664 elapsi
1456 3597 1533 3662 suut,
1565 3591 1672 3664 quibus

72 3694 125 3757 uto,
149 3690 317 3744 circumduc
336 3693 468 3745 scrutate
495 3691 579 3761 (Psoi.
604 3689 687 3760 surr).
714 3689 801 3756 Tunc,
853 3684 1003 3757 episcopali
1026 3683 1136 3738 sarcina
1157 3687 1302 3750 oneratus,
1325 3687 1353 3737 et
1374 3680 1448 3736 curis
1472 3685 1672 3753 pregravatus

76 3782 233 3839 Salomonis
246 3799 344 3838 vocem
360 3801 366 3838 :
383 3785 566 3840 Surreecruut
578 3784 653 3853 fitia,
668 3788 693 3837 et
707 3783 803 3837 beatis·
853 3778 1008 3847 immensis,
1024 3778 1142 3850 epulum
1165 3777 1256 3832 adbuc
1279 3775 1452 3848 premissum
1475 3775 1511 3830 de
1531 3774 1617 3831 laude
1639 3775 1668 3828 B.

72 3894 81 3931 ι
102 3878 329 3948 predicaverunt,
346 3882 370 3932 et
389 3880 490 3946 reptare
500 3876 803 3947 per·ttcrt‹rud‹reeruat
852 3872 946 3928 uarie
965 3873 1069 3926 miletae
1092 3870 1217 3925 aviditati
1239 3874 1339 3925 vestrm
1359 3867 1521 3924 ministrare
1543 3866 1669 3941 nequivi.

89 3969 191 4043 (Pron,
212 3987 298 4040 xxm
323 3971 414 4034 Ccrut„
427 3972 473 4040 rr).
498 3973 562 4039 Qua
580 3977 619 4026 cst
635 3976 700 4037 reto,
722 3970 804 4026 airrrrt
852 3967 932 4023 Nunc
953 3982 1022 4038 ergo
1042 3965 1105 4038 ipsa
1127 3964 1228 4020 eadem
1249 3963 1363 4036 Virgine
1386 3962 1574 4035 propitiante,
1593 3961 1674 4019 robis

73 4080 117 4119 noe
137 4065 266 4132 virtutes,
291 4081 350 4135 pire
376 4065 496 4119 escendit
517 4064 655 4127 derctbnte,
684 4066 803 4119 irrrritcns
854 4077 913 4116 ncu
937 4059 1034 4130 deero,
1054 4059 1174 4131 negotiis
1193 4057 1310 4130 quidem
1332 4073 1379 4112 rue
1400 4057 1548 4129 paululum
1565 4056 1675 4113 subtra-

79 4158 206 4212 dilectum
221 4158 522 4229 sernrn?tdnnt.,t1n).
537 4158 586 4212 Vel
599 4157 804 4224 iterum:Que
856 4156 939 4223 bens,
968 4154 1067 4209 restris
1100 4169 1167 4208 vero
1195 4152 1249 4223 piis
1276 4150 1423 4207 desideriis
1454 4151 1559 4205 hircus,
1586 4150 1674 4223 lgitur

72 4256 96 4304 tu
116 4268 175 4320 que
194 4252 382 4321 proprcdttur,
404 4253 485 4321 quusi
503 4267 605 4305 eurora
628 4266 802 4322 consurpens,
855 4249 916 4304 coeli
933 4248 1083 4320 Reginam,
1099 4248 1214 4302 hlutrem
1235 4245 1309 4315 vitas,
1326 4245 1436 4300 lentem
1456 4244 1672 4314 misericordie,

72 4361 100 4399 ru
114 4352 144 4398 ut
160 4346 234 4406 tunic,
258 4346 341 4399 electo
363 4350 391 4400 ut
414 4345 478 4399 sot?
494 4344 595 4413 (Ceut,
608 4346 655 4413 ri.)
673 4345 802 4415 Itemque
854 4341 961 4398 deliciis
984 4342 1161 4410 affluentem,
1181 4346 1209 4396 ct
1230 4339 1403 4395 innitentem
1423 4354 1511 4410 super
1535 4338 1673 4393 dilectum

72 4442 113 4492 ut:
127 4437 301 4504 eraecstista
313 4439 504 4508 praeostendit
515 4454 564 4509 per
575 4439 720 4500 desertum,
733 4440 804 4493 siout
815 4436 843 4507 D
855 4452 939 4491 suum
966 4435 1067 4508 (Ceret,
1092 4433 1160 4505 viril,
1183 4433 1282 4489 sedulo
1308 4433 1484 4488 celebremus
1508 4430 1614 4500 cilicio,
1645 4437 1675 4487 et

72 4533 92 4587 su
104 4534 178 4600 turni
189 4549 222 4587 cu
234 4533 401 4586 onerantibus
417 4532 531 4601 myrrhae
543 4537 568 4587 et
583 4534 683 4596 thuris,
699 4537 723 4587 ct
739 4533 802 4586 uni·
854 4529 939 4584 lande
953 4528 1020 4584 licet
1037 4527 1139 4600 impari
1155 4526 1350 4599 predicemus.
1368 4527 1502 4582 Feramus
1516 4525 1628 4580 animos
1643 4525 1673 4580 iu

72 4627 193 4696 pulueris
215 4628 419 4697 pipnieatnrr't?
444 4626 550 4696 (Ceut,
577 4629 627 4694 m.)
651 4627 746 4681 Novus
776 4631 805 4680 ct
856 4623 988 4690 sublime,
1009 4622 1150 4677 intuentes
1169 4619 1400 4692 diligentissime,
1422 4619 1499 4691 quod
1517 4619 1598 4691 virga
1620 4619 1674 4674 ele·

73 4719 171 4774 aridus
194 4723 237 4774 est
259 4719 338 4774 riribis
353 4720 490 4792 splendor
508 4720 571 4790 iste,
593 4736 684 4774 novus
699 4724 727 4774 ct
742 4718 803 4790 glo·
856 4715 1025 4789 gautissima
1048 4718 1110 4771 orta
1128 4715 1163 4769 de
1174 4713 1267 4768 radice
1277 4714 1353 4769 iesse
1373 4713 1674 4785 (leu.,·xr)‚ramcrnm

72 4812 135 4867 thie
150 4813 220 4868 ordo
235 4814 448 4885 assumptionis,
471 4830 558 4868 novus
581 4819 610 4869 et
623 4817 721 4885 gratus
736 4812 806 4867 odor
858 4826 975 4865 snorum
1000 4808 1124 4863 mirabili
1143 4806 1311 4863 extensione
1330 4823 1390 4862 sese
1409 4806 1514 4879 ubique
1529 4810 1674 4862 terrarum

72 4905 240 4960 rarissimus.
857 4904 1000 4976 expendit,
1016 4909 1046 4959 ut
1059 4901 1201 4975 disperses
1214 4901 1287 4956 hlios
1299 4901 1375 4968 adm,
1387 4900 1422 4954 ab
1438 4899 1674 4967 cestu,etu1·bine

71 4999 115 5052 itis
138 5016 203 5053 reru
218 4999 341 5055 deducta
356 4999 497 5069 laudibus,
518 5017 571 5055 nec
585 5001 647 5072 ipsa
662 5004 774 5071 poterat
790 5019 807 5055 a
858 5005 886 5054 et
900 5017 916 5054 a
931 4998 1029 5072 pluvia
1052 4998 1154 5054 umbra
1175 4995 1355 5054 desiderabili
1376 4997 1549 5067 protegeret,
1560 4988 1674 5049 ¹tructu-

85 5093 805 5166 eessarc,quael'ilinmlleicrsegcnitumiudex·
857 5111 913 5167 que
954 5092 1141 5148 saluberrima
1183 5091 1272 5146 aleret
1312 5089 1477 5145 esurientes.
1517 5087 1676 5144 Sublimata

72 5191 191 5243 satorum
210 5188 419 5260 rriaguitndiois
435 5189 592 5258 sedentem,
616 5205 703 5260 seque
718 5189 808 5260 gloria
858 5186 955 5258 itaque
971 5201 1056 5256 super
1070 5184 1168 5239 omnia
1180 5183 1261 5255 ligna
1282 5182 1414 5255 paradisi,
1431 5186 1460 5236 et
1472 5198 1559 5253 super
1572 5181 1675 5237 altissi-

75 5287 183 5336 1entcrn
195 5281 316 5336 videbat.
331 5284 463 5344 Tenuistt,
478 5282 529 5346 ait,
542 5298 655 5338 mitreum
667 5283 807 5338 deuterum
858 5294 973 5334 morum
991 5276 1133 5331 montium
1154 5276 1303 5347 praecelsos
1319 5276 1436 5330 vertices
1455 5275 1588 5345 exaltata,
1601 5274 1676 5346 ipsos

72 5398 86 5437 κ,
100 5382 124 5428 ct
142 5377 169 5429 tn
186 5376 326 5429 uoluntate
350 5382 399 5429 trra
420 5376 558 5430 dcdurish'
572 5392 622 5439 rire,
637 5380 661 5430 ct
675 5392 735 5429 crem
748 5376 805 5444 ple·
859 5373 943 5428 cocles
966 5369 1157 5426 inestimabili
1181 5367 1381 5440 magnitudine
1396 5368 1567 5441 penetravit,
1583 5368 1676 5425 cceles-

72 5471 183 5537 scepz'sti
204 5485 243 5522 mc
258 5468 340 5539 (Paul.
358 5469 448 5539 arrii).
466 5469 499 5521 Et
519 5469 807 5523 rnr·su1n:;ldcab·is
857 5465 927 5521 tium
949 5464 1082 5522 ordinum
1104 5462 1209 5534 stipata
1229 5461 1332 5533 choris,
1354 5466 1382 5517 ct
1403 5462 1546 5535 rirgiuum
1565 5462 1676 5518 choreis

74 5561 122 5625 ihi,
153 5578 185 5615 uo
217 5578 390 5621 retenimento.
411 5567 525 5632 propter
552 5563 597 5616 hoc
626 5562 746 5616 lactatura
769 5567 806 5616 est
857 5559 1007 5614 adornata.
1040 5557 1061 5612 0
1096 5556 1191 5624 decus,
1227 5573 1243 5609 ο
1276 5556 1378 5629 gloria,
1413 5572 1429 5611 0
1463 5555 1677 5628 magnilica-ntia

72 5670 152 5717 nuru,
175 5661 198 5709 ct
219 5656 350 5710 currucae
367 5657 544 5724 lingeremus,
561 5657 672 5726 iusuper
694 5660 718 5709 et
743 5670 806 5709 cero
859 5650 966 5709 arboris
980 5653 1077 5724 hujus,
1090 5651 1169 5723 cujus
1183 5651 1275 5706 lrtrctn
1293 5649 1588 5715 incolumitatem
1597 5652 1694 5711 pasxa

72 5750 208 5820 ueniunt
222 5751 251 5804 iu
264 5766 320 5821 spe.
340 5751 475 5821 otrentum
489 5766 542 5808 nort
562 5748 740 5827 dereliquisti
760 5766 809 5811 ute
861 5747 1035 5823 imuicrtali,
1048 5745 1203 5823 caligante
1213 5750 1306 5819 alapia
1320 5738 1489 5814 terrigenis
1498 5731 1721 5802 s'xb'xitssffiw
