3750 6046
62 216 86 271 99
489 204 652 267 HISTORIA
671 204 939 266 ECCLESthTlCh.
955 235 989 247 —-
1008 204 1095 263 Plus
1113 205 1135 262 1.
1149 235 1183 246 —-
1196 205 1261 262 tiu.
1285 201 1305 261 l.
1706 201 1743 260 ot

20 368 25 435 Ι
61 352 158 395 sorum
182 335 342 393 constituto
356 334 501 408 apparuit,
522 335 619 407 eique,
646 333 710 405 quis
730 336 814 402 esset,
830 331 969 415 aelAsul
992 336 1139 388 revocatus
1160 335 1203 388 est
1223 332 1259 387 de
1282 329 1461 398 00010090,οῐ
1479 346 1544 387 cum
1565 344 1671 402 magno
1691 328 1742 384 lio·

60 432 115 505 quid
134 432 238 501 vellet,
258 432 289 487 in
309 431 419 486 somnis
436 429 585 486 evidenter
602 427 753 495 intimavit,
776 426 876 498 praeci·
927 442 996 482 nore
1015 429 1145 499 receptus
1165 426 1194 480 in
1215 426 1281 482 sede
1297 426 1423 498 propria.
1444 425 1597 482 altercatio
1611 423 1739 481 Gerherti

61 528 131 600 piens
145 525 287 581 videlicet
308 530 338 580 ut
354 540 440 595 super
457 522 609 578 Amulium
622 521 797 578 Flandritam
809 536 875 575 cum
925 520 1066 592 pontilicis
1084 526 1113 577 et
1133 521 1232 578 Leonis
1252 520 1360 576 abbatis
1375 520 1457 575 valde
1472 519 1549 575 utilis
1562 520 1694 587 habetur,
1710 522 1738 573 et

59 621 178 678 exercitu
193 619 409 691 expeditionem
428 617 546 684 faceret,
572 621 602 672 et
615 632 717 688 corpus
736 631 821 671 suum
840 615 876 670 de
927 615 956 669 in
983 616 1068 687 gestis
1089 615 1259 687 pontificum
1280 615 1436 670 Remorum
1456 613 1559 687 scripta
1585 612 1740 684 diligenter

58 714 233 771 monasterio
252 712 399 779 sithiensi,
415 711 462 767 ubi
478 726 582 782 corpus
595 710 686 765 sancti
707 708 815 764 Bertini
829 724 874 762 re·
927 715 1067 766 servatur.

56 810 182 882 quiescit,
208 807 387 874 extraheret,
407 808 436 861 et
453 806 586 877 Legouao
608 803 739 859 coenobio
760 802 790 857 in
813 801 877 856 Vin·
961 805 1112 860 Gerbertus
1127 803 1156 860 90
1177 803 1280 859 divinis
1300 809 1330 860 et
1347 802 1531 859 saecularibus
1550 801 1629 857 libris
1647 800 1740 857 erudi-

58 904 179 959 macenai
198 917 278 974 pago
297 901 468 957 restitueret.
488 902 627 955 Preterea
645 896 774 969 promisit
798 896 835 963 ei,
851 897 875 950 si
927 898 1050 954 tissimus
1074 898 1181 953 109990
1205 914 1257 953 sua
1276 897 1372 954 schola
1396 898 1529 964 famosus,
1552 900 1582 952 et
1606 895 1740 951 sublimes

56 1000 112 1053 haec
128 999 169 1053 990
181 996 301 1063 faceret,
315 995 392 1067 quod
404 994 465 1066 ipse
483 998 512 1049 et
532 991 686 1067 progenies
702 991 763 1062 eius
785 1005 875 1062 usque
926 992 1079 1064 discipulos
1092 991 1200 1059 habuit,
1215 991 1391 1047 Rodbertum
1406 991 1512 1046 scilicet
1523 1007 1622 1062 regom
1637 990 1741 1045 etheo·

56 1094 85 1146 ad
109 1090 271 1162 septimam
295 1088 508 1161 generationem
532 1088 562 1141 in
588 1084 707 1140 Francia
730 1087 874 1156 regnaret.
926 1086 1071 1142 ibericum
1087 1088 1282 1142 Senonensem
1302 1085 1558 1157 archiepiscopum,
1579 1083 1741 1156 Remigium

56 1190 204 1243 ananim
229 1183 319 1255 igitur
343 1184 426 1254 llngo
443 1180 565 1252 jussioni
592 1179 698 1251 paruit,
717 1183 745 1235 ct
766 1178 875 1250 impetu
926 1182 982 1254 (10)
994 1180 1148 1253 praesulem
1162 1180 1460 1248 Autissiodorensium,
1475 1178 1642 1234 llaimonem
1654 1179 1740 1249 utque

55 1278 232 1336 tortitudinis
243 1293 302 1332 aum
312 1275 474 1343 arnulfum,
489 1276 549 1330 1100
563 1274 686 1343 volente,
697 1272 813 1339 terruit;
828 1287 875 1326 ve·
926 1274 1096 1344 Ruboldum,
1123 1275 1251 1347 aliosque
1270 1275 1407 1345 plurimos
1431 1274 1576 1344 fulgentes
1598 1273 1629 1327 in
1652 1272 1740 1327 choro

53 1374 284 1444 nerahiliumque
297 1371 427 1425 virorum
446 1368 589 1425 Gualariei
614 1371 644 1422 et
660 1365 796 1433 Richarii,
811 1382 875 1437 000
925 1368 1127 1440 sophistarum.

55 1466 275 1541 perquevndam
289 1465 425 1520 clericum
438 1463 554 1518 nomine
566 1459 818 1529 Erobembaldum,
833 1477 876 1515 ac·
962 1463 1109 1535 Remigius
1126 1464 1251 1535 pontifex
1272 1462 1446 1518 luculentam
1466 1461 1674 1533 expositionem
1693 1476 1741 1515 su·

54 1570 134 1634 cepto
152 1561 268 1633 ingenti
284 1559 387 1632 pretio,
396 1558 508 1613 sublata
521 1557 645 1625 fuerant,
661 1572 781 1628 corpora
795 1572 874 1609 rece·
925 1573 977 1628 per
995 1556 1111 1611 missam
1131 1558 1230 1624 edidit,
1245 1562 1274 1613 09
1293 1561 1386 1612 artem
1410 1557 1453 1611 vel
1475 1556 1628 1612 editionem
1641 1555 1740 1612 Donati

55 1659 105 1729 pit,
122 1655 313 1728 propriisque
332 1653 400 1708 locis
412 1656 578 1706 reverenter
588 1650 724 1707 restituit.
736 1651 797 1720 lpse
820 1649 874 1703 dux
925 1650 1106 1722 grammatici
1121 1652 1229 1708 utiliter
1246 1652 1387 1724 exposuit.
1402 1651 1502 1707 llaimo
1516 1666 1630 1722 quoqne
1645 1649 1742 1707 Sancti

56 1753 304 1822 legonaumcum
312 1745 478 1819 proceribus
486 1746 544 1800 snis
554 1744 692 1817 perrexit,
703 1717 1003 1815 glebamqueBPauli
1029 1746 1150 1816 apostoli
1171 1745 1303 1818 epistolas
1324 1745 1502 1801 laudabiliter
1523 1744 1691 1817 explanavit,
1714 1748 1743 1799 et

54 1845 146 1899 sancti
157 1840 303 1897 Gualariei
313 1842 341 1896 in
353 1838 527 1895 monasterio
539 1837 875 1910 superseminasllumen
925 1839 980 1894 alia
996 1840 1085 1895 multa
1101 1840 1137 1895 de
1157 1841 1326 1913 Evangeliis,
1341 1841 1459 1913 aliisque
1478 1839 1563 1894 sacris
1576 1838 1741 1910 scripturis,

56 1942 106 1994 sito
119 1938 242 2003 locavit3
256 1942 285 1992 09
304 1934 402 2007 ejectis
423 1932 607 1988 saecularibus
620 1931 775 1995 canonicis,
789 1945 874 2001 regu·
925 1932 1111 2003 spiritualiter
1129 1934 1268 1990 tractavit.
1291 1935 1434 1990 liuboldus
1453 1938 1548 1989 autem
1567 1933 1682 1988 musicae
1700 1948 1743 1986 er·

54 2034 128 2088 lares
138 2031 299 2087 monachos
312 2027 486 2100 subrogavit.
500 2029 561 2083 lion
576 2027 667 2080 multo
681 2029 755 2098 post,
773 2028 805 2079 ut
815 2023 874 2079 dic·
925 2032 960 2085 tis
979 2028 1087 2101 peritus
1108 2028 1145 2084 ad
1167 2029 1282 2084 laudern
1301 2030 1442 2087 Creatorio
1464 2029 1494 2082 in
1515 2027 1743 2098 0001009ορ000-

55 2136 114 2182 tum
131 2130 188 2193 cst,
208 2139 333 2196 regnum
353 2121 471 2194 recepit,
491 2126 521 2176 et
538 2119 691 2193 progenies
706 2119 766 2190 ejus
786 2133 875 2189 usque
926 2123 998 2192 uuit,
1012 2128 1041 2179 09
1055 2123 1090 2179 de
1108 2127 1203 2178 sancta
1215 2123 1351 2179 Trinitate
1376 2122 1488 2178 dulcem
1506 2120 1654 2177 historiam
1666 2120 1741 2176 ceci·

53 2223 81 2276 iu
100 2220 279 2276 hodiernum
300 2217 378 2272 diem
399 2216 428 2270 in
447 2230 538 2286 regno
558 2213 731 2287 perdumvil·
751 2211 877 2277 0¹¹⁸l¹¹0r
925 2218 978 2286 nit,
997 2217 1123 2288 aliosque
1137 2216 1241 2272 multos
1262 2216 1443 2272 delectabiles
1462 2218 1562 2271 cantus
1581 2215 1615 2271 de
1636 2215 1695 2270 Deo
1714 2220 1742 2270 et

54 2316 130 2371 enim
144 2330 231 2386 reges
242 2311 280 2367 de
292 2311 382 2384 stirpe
391 2311 455 2381 iam
466 2312 661 2380 regnaverunt
673 2306 772 2378 ipsius,
786 2304 816 2360 id
828 2307 877 2360 est
925 2311 1030 2367 sanctio
1043 2312 1105 2382 ojus
1118 2311 1288 2383 composuit,

55 2410 227 2471 liudbertum
242 2405 387 2472 Henricus,
401 2404 549 2475 Philippus
567 2409 596 2457 09
608 2400 776 2457 hildovinus.
792 2401 874 2470 Hugu
962 2408 1028 2476 llos,
1044 2405 1170 2477 aliosque
1190 2406 1287 2477 plures
1300 2404 1454 2460 Gor-bertus
1474 2403 1604 2471 erudivit,
1619 2419 1742 2476 quorum

11 2506 13 2517 '
55 2520 105 2559 rex
119 2504 150 2557 iu
164 2501 248 2556 initio
262 2498 346 2569 regni
359 2497 550 2569 8111090οᾶ99]
565 2496 662 2552 11011118
675 2493 873 2566 θῦῡὸῑθὲΝἰῑ,
925 2499 1071 2570 multiplex
1097 2498 1225 2571 sequenti
1252 2505 1382 2569 tempore
1407 2497 1525 2553 scientia
1543 2497 1675 2551 Ecclesiae
1693 2495 1741 2551 Dei

57 2603 84 2651 ct
101 2597 248 2653 &vinum
272 2592 418 2649 Senonicae
442 2591 521 2646 urbis
544 2589 790 2660 archiepiscopum
809 2602 874 2643 eum
925 2594 1085 2666 plurimum
1111 2593 1230 2664 profuit.
1257 2592 1321 2660 Qui,
1335 2596 1485 2664 postquam
1501 2592 1536 2647 do
1557 2591 1662 2646 throno
1685 2592 1740 2646 Re·

57 2688 243 2762 sntlraganeis
261 2687 320 2742 suis
337 2684 475 2753 invitavit,
496 2689 582 2756 atque
606 2683 757 2738 domiuum
773 2682 875 2737 Annul-
925 2687 1029 2754 mensi,
1041 2703 1130 2760 quem
1143 2686 1239 2742 illicite
1249 2691 1444 2757 usurpaverat,
1456 2686 1602 2758 depositus
1615 2689 1741 2753 est,com

58 2787 116 2841 him
129 2785 288 2839 Remorum
305 2779 554 2852 archiepiscopum
568 2776 720 2848 degradari
732 2775 811 2831 fecil-
828 2775 874 2831 Di·
924 2782 1029 2837 rubore
1043 2786 1073 2837 et
1086 2781 1286 2852 indignatione
1300 2780 1417 2835 Galliam
1430 2780 1607 2851 relinquens,
1618 2779 1653 2834 ad
1665 2779 1743 2836 Otto·

60 2880 137 2934 cebat
155 2877 237 2933 enim
255 2892 288 2930 ex
307 2873 465 2930 concubina
479 2875 590 2940 natum,
611 2869 768 2927 secundum
787 2885 874 2924 cano·
925 2892 993 2932 neor
1011 2876 1217 2948 imperatorem
1242 2874 1384 2945 profectus
1408 2879 1468 2943 ost;
1493 2879 1523 2928 et
1544 2879 1603 2928 tam
1623 2872 1658 2927 ab
1679 2873 1740 2945 ipso

60 2990 116 3041 nes,
130 2988 189 3027 non
201 2969 308 3025 debere
320 2983 380 3024 esse
396 2967 572 3038 episcopum.
590 2965 632 3020 llli
646 2963 784 3019 nimirum
800 2962 874 3018 invi·
925 2987 1010 3042 quam
1020 2987 1036 3024 a
1047 2969 1152 3041 populo
1167 2968 1200 3023 ad
1216 2969 1399 3039 presulatum
1414 2969 1557 3023 Ravennoe
1570 2966 1675 3022 electus
1689 2972 1741 3022 est.

10 3062 12 3069 '
61 3067 154 3135 debat,
172 3065 242 3138 quia
260 3062 298 3117 de
319 3061 410 3133 regali
425 3059 558 3133 prosapie
572 3059 663 3117 Caroli
685 3058 778 3129 Magni
801 3059 872 3125 erat,
926 3064 993 3120 lnde
1019 3068 1083 3135 post
1117 3062 1226 3134 aliquot
1251 3077 1343 3116 annos
1371 3061 1405 3116 ad
1432 3061 1529 3116 sedem
1559 3059 1742 3131 apostolicam

60 3161 146 3216 hater
164 3156 296 3214 lotharii
310 3155 398 3227 regis,
414 3154 464 3210 sed
482 3170 517 3209 ex
539 3152 700 3213 concubina
713 3155 796 3207 natus
816 3167 875 3207 mo-
925 3158 1078 3212 translatus
1112 3161 1169 3223 est,
1206 3171 1337 3227 annoque
1373 3153 1527 3210 Dominicis
1563 3153 1741 3209 1000000190-

63 3254 136 3309 rihus
160 3257 258 3308 909000
280 3249 413 3321 inclytus,
432 3247 498 3320 quia
518 3247 612 3302 bonus
633 3252 696 3302 erat
713 3249 744 3301 01
762 3246 873 3301 modes·
924 3252 968 3306 nis
992 3253 1044 3306 999
1079 3249 1214 3306 Silvester
1246 3264 1319 3321 papa
1350 3248 1522 3305 sublimatus
1557 3253 1608 3303 est.
1642 3248 1744 3303 Fertur

62 3355 112 3403 tus.
925 3345 961 3400 de
981 3344 1031 3399 illo
1053 3344 1130 3416 quod
1147 3342 1217 3399 dum
1236 3341 1417 3398 scholasticus
1437 3345 1511 3397 esset
1528 3357 1593 3396 oum
1612 3340 1743 3395 daemone

91 3438 270 3497 Venerabilis
289 3440 387 3493 autem
402 3435 529 3492 sevinus
541 3435 605 3508 plus
618 3437 708 3490 lieum
721 3449 807 3506 quam
822 3434 875 3488 Ru·
924 3439 1034 3494 locutns
1053 3438 1151 3507 tuerit,
1165 3443 1192 3494 et
1208 3437 1278 3510 qnid
1293 3437 1346 3493 sibi
1361 3436 1492 3491 futurum
1515 3435 1679 3491 immineret
1697 3435 1739 3489 in·

10 3572 13 3635 q
62 3551 160 3608 gonem
175 3531 292 3598 metuit,
306 3530 427 3602 ideoque
444 3530 473 3585 in
483 3529 586 3600 injusta
600 3527 804 3599 degradatione
821 3530 874 3581 Ar·
926 3531 1172 3604 quisierit.hquo
1185 3532 1316 3604 protinus
1328 3530 1496 3602 ambiguum
1507 3529 1679 3585 monadicon
1691 3545 1740 3583 au-

9 3646 14 3715 q
61 3630 125 3685 nuth
139 3644 199 3684 non
212 3622 550 3695 consensit;sedmagis,
565 3623 749 3694 inquantum
769 3621 873 3692 potuit,
926 3625 1007 3681 divit,

9 3724 14 3849 q
62 3726 148 3795 ipsum
159 3736 264 3793 regem
277 3718 437 3790 redarguit.
453 3716 534 3773 Unde
549 3717 646 3788 regius
657 3715 739 3770 furor
751 3716 780 3770 in
795 3715 875 3769 illum
962 3722 1072 3775 tramit
1089 3720 1123 3773 oti
1146 3722 1169 3775 R
1183 3720 1327 3776 &obortus
1342 3719 1380 3773 ort
1399 3721 1432 3779 it,
1444 3722 1506 3787 post
1517 3732 1591 3787 popo
1603 3718 1696 3785 virens
1708 3719 1740 3772 R.

61 3817 199 3885 ellerbuit,
214 3812 294 3871 etad
308 3811 479 3884 explendam
493 3809 685 3865 temeritatem
701 3825 788 3880 quam
805 3824 874 3863 con·
925 3813 1086 3885 Versipellis
1101 3813 1249 3868 oraculum
1263 3816 1331 3867 tunc
1343 3811 1463 3884 quidem
1477 3810 1513 3865 ad
1523 3809 1739 3881 intelligendum

61 3916 171 3984 ceperat
184 3908 274 3964 nimis
286 3906 400 3962 exarsit.
415 3905 468 3960 Alii
480 3920 548 3960 vero
560 3902 695 3975 episcopi,
706 3902 772 3958 licet
782 3901 874 3971 inviti,
926 3906 1059 3962 satisfuit
1073 3905 1236 3975 obscurum,
1256 3904 1336 3978 quod
1354 3908 1456 3960 tamen
1475 3903 1658 3976 postmodum
1681 3918 1740 3958 ma·

61 4005 131 4077 regis
142 4009 242 4059 tamen
257 4000 294 4057 ob
308 4004 417 4055 metum
429 3998 582 4054 Amulium
594 3996 834 4069 degradaverunt,
847 3998 876 4050 el
926 4002 1027 4057 nileste
1041 4000 1170 4056 videmus
1190 4000 1354 4073 impletum.
1373 3999 1527 4055 Gerbevtus
1540 3997 1618 4053 enim
1633 3997 1668 4052 de
1684 3998 1741 4052 Re·

60 4099 227 4154 aerbertum
248 4093 422 4150 monachum
443 4091 658 4164 philosophum,
672 4091 722 4162 qui
740 4091 877 4161 magister
925 4095 1018 4151 mensi
1032 4095 1166 4150 cathedra
1181 4094 1307 4149 transivit
1330 4093 1366 4148 ad
1379 4093 1567 4165 presulatum
1588 4093 1741 4159 Ravennae,

61 4190 192 4248 Rodberti
204 4189 284 4261 regis
293 4187 397 4255 luerat,
408 4185 620 4242 ordinaverunt.
629 4183 758 4239 Violento
768 4184 876 4256 quippe
926 4205 960 4244 ac
973 4189 1155 4260 postmodum
1170 4203 1245 4260 papa
1259 4187 1352 4243 laetus
1365 4192 1407 4243 est
1417 4188 1526 4243 Romus.

61 4288 131 4359 rogis
153 4286 241 4358 jussu
266 4281 423 4353 depositus,
449 4279 595 4349 Amulius,
622 4282 651 4333 et
679 4293 744 4332 eum
771 4292 876 4349 magno
926 4283 1038 4338 lllllllll.
1065 4282 1127 4338 Otto
1147 4286 1308 4352 imperator.
1335 4281 1487 4337 Rdclredus
1506 4281 1656 4350 Atriorum
1682 4294 1742 4335 ree.

62 4381 197 4437 dedecore
222 4374 400 4433 deecclesia
423 4374 517 4428 Beatae
542 4372 592 4427 Dei
611 4370 757 4445 genitricis
783 4371 876 4426 llariae
961 4377 1080 4431 Euentus
1097 4377 1170 4431 uorii
1188 4377 1218 4430 ia
1243 4377 1357 4446 anglio,
1377 4377 1547 4435 Nonuonaio
1570 4379 1596 4430 ct
1614 4375 1742 4441 1100000·

63 4472 191 4530 Remensi
210 4469 357 4543 expulsus,
375 4472 404 4524 et
422 4466 581 4523 Aurelianis
600 4465 629 4520 in
653 4480 767 4521 carcere
785 4460 916 4532 tribusl)
962 4470 1020 4525 dio.

62 4568 139 4623 anuh
151 4571 295 4623 retrusus.
317 4564 383 4618 1100
392 4562 489 4632 itaque
503 4559 601 4615 omnia
617 4559 747 4614 Romano
761 4557 877 4630 presuli
963 4568 1046 4619 anno
1059 4563 1096 4618 ab
1110 4563 1308 4618 luminatione
1318 4562 1431 4619 nomini
1447 4564 1527 4631 1000,
1540 4561 1605 4616 000
1618 4560 1740 4630 impera-

64 4662 242 4718 nuntiantur.
257 4658 313 4722 uui
328 4671 415 4727 super
432 4653 477 4709 his
492 4652 574 4709 valde
589 4652 764 4724 indignatus,
786 4651 876 4708 inter·
927 4663 973 4713 tor
991 4656 1072 4726 obiit,
1088 4656 1173 4729 eique
1189 4657 1327 4713 Rauricus
1341 4656 1483 4712 successit.

64 4757 129 4812 dixit
143 4768 251 4810 omnes
268 4747 477 4823 episcoposqui
497 4746 648 4803 Amulium
671 4746 831 4817 dejecerant
849 4750 877 4801 et
963 4751 1032 4807 Dein
1064 4751 1142 4818 1029,
1185 4751 1261 4806 Cono
1289 4753 1434 4822 Augustus
1462 4747 1624 4820 imperavit.
1656 4746 1743 4818 cuius

63 4850 230 4905 herbertum
262 4846 292 4901 in
324 4845 386 4900 loco
414 4843 476 4915 ejus
508 4840 720 4896 constituerant.
752 4840 876 4895 Leonem
927 4863 956 4900 m
974 4861 1051 4900 0000
1066 4843 1224 4901 Richardus
1243 4861 1260 4898 11
1276 4844 1356 4911 obiit,
1370 4843 1419 4916 qui
1438 4859 1489 4915 pro
1508 4842 1602 4898 studio
1625 4840 1741 4913 religio·

63 4959 174 5016 qnoque
188 4940 325 4997 abbatem
340 4937 435 4993 asede
453 4934 611 5008 apostolica
625 4933 703 4989 misit
716 4933 746 4989 in
759 4932 877 4989 Galliam
926 4940 971 4995 nis
989 4944 1071 5011 pater
1084 4939 1293 4994 monachorum
1308 4937 1443 5010 appellari
1458 4936 1572 4993 meruit.

64 5032 347 5106 0000000001οω
367 5036 395 5086 09
412 5031 530 5104 injustas
548 5027 745 5084 ordinationes
763 5027 876 5098 regula·
962 5029 1039 5084 'lunc
1058 5028 1196 5084 Edelrodo
1215 5028 1319 5099 Edgari
1333 5027 1392 5083 lilio
1406 5031 1555 5099 regnante,
1578 5025 1669 5081 molta
1690 5024 1742 5079 ad·

65 5134 124 5187 riter
138 5128 308 5187 emendare.
323 5124 452 5197 lienique
462 5124 573 5195 legatus
585 5137 669 5194 pape
683 5121 877 5177 senonensem
927 5138 1010 5177 versa
1033 5127 1219 5179 surrexerunt
1236 5123 1266 5177 in
1291 5138 1383 5194 regno
1405 5121 1522 5194 hugliae.
1543 5122 1613 5177 Nam
1634 5120 1743 5177 Suenus

65 5227 199 5281 &sium
222 5220 316 5294 primo
331 5217 403 5274 adiit
424 5216 520 5289 eique,
539 5231 625 5288 quem
645 5214 770 5286 rigidum
792 5213 879 5269 recti·
926 5232 975 5271 rex
996 5216 1140 5271 Danorum
1154 5232 1220 5272 cum
1240 5216 1351 5288 ingenti
1371 5216 1459 5272 classe
1476 5215 1607 5287 Angliam
1629 5213 1741 5284 invasit,

65 5319 161 5375 tudinis
183 5316 362 5371 servatorem
386 5327 447 5383 pre
477 5309 586 5365 caeteris
620 5310 740 5364 noverat
766 5312 876 5379 aposto
926 5313 955 5364 et
967 5309 1165 5366 delinientibus
1177 5311 1213 5366 ad
1232 5326 1299 5366 enm
1314 5310 1424 5383 Anglis,
1445 5309 1600 5366 Edelredus
1614 5324 1661 5364 rex
1676 5323 1741 5363 cum

65 5410 102 5468 lici
111 5410 250 5469 mandata
262 5405 425 5463 insinuavit.
439 5406 548 5461 lterum
562 5401 679 5459 oollecto
691 5401 789 5457 Remis
803 5417 872 5456 con·
925 5419 1014 5459 uxore
1034 5408 1063 5459 et
1081 5403 1147 5459 tiliis
1165 5405 1193 5459 in
1215 5405 1420 5461 liormanniam
1440 5403 1522 5475 fugit.
1546 5404 1646 5458 Emma
1664 5402 1742 5457 enim

66 5504 118 5563 tilio
142 5522 181 5561 cx
201 5500 333 5574 jussione
358 5497 534 5572 apostolica,
560 5495 695 5551 ammius
720 5493 872 5566 archiprae·
926 5512 994 5552 uxor
1007 5498 1068 5569 ejus
1080 5501 1141 5554 erat
1150 5513 1232 5553 soror
1244 5499 1378 5554 Richardi
1395 5497 1568 5553 Gunnoridae
1581 5497 1661 5552 ducis
1674 5497 1742 5552 Nor-

89 5704 136 5766 ftt)
150 5700 303 5767 Remigius
320 5695 573 5750 Autissiodorensis
589 5692 692 5761 presul
707 5696 820 5746 nonest
836 5693 979 5763 Remigius
992 5694 1039 5746 ille
1056 5693 1211 5749 monachus
1225 5694 1353 5748 Gcrbnrtl
1371 5706 1434 5747 vere
1452 5692 1671 5761 discipulusne
1687 5704 1743 5759 quo

67 5781 252 5839 muniendus
266 5795 292 5832 v.
308 5794 334 5833 c.
349 5780 388 5832 he
403 5777 526 5832 Prevmt.
