3750 6046
89 210 142 270 307
742 207 901 266 ORDElthl
921 205 1052 265 vtrshrs

90 347 172 401 unm,
189 337 218 388 et
239 336 298 388 tres
318 332 487 389 clarissimos
505 331 632 399 comites,
652 329 808 399 Eduinum,
826 332 900 388 lton-
912 328 1079 417 Aejnsdem
1096 327 1221 384 ecclesia
1241 326 1391 395 canonico,
1415 326 1527 384 editum
1542 330 1598 395 est,
1621 329 1644 383 at

90 442 189 484 earum
207 429 235 482 et
253 427 428 497 Gualleaum,
448 425 627 499 Egelnodum
648 441 763 498 quoque
777 426 900 482 Cantus·
950 423 1044 495 ipsum
1059 423 1089 477 in
1102 421 1182 493 cupri
1194 420 1309 478 laminis
1324 436 1359 478 er
1372 436 1444 478 auro
1458 421 1499 478 sic
1507 421 1644 495 scriptum

89 523 214 581 riensem
231 527 384 597 satrapam,
398 524 526 596 aliosque
541 522 705 595 complures
721 523 786 579 alta
800 522 900 578 nohili-
1011 561 1129 613 Humi
1142 562 1210 613 cim
1222 560 1371 626 ww
1379 559 1462 612 mu„
1472 573 1571 626 mm

91 618 159 674 tatis
171 626 200 675 et
211 618 293 675 mira
305 617 535 691 pulchritudinis.
547 617 675 690 Benigne
689 616 844 673 ealliditate
858 619 901 672 est
1047 633 1135 684 mm
1147 631 1266 698 misci·
1282 630 1409 683 uesano
1420 637 1559 684 mm,

90 728 160 769 usus
177 716 220 781 ut,
235 712 305 786 ipsis
319 712 491 782 auctoribus,
507 712 577 767 nihil
590 711 642 766 sub
656 711 803 767 decessum
816 727 900 765 suum
1011 704 1087 754 ΗΜ
1099 702 1296 783 Μ’(Μῧῑίι
1305 702 1456 785 ‘Mirm
1467 703 1547 769 squ
1557 702 1644 754 wit

90 811 255 875 novaretur,
276 822 346 879 gens
364 822 431 860 vero
456 808 518 860 tota
538 805 634 860 miuus
655 803 691 859 ad
717 803 900 860 rebellionem
1016 773 1644 913 Vfflrffmmfflmfflm

91 902 197 958 valeret
212 901 333 974 spoliata
352 897 536 971 principibus.
559 897 685 970 [lenique
705 897 816 954 divitias
834 914 900 953 suas
1042 915 1145 965 mma
1158 928 1255 979 ''¹⁰th
1266 912 1327 977 μοις
1339 919 1364 964 ,3
1377 916 1498 977 emsa,

90 997 120 1051 et
132 995 253 1051 honores
270 995 310 1050 eis
323 994 353 1049 in
373 993 548 1049 h'ormauuia
565 991 691 1048 ostendit
708 996 739 1048 ut
755 1006 805 1047 eos
824 991 901 1046 velut
1012 984 1496 1051 Cantibi‚1.ourenri,oiquospteos
1508 987 1604 1039 sobrio
1619 989 1644 1040 ci

90 1088 201 1145 obsides
221 1087 251 1145 in
271 1091 410 1160 potestate
430 1104 481 1143 sua
505 1102 601 1142 secum
624 1090 748 1155 teneret,
775 1101 900 1158 quorum
1044 1056 1158 1117 mm'
1170 1061 1195 1107 ⁶⁸
1207 1056 1236 1105 ’ἢ
1250 1056 1322 1107 “⁸¹⁵⁸
1336 1055 1511 1120 mmm
1521 1058 1593 1110 ⁰⁰⁸⁸·

91 1181 244 1238 auctoritas
272 1181 317 1237 vel
347 1182 423 1237 selus
453 1179 620 1255 propinquis
651 1181 680 1234 et
708 1178 901 1251 compatriotis
986 1188 1051 1243 Post
1064 1191 1186 1243 mortem
1197 1187 1333 1243 antistitis
1344 1187 1400 1258 sui,
1416 1188 1644 1263 Rothomagensi

92 1275 211 1333 maximi
225 1280 307 1332 esset.
601 1284 607 1296 ’
950 1281 993 1337 sia
1010 1280 1201 1337 Lanfrancum
1218 1281 1423 1336 Cadomensem
1437 1282 1569 1339 abbatem
1586 1284 1640 1341 sibi

126 1369 301 1427 adveniente
319 1371 466 1428 Guillelmo
480 1389 549 1447 rege
562 1389 628 1430 cnm
647 1388 753 1446 magna
771 1368 900 1427 saeculari
950 1375 1008 1431 lem
1022 1374 1121 1447 clegit,
1136 1379 1166 1429 et
1178 1390 1227 1431 rex
1239 1374 1413 1446 Guillelmns,
1428 1391 1495 1431 cum
1509 1377 1644 1450 optimati

90 1463 193 1535 gloria,
215 1464 371 1521 admodum
394 1469 454 1522 tota
468 1466 564 1524 letata
583 1470 625 1525 est
638 1465 819 1524 Normannia.
836 1463 901 1520 Dies
950 1467 1087 1541 omnique
1095 1469 1213 1541 populo,
1227 1468 1414 1525 libentissime
1424 1472 1573 1526 concessit.
1587 1471 1643 1528 Sed

90 1563 174 1615 erant
185 1557 298 1615 hiberni
313 1562 343 1614 et
357 1560 632 1632 quadragesimae
645 1561 695 1617 sed
708 1561 738 1615 in
752 1556 901 1631 episcopiis
951 1562 1068 1618 devotus
1085 1566 1114 1617 et
1132 1560 1287 1618 humilitati
1302 1561 1421 1618 studens
1433 1563 1506 1619 tanti
1525 1563 1644 1637 primatu

91 1657 120 1708 et
140 1652 287 1723 coenobiis,
308 1651 356 1708 ubi
373 1670 462 1709 novus
481 1654 614 1711 veniebat
632 1670 691 1723 rex,
717 1652 902 1710 initiabantur
951 1671 1019 1711 nam
1034 1654 1174 1725 refutavit,
1190 1659 1220 1710 et
1239 1655 1294 1711 sibi
1306 1655 1344 1711 ad
1367 1656 1446 1712 hunc
1459 1657 1569 1729 apicem
1582 1663 1643 1715 toto

90 1744 234 1801 Paschalia
248 1744 327 1801 festa.
343 1746 417 1802 Nihil
433 1747 658 1821 relinquebatur,
672 1747 747 1821 quod
765 1746 795 1802 in
808 1744 901 1800 studio
950 1749 1088 1805 loannem
1105 1747 1357 1805 abrincatensium
1374 1751 1526 1822 presulem
1539 1752 1644 1824 prefer

90 1839 158 1896 talis
180 1838 405 1896 honorificentie
431 1842 479 1913 agi
502 1841 619 1898 solitum
644 1847 696 1898 est.
717 1842 859 1896 Preterea
878 1837 901 1892 si
951 1842 1003 1914 git
1019 1844 1117 1911 Porro,
1130 1847 1163 1898 ut
1182 1843 1319 1899 monice
1336 1843 1420 1901 fleret
1438 1844 1492 1900 ista
1511 1846 1644 1919 conjugat

90 1935 161 2010 quid
186 1953 293 1994 novum
314 1937 474 1995 adinveniri
495 1940 597 2011 potuit,
617 1937 787 1995 addebatur.
809 1937 901 2003 Quam
952 1952 1030 1992 mans
1044 1935 1125 2004 adiit,
1139 1935 1284 2008 predictae
1294 1936 1481 1993 ordinationis
1490 1938 1639 1996 hecubam

91 2031 227 2105 pietatem
242 2030 302 2104 ipse
316 2032 469 2088 confestim
484 2032 633 2105 multiplici
647 2033 723 2089 dono
737 2046 901 2103 recompen·
950 2028 1058 2086 xandro
1069 2045 1143 2102 papa
1162 2029 1338 2103 impetrarit,
1361 2047 1475 2087 sacrum
1500 2048 1644 2107 quoqueq

91 2125 173 2205 savit,
187 2124 297 2181 donans
308 2125 404 2198 pallia,
419 2124 506 2180 libras
523 2125 586 2182 auri
604 2126 718 2198 aliaque
736 2140 844 2198 magna
858 2125 900 2179 al·
950 2123 1027 2179 uude
1048 2127 1077 2178 et
1095 2123 1149 2196 ipsi
1171 2127 1201 2178 et
1219 2123 1272 2179 toti
1289 2125 1472 2182 Normauuia
1486 2126 1644 2198 gloriandui

91 2217 202 2275 taribus
220 2217 392 2291 famulisque
406 2217 520 2274 Christi.
542 2218 678 2274 Ecclesiae
696 2222 806 2286 autem,
831 2233 901 2289 quas
950 2233 1015 2272 cum
1029 2217 1143 2272 licentia
1157 2217 1327 2290 deportavit.

90 2311 242 2383 praesentia
253 2328 306 2367 sua
318 2327 377 2368 non
396 2311 524 2381 visitarit,
538 2311 707 2370 muneribus
723 2311 815 2368 missis
830 2309 899 2366 lasti·
985 2311 1108 2366 loannes
1130 2309 1229 2382 itaque
1247 2311 1283 2367 de
1302 2311 1369 2367 sede
1388 2312 1596 2382 abrincatensi,
1619 2331 1644 2388 qv

91 2404 193 2462 ticavit.
951 2404 1032 2459 annis
1041 2409 1069 2459 et
1082 2419 1110 2459 ιιι
1126 2404 1272 2459 mensibus
1287 2411 1410 2477 rexerat,
1425 2413 1587 2479 assumptus
1599 2414 1642 2464 est

126 2498 168 2556 hd
185 2497 346 2556 cenobium
365 2498 473 2555 Sanctae
487 2498 632 2555 Trinitatis
649 2498 777 2555 Fiscanni
793 2496 901 2553 Pascha
952 2496 1142 2568 tropolitanus
1159 2498 1398 2571 ltothomagensis
1414 2499 1505 2557 factus
1521 2507 1574 2558 est.
1595 2500 1645 2558 llio

90 2591 254 2663 celebravit,
274 2591 325 2648 ubi
342 2592 504 2665 frequentia
522 2591 676 2665 praesulum
698 2595 728 2647 et
752 2591 899 2659 abbatum,
950 2591 1087 2646 virtutum
1099 2589 1129 2645 in
1142 2590 1233 2647 verbis
1246 2594 1275 2648 et
1290 2592 1425 2664 operibus
1448 2594 1644 2667 multipliciter

90 2685 287 2759 nobiliumque
319 2685 446 2741 virorum
476 2685 618 2741 convenit.
656 2686 734 2740 Tunc
761 2683 901 2740 liedulfus
949 2683 1007 2753 bat,
1022 2683 1169 2757 nimioque
1189 2685 1248 2741 zelo
1265 2685 1297 2740 in
1320 2686 1399 2756 vitia,
1418 2692 1450 2744 ut
1467 2688 1601 2761 Phimes,
1621 2706 1644 2745 sa

90 2796 196 2851 comes,
211 2778 333 2853 Philippi
348 2779 423 2851 regis
431 2779 603 2834 Francorum
612 2777 737 2849 vitricus,
752 2778 900 2850 multaque
949 2778 1092 2844 Quantum
1121 2794 1187 2834 vero
1220 2779 1256 2834 ed
1289 2779 1385 2834 saculi
1417 2781 1590 2853 dignitatem
1614 2787 1644 2839 at

91 2872 222 2930 nobilitas
235 2871 362 2929 Franciae
375 2871 476 2942 adfuit,
491 2877 520 2928 et
533 2871 690 2943 crinigeros
702 2870 826 2944 anglica
840 2870 899 2927 Bri·
951 2886 1064 2944 magum
1073 2869 1228 2927 nobilitatis
1239 2871 1373 2944 lampade
1383 2873 1506 2931 cluebat.
1520 2876 1641 2933 Erateui

91 2966 198 3023 tannia
210 2966 344 3023 alumnos
359 2965 468 3022 curiose
482 2964 656 3051 iptuebatur,
670 2969 700 3021 et
714 2964 791 3037 regis
806 2963 899 3037 regio·
950 2963 1091 3035 ttadulphi
1100 2963 1213 3020 comitis
1222 2965 1432 3038 bajocensium,
1440 2969 1490 3040 qui
1498 2967 1587 3024 frater
1594 2969 1643 3026 fue

90 3077 212 3134 rumque
224 3059 379 3117 satellitum
391 3057 673 3115 indumentaintexta
682 3062 767 3131 atque
777 3062 939 3149 onustatae
952 3058 1030 3113 rinus
1040 3057 1171 3115 Richardi
1185 3058 1304 3115 senioris
1317 3060 1396 3116 ducis
1403 3061 1644 3120 Narmannomm.

91 3170 160 3210 auro
178 3153 346 3209 mirahatur.
362 3154 435 3208 Vasa
449 3168 515 3208 vero
530 3145 617 3208 aurea
630 3150 673 3208 vel
687 3156 831 3224 argentea,
850 3166 901 3206 seu
950 3151 1047 3224 itaque
1073 3150 1156 3206 annis
1178 3152 1432 3225 metropolitanum
1457 3156 1586 3228 regimen
1609 3156 1644 3213 foi

89 3247 227 3305 bubalina
245 3263 353 3303 cornua
372 3246 449 3303 fulvo
472 3245 584 3303 metallo
606 3245 683 3301 circa
705 3243 901 3300 extremitates
950 3244 1103 3316 diligenter
1111 3243 1208 3316 gessit,
1219 3245 1400 3320 multumque
1409 3248 1644 3321 contraimpudie

90 3346 225 3415 utrasque
246 3340 380 3397 decorata
404 3338 488 3395 laude
507 3337 661 3395 attollebat.
687 3337 814 3411 Denique
837 3338 899 3408 plu·
950 3332 1062 3406 hyteros
1096 3349 1149 3406 pro
1179 3334 1344 3390 auferendis
1382 3335 1529 3407 pellicibus
1559 3337 1644 3394 laban

88 3436 163 3495 rima
173 3432 564 3509 hujuscemodicompeteutia
577 3431 666 3505 regali
678 3429 900 3505 magnificentie
951 3426 1064 3499 quibus,
1079 3425 1149 3482 dum
1167 3426 1196 3482 in
1211 3427 1321 3501 syuodo
1341 3429 1510 3486 concubinas
1524 3429 1565 3486 eis
1583 3430 1635 3488 sub

90 3530 189 3587 Franci
212 3544 317 3601 magna
334 3526 482 3596 nombant,
507 3541 572 3600 qum
588 3525 694 3582 reversi
720 3524 839 3581 domum
863 3524 900 3580 ob
951 3523 1026 3576 mate
1065 3520 1243 3593 prohiberet,
1284 3521 1426 3595 lapidibus
1460 3539 1611 3596 percussus
1642 3548 1644 3577 ι

92 3623 251 3682 novitatem
265 3621 463 3696 praedicarent.
950 3613 1118 3687 fugiensque
1134 3613 1319 3670 deecclesia:
1333 3618 1412 3679 Deus,
1426 3624 1558 3673 amount
1569 3625 1644 3689 gente

125 3716 273 3778 Celebrate
287 3715 400 3772 Pascha
411 3714 598 3781 solemnitate,
614 3730 663 3769 rex
684 3711 811 3769 dedicari
826 3711 899 3768 basi·
951 3709 1093 3763 reditatevn
1103 3714 1179 3764 tuam
1193 3709 1275 3778 (Psoi.
1291 3724 1363 3778 nm,
1382 3710 1419 3779 f),
1434 3709 1549 3766 fortiter
1561 3712 1644 3768 clama

89 3811 175 3870 licam
197 3810 308 3868 Sancta
333 3807 427 3864 llariae
448 3823 535 3880 super
557 3806 653 3863 Divam
680 3806 826 3879 precepit,
853 3804 902 3862 ubi
986 3801 1017 3855 ln
1032 3800 1095 3856 loco
1107 3800 1169 3871 ejus
1188 3801 1314 3870 Michael,
1330 3802 1446 3859 ustione
1465 3803 1587 3873 ltalieus,
1601 3821 1644 3861 ers

90 3906 152 3978 ipse
169 3920 236 3960 cum
253 3918 360 3974 magno
376 3903 450 3956 coetu
472 3900 644 3973 optimatum
666 3905 694 3954 et
714 3899 900 3956 mediocrium
950 3893 1109 3951 litterarum
1133 3893 1270 3964 imbutus,
1282 3894 1376 3951 studio
1398 3895 1546 3968 religionis
1566 3912 1644 3955 vene:

91 3998 154 4054 ltal.
179 3996 241 4053 lfaii
265 3994 356 4068 (1067)
374 3999 540 4049 reverenter
561 3992 702 4059 interfuit,
727 3994 757 4047 ct
780 3991 901 4048 utillima
950 3988 985 4043 ad
1005 3987 1119 4043 culmen
1131 3985 1344 4043 abrincatensis
1363 3988 1539 4060 episcopatus
1556 3989 1644 4046 electi

90 4090 177 4146 totius
192 4087 289 4162 populi
300 4086 498 4143 commoditati
506 4085 598 4141 edicta
612 4084 664 4140 sub
680 4100 748 4140 voce
761 4085 901 4157 praeconis
951 4080 1052 4152 gitima
1065 4084 1107 4136 est
1124 4082 1282 4153 promotus.
1299 4080 1353 4146 Qui
1366 4081 1429 4152 plus
1448 4097 1536 4153 quam
1550 4098 1584 4139 xx
1602 4099 1644 4139 aui

90 4181 293 4257 promulgavit.
316 4178 434 4247 Deinde,
456 4179 519 4234 ltal.
537 4162 612 4247 tulii,
627 4177 775 4233 ecelesiam
790 4177 901 4235 Sanctm
952 4172 1052 4229 dabilis
1076 4177 1175 4246 pastor
1191 4172 1297 4242 floruit,
1321 4177 1350 4229 et
1375 4174 1512 4230 liodberti
1534 4175 1614 4232 ducis
1634 4181 1644 4233 t

89 4276 183 4334 usne
195 4274 270 4350 apud
286 4273 492 4332 Gemmeticum
506 4271 629 4327 dedicari
644 4270 786 4344 praecepit,
799 4274 828 4328 et
839 4271 902 4343 ipre
950 4266 1050 4322 beatus
1062 4283 1147 4322 senex
1159 4265 1239 4322 obiit.
1254 4266 1316 4332 Quo
1337 4267 1481 4335 defuncto,
1501 4268 1637 4342 Turgisus

91 4385 170 4428 sacro
183 4368 319 4441 mysterio
337 4369 511 4423 veneranter
528 4364 629 4421 adfuit.
643 4366 798 4437 Utramque
820 4364 903 4420 nimi·
952 4358 997 4431 sit,
1010 4359 1128 4433 jamque
1137 4358 1322 4433 presulatum
1336 4359 1426 4416 ferma
1439 4375 1494 4417 xxx
1505 4361 1645 4418 annisten

91 4480 200 4522 rumex
214 4460 327 4536 praediis
341 4459 460 4516 dominii
474 4459 517 4514 sni
529 4458 648 4531 largiter
660 4458 779 4527 dotavit,
793 4439 941 4531 suaquaD

89 4556 253 4632 prasentia,
273 4555 342 4611 dum
363 4559 492 4612 sanctum
513 4552 682 4625 mysterium
699 4552 900 4622 celebraretur,

92 4651 194 4708 devoto
202 4647 373 4706 sublimavit.
393 4645 779 4718 tlauriliusltothomagensis
792 4647 900 4703 archie-

88 4744 222 4817 piscopus
239 4759 305 4798 cum
327 4740 515 4813 suffraganeis
532 4739 672 4813 episcopis
692 4740 767 4796 hanc
785 4738 901 4795 dedica-
986 4749 1097 4804 Interea
1124 4747 1313 4804 Normannieo
1340 4748 1414 4804 fastu
1440 4749 1523 4822 Angli
1551 4749 1644 4825 opprh

89 4837 197 4893 tionem
220 4835 369 4892 humiliter
388 4838 417 4890 et
439 4833 537 4890 devote
558 4833 742 4906 perpetravit,
764 4837 793 4890 et
817 4833 901 4905 patilo
951 4845 979 4896 et
991 4840 1158 4913 praesidibus
1169 4840 1309 4914 superbis,
1330 4841 1380 4913 qui
1403 4843 1480 4916 regis
1499 4844 1624 4900 monitus

89 4934 165 5001 post,
185 4928 354 4985 duodecimo
375 4927 556 5000 episcopatus
567 4926 610 4982 sui
631 4942 717 4995 anno,
738 4926 767 4981 in
796 4926 900 4983 lectum
949 4933 1029 5002 hant,
1049 4933 1207 4989 admodum
1228 4933 1450 5005 injuriabantur.
1476 4936 1645 4992 Praefectin

91 5020 235 5077 decubuit.
261 5022 379 5076 Peracto
406 5027 505 5075 autem
529 5018 666 5092 quidquid
690 5017 824 5091 religioso
851 5020 900 5076 llci
949 5026 999 5099 qui
1023 5026 1196 5082 munitiones
1215 5025 1425 5096 custodiebant,
1445 5028 1554 5084 nobiles
1568 5032 1596 5084 et
1610 5046 1644 5086 mv

90 5116 216 5172 vemuloe
229 5115 377 5188 competit,
391 5132 408 5169 v
422 5115 488 5172 fdus
499 5113 618 5186 Augusti
631 5114 667 5170 ad
682 5115 781 5185 Deum,
791 5114 837 5170 cui
851 5115 900 5170 diu
948 5118 1097 5191 indigenas
1117 5118 1230 5190 injustis
1254 5119 1450 5175 exactionibus
1476 5121 1633 5194 multisque

89 5207 235 5278 servierat,
251 5206 395 5279 migravit.
414 5208 521 5281 Corpus
535 5223 601 5264 vero
615 5207 676 5280 ejus
699 5207 730 5263 in
746 5207 899 5281 episcopali
948 5210 1041 5267 meliis
1068 5211 1273 5284 aggravabant.
1301 5211 1361 5268 Odo
1390 5212 1529 5269 nimirum
1557 5214 1644 5288 episc<

87 5300 214 5372 ecclesia,
240 5316 326 5374 quam
352 5300 412 5372 ipse
434 5302 500 5358 ante
523 5318 540 5355 v
564 5317 666 5369 annos,
693 5300 849 5358 indictione
879 5318 897 5372 1,
949 5303 1343 5375 GuillelmusOsbemifllius,
1356 5304 1446 5362 nimia
1459 5307 1644 5365 cervicositah

89 5399 195 5452 sanctae
218 5393 266 5452 llei
289 5393 422 5467 genitrici
442 5394 538 5451 iterim
557 5394 747 5466 dedicaverat,
772 5394 899 5453 delatum
948 5398 1026 5471 bant,
1043 5405 1072 5456 et
1091 5398 1227 5455 clamores
1245 5399 1401 5471 anglorum
1423 5397 1635 5457 rationabiliter

88 5492 140 5561 est,
156 5491 186 5545 et
202 5491 270 5544 ante
288 5485 456 5544 crucifixum
476 5486 633 5545 honorilice
652 5488 826 5545 tumulatum
845 5492 897 5545 est.
949 5491 1046 5565 eisque
1058 5490 1200 5565 equitatis
1211 5491 1294 5548 lance
1307 5489 1456 5564 suffragari
1468 5492 1644 5568 despiciebas

86 5580 273 5655 Epitaphium
290 5583 387 5637 autern
407 5579 499 5653 ejusa
517 5579 660 5638 Richardo
682 5581 811 5639 herluini
828 5581 897 5654 tilio,
947 5584 1104 5657 armigeros
1123 5601 1191 5643 suos
1209 5583 1375 5643 immodicas
1396 5582 1507 5660 predas
1530 5590 1561 5643 at
1579 5585 1644 5645 inca

952 4516 997 4572 ΙΙΙ.
1017 4518 1104 4587 Anuli
1131 4533 1149 4572 n
1172 4518 1339 4575 Nmmonnis
1362 4524 1507 4574 secuntur.
1527 4520 1644 4577 Rebctho

1300 4611 1415 4666 huntur.

110 5766 334 5836 Mulelacha,
353 5772 487 5827 censente
499 5770 538 5828 he
550 5768 673 5837 Pravost,
688 5772 810 5843 scriptus
823 5772 964 5841 futtanno
979 5774 1049 5831 lits.
