3750 6046
159 180 228 235 {aar
695 176 724 235 n.
745 178 869 239 sareon
889 178 1140 239 suessonensis
1160 176 1311 239 aermon
1782 178 1840 237 ms
1868 150 1872 205 Ι

160 306 248 372 mate,
263 304 507 375 quoeoronaverat
518 300 623 371 (caviac,
635 302 878 371 rvvlcumnorerca
889 322 972 376 syna·
986 303 1161 390 Atramenti
1178 306 1259 372 (Psoi.
1291 304 1389 375 cxuxu)
1405 307 1434 359 et
1455 303 1492 359 tel
1506 302 1530 359 ei
1547 302 1578 359 iu
1602 316 1704 359 eseam
1721 300 1841 359 dedistis.

159 413 246 469 gogo,
273 401 300 451 et
324 397 386 468 ipsa
412 399 547 451 coronata
570 412 675 451 corona
696 397 889 451 tribulationis
909 402 972 469 post
1029 399 1178 461 bellarunt,
1193 399 1242 465 ait,
1256 401 1285 452 in
1300 413 1384 453 escum
1394 413 1480 453 meam
1493 399 1542 466 sel,
1555 403 1583 453 ct
1604 398 1637 451 tn
1663 395 1716 451 siti
1736 411 1843 467 eiuupc

159 508 224 546 eum
248 490 407 545 incedebat.
434 490 531 546 Stubot
557 497 646 545 outone
658 492 743 559 juata
756 506 857 545 erucem
870 492 969 561 (tortia,
1024 498 1151 547 tacerent
1165 508 1205 547 mc
1220 492 1387 561 uectolPsol.
1409 500 1513 559 axv'rrvl.
1537 494 1657 561 Longos
1681 489 1751 545 tecit
1772 488 1842 545 tnni·
1869 462 1872 537 Ῑ

157 602 224 655 xvxi,
240 587 272 638 ut
296 584 364 639 illud
379 584 575 640 dulcissimam
595 590 679 655 capvn
694 586 761 653 viati,
775 588 894 639 unctum
908 586 970 640 oleo
1021 585 1277 641 culoshmreditatis
1291 591 1399 653 vestra,
1414 592 1443 641 et
1463 587 1565 651 ,elavos
1586 588 1701 639 vestros
1728 584 1843 638 consoli-

153 678 273 749 justitivn
289 694 348 749 prae
363 678 549 748 participibus
562 679 618 731 suis
632 679 714 745 tl‘sot.
732 678 814 749 ων),
830 678 970 733 arundine
1022 678 1099 733 davit
1112 681 1186 745 tiso„
1203 682 1323 746 evulsos
1340 686 1435 734 autem
1448 679 1644 749 brachiaejus
1660 676 1841 747 extendistis,

157 787 325 843 percussum
347 775 376 825 ct
400 771 490 841 spinis
518 779 688 826 coronatum
709 771 783 825 tristi
811 772 970 842 spectaculo
1022 776 1171 838 etmanus,
1186 788 1250 844 quae
1263 772 1625 839 mortuossuscitaverunt,
1643 770 1840 826 clavisaltixi·

156 864 273 920 videret.
287 864 449 936 Aspicicbat
462 866 589 937 speciosa
614 866 704 919 torma
717 881 776 937 pra
790 866 853 919 liliis
881 865 971 920 homi·

156 975 227 1013 nuni
241 975 297 1013 non
317 974 378 1013 esse
396 958 518 1029 speciem
533 959 618 1027 (ilion
636 974 730 1029 noque
744 959 894 1025 decovcm;
920 976 969 1014 ex·

156 1052 264 1106 celsum
279 1068 365 1123 super
380 1067 479 1106 onines
494 1054 601 1122 gentes,
619 1052 794 1122 despectum,
811 1054 838 1105 et
852 1051 968 1105 novissi·

157 1161 237 1199 mum
254 1149 417 1214 reputatum
429 1162 438 1213 ;
449 1143 756 1199 Sanelumsanctorum
770 1160 835 1198 cum
851 1144 970 1199 scelera·

1022 865 1081 920 stis.
1103 865 1253 937 Obstupuit
1272 866 1374 921 coelum
1398 883 1484 938 super
1504 866 1557 921 hoe
1579 872 1608 920 ct
1641 862 1781 919 indutum
1805 868 1841 919 cst

1021 958 1148 1013 tenebris
1166 959 1244 1030 quasi
1262 974 1342 1014 sacco
1362 959 1482 1014 cilicino.
1506 957 1553 1015 Sol
1575 963 1604 1013 et
1620 958 1694 1013 luna
1719 962 1841 1014 retraxe-

1024 1057 1092 1106 runt
1113 1053 1294 1123 splendorem
1319 1069 1403 1107 suum
1426 1054 1544 1125 (hotta,
1560 1054 1667 1122 xxxiv),
1693 1057 1725 1107 et
1752 1052 1840 1107 habitu

1021 1146 1151 1200 maeroris
1165 1146 1344 1213 circumdati,
1365 1147 1488 1201 visisunt
1501 1147 1570 1201 llere
1589 1147 1739 1201 factorem
1752 1161 1838 1201 suum.

157 1238 192 1291 tis
206 1243 235 1292 ct
248 1237 354 1309 iniquis
375 1237 505 1304 affixum,
519 1238 759 1292 oculossublimis
775 1238 900 1293 hominis
915 1237 968 1291 hu·
1020 1238 1302 1306 devohtenebratns,
1326 1245 1354 1294 ct
1388 1240 1477 1295 dense
1500 1240 1624 1311 caligine
1653 1239 1836 1311 conglobatus

157 1331 289 1396 miliatos‚
313 1336 342 1385 ct
357 1332 496 1386 cervicem
519 1332 685 1386 sustinentis
707 1330 817 1398 omnia,
843 1330 970 1385 humeris
1021 1330 1073 1382 est.
1097 1328 1184 1382 Terra
1215 1328 1342 1395 tremuit,
1366 1333 1395 1383 et
1416 1334 1559 1384 commota
1581 1336 1636 1384 est.
1664 1330 1741 1385 Saxa
1759 1330 1834 1384 scissa

156 1424 317 1479 inclinatam
326 1425 464 1495 pendere;
477 1425 688 1480 serenissimam
697 1426 798 1479 taciem
815 1424 861 1479 bei
876 1441 968 1479 emar·
1020 1425 1094 1486 sunt,
1111 1427 1297 1476 monumenta
1309 1427 1408 1492 operte
1427 1426 1503 1492 sunt,
1519 1428 1548 1478 et
1563 1423 1598 1478 ab
1614 1422 1722 1478 inferis
1736 1423 1833 1478 monui

155 1518 257 1586 euisse,
271 1524 298 1572 et
321 1518 452 1573 docorem
473 1518 565 1573 vultus
586 1519 646 1589 ejus
670 1518 879 1573 absconditum.
900 1518 970 1572 llinc
1020 1517 1208 1565 surrexerunt
1221 1510 1321 1581 (ibid).
1347 1512 1477 1566 internus
1499 1513 1560 1583 ipse
1576 1513 1675 1567 scelus
1691 1512 1832 1567 exhorruit

156 1612 197 1666 illi
213 1627 264 1683 per
284 1612 453 1683 prophetam
469 1611 587 1666 dicitur:
605 1614 670 1667 Vere
681 1618 710 1666 tu
725 1628 751 1667 es
767 1614 838 1667 Deus
859 1612 968 1667 abscon-
1021 1609 1049 1658 ct
1062 1604 1145 1658 inferi
1165 1604 1246 1658 tune
1257 1604 1432 1660 conturbata·
1450 1610 1523 1660 sunt.
1538 1606 1659 1661 ludoeus
1672 1622 1745 1661 vero
1767 1612 1834 1661 tem

155 1706 233 1759 ditus
246 1704 323 1775 (Iso,
336 1706 406 1775 xcv).
424 1706 515 1769 Quare
532 1704 737 1760 absconditus?
750 1705 816 1776 quia
832 1721 890 1759 non
906 1708 969 1760 crat
979 1708 1007 1779 Β
1019 1697 1220 1764 insensibilior,
1232 1698 1420 1765 saxisdurior,
1433 1699 1544 1755 interno
1554 1700 1719 1767 crudelior,
1736 1699 1832 1756 daemo-

156 1800 182 1853 ci
205 1797 323 1869 species,
348 1814 441 1869 neque
462 1798 557 1866 decor,
572 1802 601 1852 ct
623 1814 726 1854 cornua
751 1799 876 1854 morsibus
900 1799 969 1867 ejas,

154 1892 196 1947 lbi
204 1892 365 1946 abscondito
378 1897 416 1947 cst
428 1891 564 1958 tortitudo
587 1892 641 1960 ep'vo
655 1892 663 1945 l
669 1892 780 1953 lloboc„
800 1894 850 1962 ru).
866 1894 970 1946 herion

154 1985 347 2054 absconditus,
366 1983 479 2057 quando
514 2000 616 2038 maritvs
648 1985 725 2047 niisit
754 1985 788 2039 ad
813 1984 915 2052 fortia,
942 1989 970 2040 et

155 2079 258 2150 palmea
272 2079 332 2150 ejus
345 2078 437 2133 clavos
452 2083 610 2133 consecutae
624 2078 714 2132 siant?
728 2078 852 2133 Lucobot
864 2078 893 2132 in
907 2094 968 2133 ma-

155 2171 237 2227 nibus
251 2173 344 2226 llxura
354 2173 507 2238 clavorum,
523 2176 551 2226 et
563 2172 637 2225 latus
651 2170 803 2225 irinocuum
817 2172 896 2227 dedit
908 2173 968 2226 vul-

160 2265 220 2320 neri
236 2266 340 2320 locnm.
369 2266 597 2319 llumiliaverunt
623 2264 650 2318 iu
675 2264 859 2335 compedibus
884 2263 970 2336 pedes

158 2360 229 2429 ejus,
245 2359 352 2413 terrum
367 2359 531 2430 pertransiit
550 2359 662 2430 plantas
676 2358 747 2429 ejus,
766 2361 794 2411 et
808 2359 888 2413 hases
907 2358 969 2429 ejus

155 2452 244 2524 stipiti
256 2454 347 2507 atllxve
361 2456 436 2507 siunt.
450 2454 513 2507 llrec
526 2454 642 2507 vulnera
655 2469 671 2507 a
685 2453 751 2519 suis,
763 2453 791 2506 in
806 2452 894 2507 domo
908 2469 968 2519 sua,

154 2563 206 2621 pro
221 2547 304 2602 nobis
319 2563 419 2619 passus
433 2552 485 2601 est.

190 2641 212 2695 0
236 2640 469 2713 praestantissima
492 2640 553 2711 ejus
572 2640 701 2707 vvvlnera,
725 2639 828 2711 quibus
848 2644 968 2694 mortem

154 2735 265 2791 oceidit¹
277 2740 305 2789 et
318 2734 429 2789 inferna
440 2734 606 2790 momordit!
622 2736 704 2795 diors,
719 2733 821 2803 inquit,
835 2734 884 2803 {cro
899 2749 969 2788 mors

157 2837 216 2891 teter,
232 2844 337 2883 morsus
356 2834 417 2883 tuus
431 2831 537 2895 trasenna
558 2828 641 2898 (Osee,
657 2838 724 2885 vrri).
745 2830 850 2897 Captus
863 2832 904 2881 ost
923 2828 969 2882 l.c-

1021 1790 1106 1845 nibus
1119 1790 1271 1859 infidelior,
1286 1808 1379 1864 neque
1399 1794 1482 1849 sensit
1498 1794 1670 1863 Dominum,
1687 1794 1835 1867 nequesci

1020 1885 1061 1939 dit
1078 1885 1218 1954 animum,
1241 1901 1293 1940 nec
1306 1888 1396 1941 scelus
1408 1888 1566 1955 exhorruit,
1591 1904 1649 1943 nec
1665 1888 1756 1943 tidem
1769 1886 1837 1942 adhi

1019 1978 1089 2032 buit.
1107 1978 1141 2032 Et
1149 1977 1217 2049 quid
1232 1978 1328 2047 lacios,
1340 1981 1586 2053 populenequam,
1601 1997 1680 2053 gens
1692 1982 1835 2049 scelerata,

1019 2070 1276 2127 domuscllundens
1290 2074 1459 2144 sauguinem
1472 2074 1617 2138 Crucitlsi,
1639 2092 1709 2131 cum
1736 2074 1837 2130 venerit

1020 2165 1050 2218 in
1062 2165 1185 2220 nubibus
1198 2181 1263 2221 cum
1278 2170 1415 2238 potestate
1431 2184 1533 2239 magua
1551 2174 1580 2224 et
1598 2169 1770 2240 majestate,
1783 2168 1837 2223 des

1019 2259 1117 2314 cendet
1131 2260 1297 2314 ardentibus
1319 2261 1394 2315 ecelis
1410 2267 1439 2317 et
1461 2267 1547 2331 terra,
1573 2265 1602 2317 et
1634 2263 1780 2318 adventus
1802 2262 1837 2317 sui

1021 2354 1127 2408 terrore
1140 2354 1281 2408 elementa
1294 2353 1435 2422 dissolvet,
1452 2357 1481 2410 et
1503 2372 1570 2410 cum
1583 2358 1714 2424 venerit,
1731 2356 1837 2429 signnm

1019 2447 1109 2501 crucis
1122 2447 1269 2518 apparebit
1282 2448 1312 2502 in
1327 2449 1397 2503 coslo
1411 2454 1439 2503 ct
1450 2449 1583 2504 ostendet
1612 2448 1744 2506 dilectus
1769 2452 1836 2507 cica-

1019 2540 1103 2595 trices
1118 2540 1280 2608 vulnerum,
1312 2547 1341 2597 ct
1363 2543 1423 2597 loca
1438 2543 1582 2598 clavorum
1596 2544 1710 2616 quibus
1733 2550 1791 2600 ate
1813 2544 1838 2599 iu

1019 2633 1103 2689 domo
1120 2638 1169 2689 tua
1191 2636 1319 2691 confixus
1340 2636 1403 2690 est?
1423 2637 1500 2690 Titne
1519 2636 1644 2708 planges
1660 2640 1690 2693 te
1706 2654 1795 2711 super
1814 2644 1837 2692 te

1018 2727 1131 2798 planctu
1154 2728 1232 2800 qnasi
1248 2728 1399 2800 unigeniti,
1413 2735 1440 2784 ot
1454 2729 1530 2785 dices
1555 2732 1722 2787 montibus:
1742 2734 1838 2803 (beaute

1018 2834 1073 2884 nos,
1084 2825 1108 2873 et
1122 2819 1255 2873 collibus:
1272 2818 1455 2891 tuditesopcr
1470 2836 1517 2875 nos
1530 2822 1621 2891 (tue,
1636 2824 1721 2893 xvni)
1746 2838 1763 2876 a
1777 2822 1836 2877 iacis

158 2923 271 2977 viathan
294 2923 380 2977 barno
401 2925 429 2976 et
454 2922 522 2976 dium
549 2922 608 2975 hiat
622 2921 656 2974 ad
673 2936 767 2975 escam
791 2921 895 2975 cervivis
908 2921 967 2975 cla·
1019 2911 1102 2984 gladii
1114 2912 1262 2979 columbe.
1283 2918 1311 2967 et
1331 2913 1366 2967 ab
1386 2913 1425 2968 ira
1440 2914 1544 2969 tutoris
1568 2915 1704 2970 Domini.
1729 2918 1836 2972 Pouete

155 3017 257 3073 rnantis
271 3017 299 3071 in
317 3015 446 3071 Psalmo:
467 3019 522 3085 Epo
547 3030 605 3069 sum
630 3017 739 3079 cermis,
763 3020 788 3068 ct
813 3029 866 3067 uon
893 3015 967 3069 bomo
1020 3005 1204 3060 inelibanum
1220 3006 1476 3080 iguisisstempffl'e
1498 3008 1591 3064 lulltss
1612 3010 1669 3074 ³¹¹5.
1686 3010 1774 3065 inim
1793 3026 1837 3065 ³¹¹⁸

153 3112 238 3183 (Psoi.
252 3110 318 3181 xxv),
340 3110 441 3163 tiorum
460 3109 609 3163 vvvlnerum
624 3107 700 3161 terro
726 3107 866 3162 sanciatus
883 3073 1202 3162 masticantur-babit
1228 3107 1266 3165 ¹0,
1291 3107 1319 3155 θῑ
1345 3102 1490 3157 detffl'ssbit
1513 3107 1541 3157 lb*
1565 3103 1645 3174 ignis
1674 3104 1765 3173 (ΡΜ
1789 3106 1835 3171 ¹¹)-

154 3207 199 3260 sit.
221 3205 268 3258 llis
284 3220 354 3276 ergo
371 3206 430 3257 tarn
450 3202 581 3273 pretiosis
602 3201 764 3255 vulneribus
780 3200 906 3255 irretitus
928 3204 971 3254 est
1019 3198 1111 3251 Turbo
1124 3197 1240 3251 veniens
1253 3199 1344 3269 rapiet
1366 3202 1402 3266 te,
1428 3206 1580 3271 tempestas
1596 3218 1676 3257 sceva
1693 3203 1837 3275 demerget

158 3298 299 3365 diabolus,
315 3297 444 3351 ethome
461 3296 606 3350 liberatus.
622 3294 710 3349 llabes
727 3310 806 3365 ergo,
836 3294 969 3362 Ecclesia,
1022 3294 1058 3357 te,
1074 3292 1147 3361 ignis
1161 3298 1283 3346 aternus
1302 3292 1454 3348 succendet
1471 3296 1509 3361 te,
1523 3300 1747 3369 tartareumque
1762 3298 1837 3353 chaos

155 3390 662 3459 habes,columba,loraminepetrae,
675 3393 858 3443 etcavcrnavn
876 3403 970 3442 mace·
1020 3400 1083 3439 sero
1096 3387 1256 3455 precantem
1275 3385 1406 3441 involvet.
1423 3388 1456 3440 Et
1477 3402 1513 3441 ne
1527 3387 1604 3442 dicas
1625 3406 1713 3445 more
1734 3398 1783 3446 tuo
1796 3408 1836 3447 so·

158 3489 219 3554 rim,
233 3486 376 3557 inquibus
397 3484 560 3555 requiescas
574 3484 677 3553 iccius,
693 3498 734 3551 ιι).
749 3482 787 3536 Ne
801 3483 899 3537 timeas
913 3482 970 3537 Go-
1020 3476 1079 3532 lito:
1095 3480 1124 3533 ln
1140 3480 1418 3552 longumprophetat
1431 3480 1483 3534 iste
1499 3482 1618 3551 (Bacch,
1634 3486 1697 3551 ιιι),
1714 3486 1837 3541 eccene

156 3581 224 3634 liam
244 3581 387 3634 terrentem
404 3580 422 3647 (l
443 3582 519 3645 hep,
536 3580 612 3647 xv'ril,
628 3576 722 3631 animo
739 3583 875 3641 atrocem,
891 3576 969 3630 voltu
1021 3571 1114 3626 minus
1127 3573 1263 3643 asportari
1281 3580 1308 3628 te
1321 3573 1397 3641 lecit,
1414 3577 1447 3630 ut
1458 3578 1622 3645 asportatur
1636 3578 1736 3647 gallus
1760 3579 1835 3653 galli·

156 3675 313 3729 minantem
331 3673 469 3743 ingentia,
486 3672 629 3742 quandoa
645 3688 711 3724 vero
730 3670 814 3725 David
830 3686 968 3725 mucrone
1021 3680 1134 3734 uaeeus,
1144 3670 1173 3720 ct
1184 3667 1255 3720 sieut
1268 3667 1615 3724 amictoriumsublevavit
1625 3672 1749 3743 tellsa„
1763 3672 1834 3739 xxnt,

157 3770 272 3840 proprio
287 3764 551 3822 enervatusvolebat
562 3769 758 3835 pereutere,et
773 3780 970 3835 percussorem
1023 3761 1053 3812 ut
1070 3760 1131 3814 vilis
1144 3766 1172 3814 el
1191 3762 1269 3815 exsul
1294 3761 1427 3816 moriaris
1445 3762 1474 3816 iu
1494 3764 1569 3817 terra
1591 3778 1651 3819 non
1663 3770 1727 3834 tua,
1751 3773 1779 3822 et
1794 3766 1837 3823 dn-

157 3862 280 3927 invenit;
306 3861 454 3914 vulnerare
470 3856 595 3924 curabat,
611 3860 641 3911 et
656 3857 850 3930 graviteripse
868 3860 969 3913 vulne·
1021 3853 1086 3923 plici
1098 3854 1265 3910 contritione
1284 3856 1433 3924 contritus,
1447 3856 1506 3910 sota
1526 3858 1684 3916 vexatione
1704 3862 1837 3917 amissum

158 3961 234 4011 ratus
257 3958 308 4009 est.
334 3953 419 4009 Nodis
443 3952 503 4022 ipse
526 3967 556 4005 sc
575 3950 631 4005 suis
653 3950 802 4022 implicuit,
825 3956 853 4006 et
870 3969 921 4007 suo
940 3969 970 4007 se
1020 3946 1194 4002 intellectum
1211 3949 1340 4021 recipias,
1368 3956 1397 4005 et
1418 3949 1507 4005 discas
1525 3966 1558 4006 ex
1584 3968 1688 4023 piena,
1716 3972 1781 4027 quae
1807 3971 1838 4011 ex

158 4052 258 4105 conatu
273 4046 386 4117 dejecit.
398 4046 458 4100 Non
467 4061 519 4099 sua
532 4045 635 4116 rapuit,
651 4048 679 4099 et
692 4062 741 4099 sna
754 4045 858 4100 amisit.
871 4046 971 4101 Aliena
1021 4040 1103 4112 culpa
1118 4043 1328 4114 praesumpsisti.

159 4142 259 4198 invasit
273 4140 427 4211 obpropria
443 4139 574 4210 perdidit.
590 4144 735 4210 hppensus
756 4144 798 4194 est
811 4140 840 4193 in
865 4142 971 4195 statera
1056 4134 1145 4203 licitur
1158 4138 1215 4190 tarn
1226 4154 1275 4207 pro
1289 4137 1349 4192 nati
1366 4143 1467 4206 morte,
1492 4154 1577 4210 quam
1599 4156 1652 4211 pm
1676 4143 1838 4200 tudaorum

158 4236 275 4308 sanguis
288 4234 400 4301 tjtvristi,
421 4239 451 4288 et
470 4236 590 4303 paterno
602 4233 710 4305 judicio
736 4234 969 4305 praeponderans,
1021 4228 1186 4298 perditione,
1203 4229 1339 4286 ineffabili
1355 4231 1452 4287 dolore
1468 4233 1599 4303 gloriosae
1623 4242 1730 4305 pectus
1744 4238 1838 4294 ureba-

159 4333 310 4388 hominnm
326 4330 451 4401 peccata,
466 4330 495 4381 et
508 4326 613 4381 diavboli
636 4327 746 4381 vincula
769 4327 902 4382 dissolvit.
918 4330 969 4384 Ex·
1021 4327 1078 4387 tur,
1105 4328 1134 4377 ct
1159 4324 1295 4380 altissimo
1317 4326 1429 4395 pietatis
1443 4327 1537 4398 jaculo
1559 4328 1841 4399 confossum,extre·

158 4427 295 4499 spoliatus
330 4424 426 4494 itaque
451 4425 508 4475 tam
540 4421 612 4474 vasis
637 4421 856 4492 pretiosissimis,
882 4433 1081 4519 quauiDmas
1094 4418 1220 4488 spirabat
1237 4419 1312 4473 inter
1324 4421 1478 4491 angustias,
1493 4421 1588 4478 hausit
1608 4426 1754 4495 poculum
1765 4444 1837 4483 ama·

159 4520 237 4577 urrini
255 4517 377 4589 gloriosa
391 4514 557 4582 substantio,
571 4519 601 4569 ct
613 4515 700 4569 armis
719 4516 862 4586 inquibus
881 4516 968 4571 trabe·
1020 4512 1078 4566 rius
1090 4510 1150 4582 ipsa
1163 4516 1264 4578 morte,
1279 4516 1307 4568 et
1320 4513 1395 4584 quod
1411 4514 1665 4587 hominumgenus
1682 4520 1763 4577 ferre
1787 4538 1838 4577 acu

159 4618 207 4672 bat
220 4613 353 4668 tidueiom
365 4615 450 4683 (Luc,
464 4610 501 4681 xl,
519 4609 608 4665 hostis
622 4609 668 4664 ille
687 4609 821 4681 antiquus
844 4627 969 4666 reserva·
1020 4612 1126 4677 posset,
1141 4606 1237 4676 adjuta
1257 4606 1352 4662 divino
1377 4624 1496 4663 munere
1515 4610 1626 4665 lamina
1644 4616 1741 4670 valuit
1760 4616 1837 4673 susti·

156 4710 245 4766 turin
270 4706 389 4779 jndicio,
416 4722 467 4776 pro
492 4702 628 4758 etlrrsionc
656 4704 803 4775 sanguinis
833 4705 893 4761 Filii
922 4707 970 4762 Dei
1022 4716 1099 4755 nere·
1114 4699 1183 4754 Vicit
1197 4718 1306 4769 sexum,
1321 4702 1385 4756 vicit
1408 4702 1554 4759 hominem
1567 4708 1597 4760 et
1612 4722 1702 4777 passa
1717 4716 1760 4767 est
1773 4710 1839 4767 utu

159 4820 257 4877 poenas
282 4806 401 4856 veternas
425 4798 555 4853 initurus.
581 4800 613 4853 Et
638 4814 685 4851 vos
713 4815 777 4853 eum
797 4798 855 4867 illo,
867 4800 969 4872 tadei,
1021 4794 1241 4849 humanitatem.
1267 4796 1461 4869 Torquebatnr
1486 4814 1613 4869 namque
1635 4804 1748 4875 magis,
1765 4803 1838 4879 quasi

158 4897 275 4970 ingrati,
301 4893 472 4966 blasphemi,
502 4890 662 4963 parricidae,
686 4891 830 4960 ardebitis,
849 4900 879 4948 ut
898 4911 971 4967 quos
1021 4893 1203 4959 torqueretur
1217 4906 1249 4944 ex
1266 4906 1307 4953 se,
1323 4889 1457 4962 quoniam
1481 4908 1567 4964 supra
1585 4910 1616 4949 se
1631 4894 1841 4971 incomparabi-

158 4991 303 5048 ministros
333 4988 442 5043 invenit
469 4987 497 5041 in
535 4986 651 5053 scelere,
678 4986 790 5041 sodales
816 4987 918 5043 habeat
941 4990 970 5044 in
1021 4982 1228 5055 literdiligebat
1240 4983 1271 5038 id
1283 4984 1490 5041 undedolebat.
1505 4988 1539 5042 Et
1552 4990 1750 5065 utpaulisper
1761 4990 1838 5051 omit·

158 5086 238 5159 igno,
1020 5084 1114 5136 tauma
1127 5081 1337 5139 acerbissimam
1351 5084 1425 5140 illam
1434 5085 1468 5140 de
1478 5088 1571 5142 morte
1585 5088 1647 5144 nali
1660 5092 1840 5160 mestitiam,

194 5181 286 5247 Filios,
301 5176 341 5232 ait
355 5175 502 5244 Dominus,
517 5176 660 5231 nutriviet
673 5176 805 5243 ccultant,
819 5179 972 5248 specutem
1021 5176 1084 5248 quis
1112 5178 1233 5248 explicet
1257 5195 1314 5249 quo
1338 5179 1434 5234 dolore
1459 5180 1612 5238 arcebatur
1635 5182 1726 5242 beata
1748 5188 1840 5261 Virgo,

157 5275 371 5329 contemnentes
384 5276 541 5342 spreverunt
562 5286 603 5326 me
623 5272 700 5342 (Iso,
717 5273 831 5340 illese
850 5271 898 5327 ille
922 5288 972 5330 vos
1021 5270 1158 5342 quibusve
1180 5273 1364 5344 premebatur
1387 5274 1537 5347 angustiis,
1568 5291 1637 5333 cum
1664 5280 1841 5355 propheticis

130 5406 134 5411 -
158 5366 313 5435 emutrivit,
333 5371 362 5419 et
384 5364 527 5433 exaltavit,
548 5369 577 5420 et
597 5364 702 5420 scelere
718 5369 811 5420 vestro
835 5365 863 5421 in
888 5384 971 5426 emec
1022 5365 1110 5421 oculis
1123 5372 1256 5423 cerneret
1267 5368 1362 5440 stirpis
1375 5384 1435 5424 suae
1445 5384 1551 5441 magna
1565 5372 1700 5443 quadam
1715 5390 1753 5432 ex
1766 5380 1842 5449 parts

156 5462 358 5518 exaltatusest.
372 5458 521 5515 lnduitvos
530 5458 642 5514 coccina
655 5459 685 5514 in
698 5459 805 5516 deliciis
813 5460 929 5534 (illico.
940 5464 969 5535 r),
1021 5460 1306 5532 condemnationem,
1321 5463 1413 5536 gentis
1425 5462 1614 5533 attritionem,
1622 5482 1727 5525 casum
1736 5468 1841 5543 populi,

155 5560 185 5613 et
198 5558 301 5612 ornatu
323 5552 432 5627 gloriae,
450 5558 479 5609 et
497 5552 608 5609 insania
623 5558 716 5609 vestra
730 5554 891 5611 denudatus
916 5564 969 5615 est.
1020 5554 1135 5611 ruinam
1153 5556 1262 5628 patrive,
1285 5560 1313 5614 et
1329 5556 1419 5630 ipsius
1430 5556 1498 5615 olim
1513 5556 1637 5617 eiviutts
1655 5564 1768 5621 unm
1778 5558 1842 5621 uts-

126 5652 252 5709 .Corous
265 5648 375 5725 inclyte
385 5649 516 5725 pmtexit
531 5666 578 5707 vos
606 5650 707 5723 [Ρνουη
729 5654 780 5727 rvi,
794 5652 825 5709 et
836 5668 976 5712 coronam
1020 5650 1147 5707 sumtum
1165 5648 1352 5709 eversionem.
1374 5652 1456 5709 Certe
1475 5652 1626 5727 prophete
1637 5657 1753 5729 praescii
1765 5658 1840 5715 tutu·

89 5782 93 5793 ·
114 5747 260 5825 aplueam
271 5746 367 5827 capiti
378 5746 447 5827 ciris
454 5748 651 5828 imposuistis.
666 5748 884 5813 Cihevitvosex
898 5748 986 5827 adipe
1034 5764 1135 5805 rorum
1148 5744 1679 5821 predixeruntexc'xdmmtuhmm,
1691 5752 1724 5809 et
1741 5750 1839 5815 inuri·
