3750 6046
90 219 142 275 255
781 217 942 273 (mutiunt
963 218 1092 275 trtius
1720 226 1775 281 256

91 356 180 416 parus
192 340 343 397 wnwrdra
358 348 420 396 ratis
431 346 503 395 tacta
519 356 573 395 est.
587 341 778 395 ‚menendus
790 346 902 394 reatum
915 344 1052 427 Agiense
1070 356 1180 413 asprum
1194 344 1352 401 secedebat.
1364 346 1460 417 ibique
1472 362 1521 400 ser
1535 346 1580 400 xct
1597 354 1667 402 asto
1682 350 1774 418 septi·

90 454 175 492 suurn
194 438 289 508 patara
304 436 450 490 asareem
463 434 653 488 vadimonium
668 433 763 488 abbati
777 432 902 488 Theode-
954 436 1047 491 manis
1071 435 1226 505 bahihbat,
1251 444 1280 492 et
1305 439 1335 492 in
1360 454 1429 509 piane
1453 455 1527 511 opus
1552 441 1607 495 ilci
1635 440 1776 505 beiebat,

90 532 149 588 rico
162 530 254 597 dedit,
268 528 413 584 neonaelsis
429 533 461 583 nt
473 530 517 583 sni
537 528 745 581 misererentur
759 526 906 582 humiliter
955 530 1163 601 hominumque
1175 532 1297 585 satutem
1310 547 1363 602 pro
1374 547 1459 603 posse
1469 548 1522 587 suo
1537 532 1700 605 ddigmter
1711 550 1777 606 pro

91 624 272 697 supplicarit,
292 628 322 677 et
343 640 395 695 pro
417 621 681 693 recompensatione
701 620 809 687 danim
827 620 904 691 quod
955 624 1083 677 curabat.
1093 624 1139 678 Sic
1148 623 1778 696 expeenharemeooationunmntetion

89 718 146 773 illis
169 734 221 789 per
245 719 389 788 ignasiam
414 732 494 769 suain
519 717 633 778 lecerat,
658 714 797 769 [deensis
821 714 905 784 burgi
955 716 1061 779 fratris,
1079 722 1107 770 et
1128 717 1265 788 implebat
1282 717 1404 788 hpnslnli
1422 724 1601 790 preceptum
1621 720 1774 776 cuuth:

89 813 204 867 tertiam
220 815 339 882 purtem,
349 826 434 881 quam
446 825 480 862 ex
492 813 611 878 praterna
623 807 788 863 haereditate
799 807 905 862 babue-
956 812 1022 864 nire
1042 811 1128 864 locam
1142 813 1192 865 ira
1215 814 1301 872 lton,
1315 827 1363 877 ιιι,
1380 813 1435 864 tta
1451 811 1507 866 Sed
1525 817 1686 884 postquam
1707 831 1774 868 ran·

91 910 145 969 rat,
165 913 264 960 saneto
283 904 398 961 Ebrniso
417 918 515 957 coram
538 902 633 955 multis
653 901 772 955 testibus
791 917 904 955 conces·
955 919 1051 957 eorem
1069 910 1098 957 et
1116 903 1245 958 seandala
1263 921 1320 958 non
1337 902 1469 970 delicere,
1482 905 1533 959 sed
1552 907 1648 977 magis
1665 906 1705 961 ad
1724 907 1774 962 de·

90 999 140 1065 sit;
165 1006 193 1051 et
218 998 398 1051 durationem
426 1012 478 1066 per
504 1011 592 1048 uuam
617 995 721 1065 pallam
745 1011 777 1048 ex
805 995 904 1059 serico,
956 996 1090 1051 trimenta
1106 996 1226 1051 renum
1244 999 1345 1069 angeri
1362 998 1518 1069 perspexit,
1537 998 1687 1054 willelmo
1709 999 1776 1054 duci

91 1092 165 1147 unde
179 1106 272 1161 cappa
288 1090 412 1143 muteris
429 1088 502 1143 treta
522 1092 575 1153 est,
590 1104 675 1158 super
689 1088 777 1141 attare
797 1088 901 1158 posuit.
955 1090 1185 1145 Normannorum
1199 1090 1368 1161 pastoralem
1381 1089 1515 1145 bacam
1527 1107 1596 1145 cum
1610 1098 1675 1147 cors
1687 1092 1777 1149 abba·

86 1185 214 1240 lonactri
227 1184 315 1254 igitur
328 1183 433 1253 pietate
449 1181 519 1235 moti
531 1184 626 1235 errata
640 1196 692 1235 sua
705 1180 865 1235 clementer
877 1182 903 1234 ei
955 1184 995 1237 tia
1009 1182 1128 1238 reddere
1143 1184 1240 1238 soluit.
1255 1184 1311 1238 Dux
1323 1189 1429 1249 antean
1443 1183 1540 1256 sagaci
1555 1201 1625 1239 usus
1636 1186 1775 1253 consilio,

86 1277 276 1339 indulserunt,
300 1282 330 1329 et
352 1290 471 1329 ornnem
497 1273 639 1344 reliquum
664 1272 782 1327 seudum
808 1290 903 1338 suum,
954 1292 1071 1330 ornnem
1094 1277 1179 1347 hujus
1200 1277 1242 1330 rei
1263 1277 1473 1332 ordinationem
1492 1277 1618 1348 injunxit
1639 1279 1776 1334 laur-ilio

90 1376 194 1442 preter
212 1370 265 1423 lroe
280 1368 358 1440 quod
374 1368 531 1423 amicorum
549 1368 731 1438 persuasione
750 1365 904 1431 obtulerat,
956 1369 1228 1440 Rothomagensium
1243 1368 1466 1441 archiepiscopo,
1479 1375 1512 1425 ut
1525 1386 1645 1426 causam
1660 1371 1774 1428 dissen-

87 1462 545 1535 benigriirerpromisernm.1pse
562 1476 616 1515 non
637 1461 726 1513 mutto
747 1464 809 1528 post
828 1464 904 1529 dpu-
955 1463 1043 1516 sionis
1063 1461 1181 1516 sollicite
1204 1462 1363 1534 indagaret,
1380 1470 1408 1517 et
1428 1462 1497 1534 quid
1517 1464 1667 1534 agendum
1687 1470 1775 1532 esset,

88 1556 155 1611 liarn
171 1556 301 1626 expetiit,
315 1554 411 1625 ibique
425 1554 537 1608 occisus
550 1557 602 1607 est.
956 1571 1021 1609 cum
1036 1555 1153 1610 consilio
1165 1556 1324 1625 sapientum
1340 1563 1416 1610 recte
1429 1555 1573 1611 deliniret.

87 1649 130 1704 ll.
143 1648 274 1718 Seqrritm
291 1649 422 1703 t'n'censis
435 1650 593 1702 monosterii
608 1653 633 1700 et
650 1645 804 1701 Theoderici
818 1645 902 1698 ribbi·
991 1652 1072 1703 Annn
1097 1648 1191 1719 itaque
1215 1647 1369 1702 llnmininae
1392 1649 1597 1703 iucarnationis
1623 1654 1706 1717 rose,
1730 1652 1773 1706 in-

412 1742 446 1794 tis
461 1741 585 1794 intorta.
917 1719 1077 1796 ssdictione
1099 1756 1155 1806 ιιιι,
1178 1739 1317 1794 residente
1341 1740 1371 1794 in
1391 1740 1459 1795 sede
1480 1741 1641 1812 apostolica
1662 1744 1775 1799 Victore

125 1836 265 1906 Antiquos
284 1834 372 1888 hostis
393 1849 542 1905 nunquam
562 1841 649 1887 cessat
672 1832 801 1888 Ecclesia
824 1833 904 1903 quie·
955 1850 1038 1905 papa,
1057 1833 1192 1888 hienricus
1210 1838 1403 1904 cognomento
1421 1833 1515 1887 bouus
1532 1834 1701 1905 imperator
1716 1837 1773 1893 Ro-

90 1933 148 1984 tern
164 1928 306 1983 variarrrm
323 1925 447 1981 stimulis
468 1925 659 1980 tentationum
679 1926 860 1996 impugnare,
877 1927 906 1977 et
956 1943 1119 1992 manorum,
1140 1925 1214 1980 tilius
1231 1927 1353 1982 &nonis
1374 1926 1564 1998 imperatoris,
1581 1927 1665 1996 obiit,
1686 1929 1773 2003 eique

89 2038 141 2093 per
157 2037 208 2077 ens
226 2037 297 2093 quos
317 2024 412 2092 potest
431 2018 586 2073 mundanae
603 2017 720 2073 vanitati
740 2016 905 2087 subjugare.
956 2021 1091 2075 ilenrieus
1105 2019 1251 2090 tiliusejus
1265 2019 1400 2074 successit
1413 2020 1536 2075 etannis
1556 2021 1774 2095 quinquaginta

92 2117 121 2169 in
137 2113 317 2186 simplicitate
331 2112 478 2167 catholicae
492 2110 557 2166 fidei
572 2111 728 2183 prudenter
745 2109 904 2181 vigilantes,
956 2112 1095 2185 regnarit.
1109 2112 1215 2168 Eodem
1230 2128 1306 2168 anno
1319 2112 1464 2168 lauritius
1480 2114 1642 2186 episcopus,
1658 2120 1689 2170 et
1709 2117 1773 2172 Fut·

89 2215 119 2264 et
141 2208 171 2263 in
194 2208 331 2264 virtutum
355 2205 482 2261 culmine
501 2203 621 2259 viriliter
643 2206 751 2258 euntes
772 2201 906 2256 atrociter
955 2205 1054 2261 bertus
1077 2205 1200 2277 sophista
1224 2205 1401 2261 consiliarius
1422 2206 1494 2276 ejus,
1518 2211 1549 2262 et
1569 2207 1654 2279 lingo
1681 2209 1772 2265 Lexo-

86 2301 248 2357 molestare.
272 2298 351 2355 L'nde
375 2298 445 2353 dum
469 2296 583 2352 vidisset
605 2295 735 2367 regulare
761 2297 903 2350 monaste·
955 2300 1057 2356 viensis
1077 2298 1235 2371 episeopus,
1255 2306 1284 2353 et
1303 2298 1450 2353 ansfridus
1467 2299 1651 2355 Pratelleusis
1673 2301 1773 2368 abbas,

87 2395 163 2450 rium
182 2394 211 2448 in
232 2390 355 2449 Uticensi
376 2391 461 2459 saltn,
477 2390 633 2461 opitulante
653 2390 722 2455 Deo,
739 2388 904 2455 surrexisse,
955 2398 1040 2466 arque
1065 2392 1238 2447 Lantrancus
1262 2391 1441 2446 &mennam
1464 2393 1645 2464 prepositus,
1673 2397 1704 2448 st
1727 2396 1775 2451 am

86 2492 115 2544 et
135 2485 340 2544 Theodericum
364 2483 496 2538 abbatem
519 2484 548 2537 in
575 2481 660 2538 serbo
685 2488 714 2537 et
738 2480 905 2552 operatione
956 2487 1051 2558 plures
1069 2484 1217 2556 profunda
1240 2484 1400 2555 sagacitatis
1420 2485 1472 2539 riri
1490 2485 1605 2540 titicum
1627 2502 1773 2543 consene-

85 2581 183 2637 multis
195 2578 346 2635 animabus
353 2578 491 2648 juvenum
506 2579 592 2648 atque
606 2591 708 2629 senum
723 2574 828 2647 oppido
843 2589 905 2644 pro·
955 2582 1033 2647 runt,
1047 2577 1144 2649 ibique
1165 2577 1374 2632 solemnitatem
1393 2582 1557 2632 sanctorum
1574 2579 1774 2649 apostolorum

89 2675 180 2741 desse,
203 2673 346 2728 exardens
370 2669 488 2735 invidia,
508 2685 564 2742 qua
586 2669 792 2740 protoplastum
815 2667 905 2723 ldarn
956 2670 1030 2726 Petri
1046 2673 1074 2724 et
1092 2670 1169 2724 Pauli
1185 2685 1214 2723 ιιι
1234 2670 1292 2723 Kal.
1305 2668 1370 2724 tulii
1388 2669 1614 2726 celebraverunt.
1629 2673 1710 2727 Tunc
1722 2690 1773 2729 au·

87 2784 140 2840 per
154 2766 231 2823 vetiti
247 2766 356 2820 tructus
369 2766 485 2835 gustum
500 2762 536 2817 de
553 2761 687 2834 paradiso
700 2759 819 2832 expulit,
834 2759 903 2814 nor·
957 2763 1025 2818 ditis
1048 2766 1077 2816 et
1100 2762 1219 2816 solerter
1239 2761 1371 2816 discussis
1392 2761 1601 2817 dissensionum
1624 2764 1773 2834 tumentis,

86 2861 200 2918 bertum
215 2860 338 2931 priorem
354 2859 454 2912 contra
467 2854 600 2910 abbatem
613 2871 708 2921 suurn,
724 2856 787 2926 post
800 2853 905 2907 disces·
955 2855 1162 2910 Theodericum
1196 2853 1329 2909 abbatem
1364 2858 1395 2908 ut
1428 2855 1567 2910 haetenus
1602 2858 1774 2928 exstiterat,

89 2971 153 3011 sum
174 2952 306 3008 willelmi
326 2946 466 3015 Geroiani,
489 2947 643 3003 insolenter
664 2947 802 3014 axeltmit,
824 2963 904 3017 magn
956 2964 1075 3020 praeesse
1098 2948 1258 3020 jusserunt;
1288 2947 1456 3002 Rntliertum
1483 2964 1549 3003 vero
1577 2950 1717 3021 priorem,
1745 2960 1775 3008 ut

89 3064 184 3119 naque
210 3045 387 3100 dissensione
411 3042 460 3097 diu
487 3041 673 3113 perdurante,
698 3040 818 3094 mobiles
843 3039 906 3095 sub
956 3045 1153 3113 paupertatem
1173 3040 1274 3096 Christi
1296 3046 1471 3113 sequeretur,
1489 3042 1621 3113 patrique
1642 3060 1696 3100 suo
1717 3046 1773 3118 spi·

85 3141 228 3213 jactorum
254 3137 363 3191 animos
387 3135 512 3207 graviter
538 3133 714 3205 inquietavit.
738 3135 802 3189 Erat
832 3133 905 3188 idem
916 3088 944 3162 C
957 3135 1051 3189 rituali
1064 3151 1116 3206 pro
1131 3135 1187 3189 Deo
1200 3134 1346 3188 humiliter
1359 3133 1389 3187 iu
1402 3133 1534 3190 omnibus
1546 3135 1773 3210 obtemperaret,

89 3233 251 3298 liutbertus,
273 3233 305 3284 ut
327 3228 455 3301 superins
475 3227 543 3282 satis
563 3227 671 3281 dictum
693 3229 747 3294 est,
762 3226 906 3296 practura
956 3228 1069 3298 copiosa
1081 3226 1320 3282 sermocinatione
1334 3226 1556 3283 admonuerunt.
1571 3230 1681 3286 Deinde
1700 3249 1773 3304 prae-

88 3325 253 3389 nobilitatis,
265 3324 351 3379 frater
362 3322 467 3376 scilicet
480 3319 605 3392 lingonis
620 3318 656 3373 de
669 3318 884 3374 Grentemaisnil
899 3337 905 3384 3
956 3320 1022 3375 fatis
1041 3319 1232 3374 monitoribus
1244 3319 1280 3373 ad
1293 3319 1408 3391 propria
1425 3318 1620 3390 redeuntibus,
1636 3323 1776 3381 Uticensis

90 3419 136 3474 eui
152 3417 244 3474 adhuc
260 3420 322 3471 crat
338 3414 454 3488 qinerilis
470 3412 567 3468 levitas
582 3418 611 3467 et
626 3411 798 3466 indomitum
820 3411 907 3465 robur
958 3429 1026 3485 grex
1043 3412 1251 3484 aliquantutum
1268 3413 1296 3466 in
1312 3428 1379 3484 pace
1397 3413 1520 3483 quievit;
1535 3414 1586 3469 sed
1604 3422 1668 3486 post
1684 3434 1775 3474 unum

89 3515 175 3584 atque
201 3509 341 3565 secularis
367 3506 493 3563 ambitio.
521 3507 551 3561 ln
579 3506 705 3560 castitate
732 3511 819 3576 atque
845 3505 907 3559 aliis
956 3522 1075 3573 annum,
1089 3510 1234 3576 comperta
1249 3504 1383 3560 willelmi
1395 3505 1529 3561 Geroiani
1544 3511 1650 3578 morte,
1668 3511 1776 3566 iterum

90 3603 263 3679 quibusdam
292 3602 378 3657 sacris
405 3599 624 3655 charismatibus
653 3605 714 3653 erat
743 3596 905 3663 laudabilis;
959 3599 1079 3655 rediviva
1100 3599 1133 3653 lis
1154 3598 1286 3668 sirrrexit,
1307 3603 1335 3652 et
1357 3598 1509 3669 discordia,
1530 3616 1684 3672 corporum
1708 3605 1771 3660 eui-

94 3699 144 3755 sed
162 3713 177 3752 e
193 3698 303 3763 contre,
324 3700 355 3750 ut
375 3695 487 3749 Tlaceus
507 3692 546 3748 ait
957 3708 1124 3763 merumque
1148 3692 1233 3746 satuti
1254 3691 1404 3758 coenaria,
1428 3693 1584 3747 caenobitas
1607 3694 1690 3751 valde
1713 3700 1774 3752 tnr-

240 3789 318 3847 Nidil
331 3793 369 3844 cst
386 3789 419 3842 ab
435 3789 601 3858 omniparis
616 3786 723 3840 beotiam
736 3787 803 3855 (tt),
957 3785 1041 3840 bavit.
1068 3790 1187 3841 Amator
1210 3788 1305 3840 cirtem
1330 3783 1406 3856 pacis
1430 3784 1621 3842 Theodericus
1648 3789 1774 3863 undique

93 3886 121 3939 in
139 3882 284 3938 nonnullis
300 3881 441 3936 erratibus
457 3884 518 3935 erat
534 3876 775 3950 reprehensibilis.
789 3877 859 3931 Nam
877 3877 905 3932 in
957 3879 1133 3951 angustiatus
1155 3881 1208 3932 est.
1228 3878 1299 3933 Nam
1319 3877 1394 3948 apud
1415 3877 1532 3949 Sagium
1552 3881 1690 3952 nequibat
1711 3884 1772 3939 ani·

91 3976 172 4033 bonis
182 3992 231 4030 seu
246 3974 325 4029 malis
339 3989 403 4044 quie
413 3971 556 4043 cupiebat,
568 3972 647 4026 velox
662 3970 699 4026 ad
709 3970 905 4042 peragendum
957 3987 1068 4026 marum
1091 3971 1173 4026 saluti
1192 3970 1340 4043 proficere,
1358 3986 1410 4026 uec
1429 3971 1530 4026 cellam
1551 3971 1591 4028 ibi
1613 3978 1736 4047 coeptam
1758 3994 1774 4031 a

92 4073 152 4123 erat
168 4083 200 4122 ac
219 4065 355 4133 fervidus,
372 4069 400 4120 et
421 4064 523 4120 auditis
543 4063 599 4118 sive
619 4063 764 4133 visisque
782 4061 905 4129 nolebat,
957 4065 1078 4137 Rogerio
1103 4068 1133 4119 et
1156 4081 1243 4119 uxore
1270 4063 1332 4134 ejus
1356 4064 1393 4119 ad
1415 4065 1624 4137 perfectionem
1646 4068 1773 4141 erigere3

92 4160 128 4215 ad
151 4159 331 4215 irascendum
354 4157 481 4221 festinus,
506 4157 652 4228 nragisqne
676 4171 796 4226 praesse
821 4172 906 4227 qnam
957 4160 1023 4230 quia
1047 4157 1099 4230 ipsi
1124 4157 1252 4230 pluribus
1275 4156 1456 4213 secularium
1479 4175 1577 4214 rerum
1602 4160 1680 4216 euris
1705 4166 1774 4218 tnnc

92 4251 216 4321 subesse,
232 4254 261 4307 et
277 4252 418 4324 imperare
437 4251 530 4322 potius
545 4265 632 4321 quarn
647 4249 843 4304 obsecundare
856 4264 905 4303 cu·
958 4251 1178 4322 occupabantur,
1194 4256 1223 4305 et
1242 4251 1277 4305 ab
1297 4250 1419 4306 inimicis
1437 4252 1496 4307 suis
1512 4252 1641 4326 undique
1659 4255 1773 4328 impug-

92 4345 183 4418 pidus.
205 4345 247 4400 nd
269 4343 467 4416 accipiendum
488 4347 572 4415 atque
592 4341 628 4397 ad
648 4342 773 4397 dandum
794 4346 907 4413 apertas
957 4344 1108 4400 nubantur.
1131 4345 1210 4416 apud
1235 4345 1349 4400 Uticum
1375 4344 1428 4399 sibi
1451 4345 1494 4401 vel
1520 4346 1583 4400 aliis
1608 4345 1718 4403 atlatim
1745 4353 1774 4404 ut

91 4439 213 4495 habebat
232 4454 343 4503 uranus,
359 4439 388 4491 et
403 4453 434 4491 os
447 4440 612 4507 promptum
626 4434 716 4490 furori
730 4451 780 4490 suo
793 4435 903 4490 satista-
915 4449 945 4522 D
957 4439 1041 4494 vellet
1054 4438 1185 4510 prodesse
1200 4454 1256 4493 nou
1271 4443 1395 4509 poterat,
1410 4443 1526 4510 propter
1543 4439 1773 4512 importunitates

91 4550 154 4589 cero
170 4529 339 4588 inordinatis
355 4529 518 4585 seminibus.
536 4531 568 4585 Et
581 4529 648 4601 quia
662 4529 733 4601 ipse,
750 4532 781 4583 ut
799 4528 905 4584 dictum
956 4549 1026 4605 quas
1047 4549 1063 4586 a
1083 4531 1252 4603 quibusdam
1276 4531 1482 4603 potentioribus
1506 4534 1656 4589 monachis
1680 4535 1773 4591 illatas

94 4631 147 4696 est,
162 4627 277 4682 excelsos
299 4622 496 4696 generositatis
512 4623 643 4695 lampade
661 4622 812 4690 renitebat,
829 4626 857 4677 et
872 4639 905 4677 ex
957 4624 1107 4681 tolerabat.

92 4719 265 4793 patrimonio
283 4736 334 4774 suo
348 4717 507 4773 coennbium
525 4716 592 4771 illud
612 4715 790 4785 fundaverat,
805 4719 833 4770 et
846 4717 904 4770 col·
991 4718 1115 4773 Tandem
1141 4719 1292 4790 postquam
1319 4717 1367 4772 diu
1395 4734 1492 4773 seeum
1521 4720 1590 4790 quid
1614 4723 1772 4779 secuudum

91 4812 172 4869 lectis
193 4812 381 4883 undecunque
401 4809 438 4864 ad
457 4811 564 4865 cultum
586 4809 635 4864 llei
656 4808 799 4875 fratribus,
814 4809 904 4863 snbsi·
958 4813 1045 4868 [lenm
1063 4815 1163 4883 ageret
1179 4811 1356 4880 deliberarit,
1373 4812 1470 4867 omnia
1489 4812 1664 4886 relinquere,
1681 4821 1710 4872 et
1729 4834 1793 4872 se·-

90 4906 200 4979 diisqno
217 4905 382 4960 necessariis
401 4903 556 4976 procuratis
574 4902 721 4970 ditaverat,
739 4902 803 4958 iden
820 4917 905 4973 regn·
956 4905 1089 4977 pulcrum
1101 4904 1213 4959 Domini
1223 4905 1418 4960 internsalem
1428 4905 1507 4961 adire
1519 4905 1653 4963 decrerit.
1664 4909 1773 4967 Deinde

90 4999 158 5053 laris
176 4998 331 5069 disciplinae
343 4997 415 5069 jugo
432 4996 460 5051 in
480 4996 591 5052 rinvelta
610 4996 697 5051 domo
712 4995 834 5050 coerceri
847 5013 906 5051 non
957 5015 982 5055 rr
996 4999 1056 5053 Kal.
1069 4997 1251 5070 Septembris,
1265 4998 1299 5053 de
1313 4999 1409 5070 Sagio,
1425 4998 1474 5054 ubi
1488 5001 1555 5054 tunc
1571 5000 1621 5055 diu
1640 5009 1773 5060 moratus

92 5094 212 5164 poterat.
244 5091 419 5162 Frequenter
447 5090 542 5163 itaque
573 5089 646 5144 Patri
677 5105 729 5144 sun
757 5089 828 5144 clam
856 5089 905 5144 de·
957 5092 1062 5162 luerat,
1077 5090 1189 5146 Uticam
1207 5090 1298 5161 venit;
1313 5092 1471 5146 convocatis
1490 5092 1519 5146 in
1539 5092 1695 5165 capitulum
1714 5097 1772 5153 lra-

92 5182 233 5251 trahebat,
257 5200 289 5238 eo
312 5183 387 5255 quod
414 5184 473 5254 ipse
496 5183 537 5238 vir
561 5183 609 5238 llei
631 5183 694 5254 plns
716 5182 906 5255 spiritualibus
957 5185 1047 5241 tribus
1065 5184 1240 5239 voluntatem
1258 5201 1340 5239 suam
1356 5185 1477 5258 apernit,
1491 5202 1591 5241 omnes
1609 5187 1772 5260 admonuit,

91 5294 177 5351 quarn
204 5275 386 5332 suerrlaribus
417 5276 536 5349 negotiis
563 5276 740 5332 intendebat.
769 5276 905 5331 Nonnun·
957 5278 1086 5345 absolvit,
1111 5277 1267 5345 benedixit,
1288 5279 1401 5351 [leoque
1427 5280 1646 5336 commendavit.
1669 5283 1773 5340 Postea

5 5386 12 5397 ·
90 5387 178 5443 quarn
203 5375 300 5444 aperte
321 5385 386 5424 curn
411 5386 444 5424 eo
465 5368 603 5442 litigabat,
625 5376 653 5426 et
674 5370 823 5425 nonnullas
846 5370 907 5442 ejus
957 5372 1115 5428 Luxovium
1133 5371 1221 5440 addit,
1238 5375 1267 5426 et
1283 5372 1395 5444 llngoui
1412 5371 1555 5446 episcopo,
1576 5390 1669 5446 aquo
1689 5376 1773 5434 valde

91 5464 310 5520 constitutiones
326 5463 360 5519 de
377 5462 460 5519 rebus
473 5463 658 5519 exterioribus
674 5462 841 5535 simpliciter
853 5464 906 5519 lac·
957 5465 1108 5521 amabatur
1120 5481 1219 5521 curam
1233 5464 1396 5521 animarum
1408 5465 1544 5538 reddidit,
1555 5467 1663 5541 sicque,
1674 5470 1773 5527 multis

92 5563 133 5613 tis
148 5556 336 5630 vituperabat.
351 5557 431 5613 Unde
447 5557 605 5613 servusdei
622 5556 838 5630 plerumquead
854 5557 904 5614 Sa·
957 5559 1091 5615 dentibus
1121 5557 1236 5628 amicis,
1263 5565 1390 5615 sancum
1421 5559 1685 5633 peregrinationem
1718 5580 1772 5637 pro

125 5751 173 5819 (u)
187 5752 259 5807 lton.
276 5751 325 5807 Od.
344 5752 361 5805 1.
376 5764 405 5820 ιι,
420 5755 458 5819 ro,
473 5755 512 5808 tl.
530 5753 590 5809 Cic.
608 5770 613 5803 :
627 5753 699 5808 Nihil
709 5754 781 5807 omni
792 5769 823 5807 ea
835 5760 913 5822 parte
925 5755 1067 5823 perfectum
1078 5760 1159 5823 atque
1173 5756 1274 5809 beatum
1287 5755 1334 5821 (Le
1349 5756 1480 5819 Prevost).
