3750 6046
77 229 143 287 did·
481 235 641 295 ursionis
659 238 925 298 cccnnsnlsilcs.
940 269 975 283 -
992 242 1080 301 iles
1097 244 1143 301 III.
1156 274 1191 288 -
1204 247 1269 303 LIB.
1291 248 1359 306 viil.
1707 255 1759 315 eui

77 358 109 409 ct
121 368 204 409 arma
222 359 252 411 et
268 354 325 412 alia
346 356 436 414 multa
455 357 578 416 donavit.
597 360 670 426 Quin
693 360 779 418 etiam
801 378 898 419 arcem
907 376 938 451 Α
948 380 1009 422 cem
1021 367 1180 438 aestimavit,
1196 371 1350 442 praemissis
1365 373 1532 430 muneribus
1551 391 1618 433 eum
1632 375 1720 436 adicit
1733 381 1765 440 et

79 446 166 503 lbreii
191 447 279 504 tristis
306 455 335 506 et
361 455 479 507 moestus
504 452 616 525 adjecit.
645 454 775 510 Nefarius
801 456 897 530 itaque
948 458 1103 517 honorilice
1129 463 1267 519 mlutnvit.
1292 464 1420 537 Cumque
1447 466 1482 523 ab
1510 467 1558 525 illo
1589 472 1762 532 resalutatus

79 541 188 613 proedo,
206 541 252 597 his
270 543 372 615 opibus
395 544 554 602 admodum
574 545 691 615 ditatum,
711 548 849 605 Intumuit
868 552 898 607 et
946 551 1055 625 luisset,
1076 554 1145 612 dixit
1161 573 1169 611 ι
1187 576 1201 607 a
1219 557 1328 614 Gratias
1347 574 1414 631 ago,
1433 561 1548 619 domine
1570 562 1639 632 dux,
1659 568 1763 624 vestrm

79 634 233 692 castellum
259 651 344 693 suum
368 639 447 709 quod
471 654 570 696 revera
599 641 732 712 spelunca
752 643 897 700 latronum
946 646 1122 717 sublimitati
1138 649 1205 722 quia
1218 649 1270 707 tilii
1290 651 1348 708 mei
1365 653 1529 727 superbiam
1549 656 1698 730 prinpreli
1720 677 1764 717 so·

78 729 248 797 erst,·fossIs
260 735 291 787 et
304 729 401 787 densis
427 733 541 805 sepibus
555 732 592 789 ad
613 733 770 792 multorum
791 737 898 794 damna
945 739 1062 798 veritus
1077 743 1228 815 castigasti.
1252 745 1308 802 iloc
1330 762 1385 818 ego
1403 747 1574 820 jamdudum
1599 748 1761 809 debuissem

77 822 229 894 conclusit,
245 823 294 880 ubi
307 828 398 882 totam
411 825 498 882 sitam
512 843 592 884 suam
606 828 756 900 rapIniset
773 829 897 887 cudibus
945 833 1048 904 iacere,
1064 835 1088 890 si
1109 836 1267 893 uecemarie
1290 838 1361 896 mibi
1379 839 1467 897 virtus
1480 841 1630 900 inassetin
1654 843 1707 901 hac
1720 861 1762 904 se·

77 915 271 973 timtimorum
285 918 422 975 exercuit.
436 920 478 975 lix
496 921 618 994 conjuge
632 938 682 978 sua
693 926 806 995 septem
823 924 897 981 Illius
945 927 996 982 nili
1019 931 1110 985 atate.
1129 928 1234 988 Crebro
1248 948 1354 1005 nempe
1367 933 1456 990 nimia
1475 935 1537 1008 ejus
1556 937 1698 1007 protervia
1712 953 1761 997 me

78 1010 190 1081 genuit,
207 1026 331 1085 quorum
347 1011 475 1085 nequitIa
491 1012 577 1070 nimis
598 1016 729 1085 excrevit,
745 1019 774 1074 et
791 1019 896 1075 multos
946 1021 1131 1092 contristant,
1153 1024 1338 1098 moultusque
1358 1042 1436 1083 meos
1447 1028 1592 1086 multoties
1608 1034 1759 1104 contemp·

75 1102 163 1159 iletus
181 1103 332 1162 viduarum
354 1110 383 1163 et
409 1122 569 1179 pauperum
592 1107 672 1167 saris
691 1109 825 1182 operibns
849 1128 896 1169 ax·
944 1113 991 1171 sit.
1012 1114 1216 1188 corripiendus
1232 1133 1301 1191 ergo
1322 1125 1394 1189 erat,
1418 1123 1447 1178 et
1466 1121 1612 1179 docendus
1635 1123 1757 1198 qualiter

77 1195 156 1254 olvit.
944 1207 1023 1281 loqui
1035 1207 1139 1266 debeat
1151 1209 1274 1266 dominis
1286 1211 1344 1269 suis
1356 1219 1385 1270 at
1397 1214 1596 1287 majoribus.»

110 1310 180 1367 xlii.
207 1312 346 1369 iiisoordos
364 1318 451 1370 motus
476 1320 502 1370 et
528 1316 599 1372 betta
618 1319 795 1376 Nonnannia
811 1320 896 1375 conti·
979 1315 1044 1372 llaec
1056 1320 1085 1372 et
1096 1315 1328 1388 nliahm‘usmodi
1349 1319 1490 1391 Rogerius
1503 1320 1540 1377 ad
1558 1321 1683 1379 savorem
1702 1323 1758 1380 du·

418 1399 550 1451 nuantur.
943 1409 984 1464 cis
1002 1409 1105 1466 leniter
1122 1409 1231 1467 locutus
1248 1413 1301 1466 est.
1321 1412 1354 1468 ut
1372 1411 1430 1482 ille,
1449 1413 1546 1470 lutura
1570 1431 1629 1471 nou
1650 1431 1757 1488 prace-

112 1499 223 1555 Eodam
233 1503 362 1572 ternpore
374 1499 432 1556 alia
442 1500 566 1558 turbatio
576 1502 605 1558 in
623 1503 752 1561 Nenstria
761 1505 893 1564 miserit.
943 1518 1021 1570 rens,
1043 1503 1174 1559 adulanti
1194 1504 1408 1576 congratulatus
1422 1509 1473 1561 ost.
1495 1506 1538 1563 nd
1558 1507 1657 1564 omnia
1676 1508 1757 1565 ducis

76 1591 249 1661 Radbertus,
270 1609 366 1649 comes
384 1594 519 1662 idelIenti,
543 1596 709 1653 muneribus
728 1603 757 1654 et
776 1598 893 1670 promis·
942 1596 1059 1652 consilia
1077 1596 1327 1669 familiariterjam
1348 1598 1487 1654 admissus
1500 1603 1552 1668 est,
1568 1603 1597 1657 et
1615 1601 1656 1657 sic
1676 1606 1757 1674 post·

74 1685 111 1740 sle
128 1684 273 1741 Guillelmi
293 1685 370 1758 regis
392 1687 531 1759 turgidus,
552 1689 588 1744 de
607 1690 712 1762 Anglla
732 1691 818 1758 venii,
842 1692 893 1746 Ito
942 1689 1061 1746 modum
1074 1690 1109 1746 de
1121 1688 1224 1747 sobolis
1244 1690 1389 1764 ereptione
1402 1690 1558 1764 prudenter
1575 1709 1662 1767 agere
1675 1695 1754 1752 riam

74 1777 247 1850 thomegum
262 1778 409 1836 adducam
423 1780 548 1850 accessit,
564 1784 593 1838 ei
604 1782 640 1837 ab
651 1799 685 1838 eo
699 1799 794 1840 arcem
808 1739 930 1841 ibreiiB
942 1788 995 1839 cst.
1015 1784 1081 1839 Erat
1101 1783 1180 1840 enim
1202 1800 1237 1841 ex
1255 1784 1380 1856 antiquis
1396 1789 1425 1842 et
1446 1785 1597 1859 praecipuis
1616 1787 1754 1845 liodberti

71 1872 232 1942 prooacIter
244 1872 368 1945 repetiit.
388 1873 440 1929 Cui
455 1873 511 1929 dux
535 1875 701 1946 respondit:
727 1897 741 1926 ιι
761 1878 892 1949 AEqquo-
940 1875 1018 1931 ducis
1030 1881 1058 1932 et
1072 1876 1214 1933 Guillelmi
1227 1877 1303 1949 ragis
1324 1878 1518 1951 optimatibus,
1541 1894 1632 1951 gener
1648 1880 1753 1938 Gnate-

71 1969 136 2020 tens
150 1969 287 2021 mutuum
301 1966 376 2038 patri
396 1971 446 2022 tuo
459 1967 524 2023 dedi
552 1968 704 2038 Brionbm,
726 1969 820 2026 nubilo
835 1987 892 2027 oas-
941 1969 1022 2025 mnni
1035 1969 1146 2026 comitb
1162 1970 1323 2041 tdellentici,
1336 1976 1365 2027 et
1384 1971 1509 2044 lingonis
1530 1972 1666 2042 soranus,
1683 1972 1752 2030 fidei

70 2061 159 2125 imm,
187 2075 241 2131 pro
264 2073 329 2114 arce
355 2058 448 2115 ibreii.
473 2081 488 2110 a
514 2061 614 2118 Comes
637 2061 763 2118 ldellsnti
786 2062 855 2119 dixit
880 2079 888 2120 :
939 2066 968 2117 et
994 2063 1143 2135 legalitatis
1168 2062 1307 2135 probabili
1330 2063 1414 2119 laude
1437 2064 1550 2136 dignus,
1568 2065 1666 2122 amicis
1693 2066 1750 2123 Iul·

70 2150 182 2208 «Istud
197 2157 332 2208 mutuum
347 2169 406 2208 non
421 2154 625 2223 coneed03sed
638 2155 715 2227 quod
727 2159 808 2227 pater
822 2159 889 2212 tuus
937 2160 982 2211 tus
1010 2161 1040 2212 et
1066 2157 1244 2228 parentibus,
1269 2156 1374 2212 divitiis
1403 2159 1433 2212 el
1457 2159 1557 2230 amplis
1581 2159 1749 2230 honoribus,

68 2244 144 2315 patri
156 2260 223 2301 meo
235 2244 323 2314 dedit,
338 2245 445 2302 hebere
459 2247 534 2304 volo.
555 2247 667 2319 Alioqui
682 2263 734 2320 per
753 2248 887 2305 Sanctum
936 2249 1054 2305 munitis
1066 2250 1177 2322 oppidis
1190 2256 1275 2323 atqua
1288 2249 1385 2324 probis
1399 2250 1574 2320 hominibus,
1588 2251 1748 2326 validisque

66 2338 218 2411 tilgasinm
234 2338 403 2394 iaciamtibi
416 2339 492 2411 quod
509 2340 678 2412 displicebit.
694 2362 709 2392 s
724 2343 814 2398 iratus
832 2342 887 2415 igi·
936 2342 1042 2399 tiliiset
1064 2342 1245 2413 subilmibus,
1267 2358 1389 2414 quorum
1413 2359 1485 2398 unus
1504 2343 1626 2413 bellenti
1651 2360 1747 2403 comes
1847 2348 1850 2357 '

66 2434 116 2486 tur
127 2429 188 2488 dux
199 2431 276 2488 illico
291 2433 653 2506 eumcomprcheudietin
665 2436 886 2494 earcererIneiri
935 2435 1043 2492 eratin
1061 2435 1158 2504 Gallia,
1182 2436 1255 2492 altar
1274 2435 1445 2509 Gauguerici
1469 2435 1568 2492 consui
1586 2436 1617 2493 in
1636 2438 1747 2511 dagila:

63 2526 214 2597 proecepit,
228 2528 258 2580 et
267 2526 410 2583 BrIonIam
423 2526 575 2596 liudberto,
587 2527 717 2584 lietduini
737 2529 806 2597 lilio,
824 2546 885 2586 cus·
935 2529 1108 2601 diciteque,
1124 2531 1249 2585 sensuet
1268 2529 1411 2602 opibusat
1429 2529 1528 2585 amicis
1551 2531 1681 2603 stipatus,
1699 2547 1748 2587 ao·
1832 2566 1837 2573 -

64 2617 234 2675 todiendum
248 2620 392 2677 commisit
408 2620 474 2693 (io).
933 2623 1036 2679 cedens
1050 2621 1087 2678 ad
1099 2623 1210 2691 ducem,
1225 2621 1315 2678 dixit:
1332 2643 1346 2673 ι
1360 2621 1459 2692 liebus,
1470 2622 1588 2679 domiue
1602 2623 1669 2694 dus,
1683 2639 1749 2682 me-

100 2711 229 2768 Gsilidus
245 2729 340 2780 senes,
354 2715 494 2787 lingerius
507 2714 543 2771 de
557 2715 743 2782 Bellomonte,
765 2721 796 2774 ut
817 2733 882 2790 cap·
932 2732 997 2772 cum
1017 2717 1176 2772 clementer
1189 2731 1274 2788 agere
1288 2719 1317 2773 et
1336 2716 1505 2788 frequenter
1521 2716 1646 2774 recolere
1668 2718 1746 2791 quod

63 2811 126 2861 tarn
144 2807 260 2877 prolem
276 2807 392 2876 audivil,
416 2823 468 2878 per
479 2807 587 2881 aliquot
607 2809 668 2865 dias
681 2809 743 2865 aliis
762 2810 880 2866 aedoni-
931 2810 1009 2866 omni
1032 2816 1161 2882 tompore
1178 2809 1270 2866 tidelis
1285 2809 1444 2867 estItarim
1463 2808 1586 2866 dominis
1605 2811 1746 2869 Narmou-

62 2898 128 2966 bns,
144 2899 227 2972 quasi
239 2899 428 2957 intortunium
446 2901 576 2973 pignoris
588 2918 645 2958 non
664 2908 796 2971 curasset,
819 2919 882 2976 spe·
930 2903 1160 2976 nim..Nunquam
1180 2903 1295 2959 domiuo
1311 2918 1375 2959 meo
1393 2902 1522 2960 fraudem
1538 2903 1603 2972 ieci,
1621 2905 1670 2962 sed
1692 2922 1745 2978 pro

61 2992 104 3047 cie
128 2995 217 3049 tenus
242 2992 375 3062 intendit,
399 2993 499 3066 suique
515 3010 669 3051 moerorem
688 2996 775 3052 tristis
792 2996 880 3053 enlmi
929 2998 977 3055 illo
1003 3012 1124 3069 magnos
1147 3002 1175 3052 et
1196 2995 1367 3068 periculosos
1392 2995 1503 3053 laboras
1528 2996 1659 3054 sustinui.
1686 2999 1745 3057 IIoc

61 3084 128 3142 Irata
141 3088 223 3142 vultu
241 3085 438 3143 dissimularit.
459 3087 575 3158 Deiude,
592 3091 623 3144 ut
643 3088 807 3162 mitigatum
828 3090 916 3175 duc
928 3089 1065 3149 nimirum
1087 3093 1169 3162 potes
1193 3089 1318 3146 inbelle
1339 3091 1390 3146 luo
1410 3089 1511 3146 clarius
1534 3091 1598 3148 luce
1626 3091 1743 3164 Intueri,

90 3283 142 3346 {isi
160 3282 255 3334 Ablaii
270 3282 389 3335 lieberto
401 3282 575 3336 Mellentansl
592 3285 686 3336 comtti
701 3284 821 3337 BrIonlse
834 3301 881 3338 ca·
930 3301 966 3339 no
991 3287 1062 3352 quod
1084 3289 1107 3338 ιιΙ
1127 3287 1177 3351 leci
1202 3299 1254 3338 non
1276 3287 1324 3338 diu
1344 3286 1506 3351 gaudebil.»
1522 3288 1591 3339 Τιιιιι
1610 3288 1679 3353 ioris
1699 3304 1743 3343 su·

60 3355 110 3405 stri
124 3353 213 3406 aliam
232 3355 356 3420 aaslgnui
376 3367 491 3406 causam
512 3356 667 3407 monachus
681 3357 830 3409 ucecensis
852 3358 881 3410 ln
929 3363 1101 3424 peruenerunt
1129 3357 1274 3410 Wiilstmus
1303 3358 1444 3422 Crispinus
1469 3364 1493 3409 et
1527 3359 1676 3412 Willstmus
1709 3361 1743 3412 de

60 3425 161 3478 notitia
182 3424 218 3477 da
239 3424 367 3477 libertate
388 3439 447 3478 susa
467 3426 612 3487 Ecclesia,
635 3441 650 3478 a
672 3426 831 3479 ldabillonlu
851 3429 881 3480 in
929 3428 1044 3481 Britolio
1061 3434 1085 3480 ei
1108 3429 1231 3494 nogarias
1244 3428 1276 3479 de
1293 3429 1455 3492 Bsnsfacta;
1477 3430 1532 3494 qui,
1553 3444 1611 3481 cum
1632 3445 1741 3484 causam

61 3497 210 3563 appendice
226 3497 262 3548 sd
277 3500 294 3547 t.
309 3497 334 3547 V
347 3496 495 3548 Annalium
513 3497 642 3549 Benedici.
668 3512 695 3562 p.
716 3498 765 3550 635
784 3494 879 3551 edila-i
928 3501 1047 3560 scissent,
1075 3512 1175 3563 magna
1200 3498 1385 3564 inuipnaimne
1409 3500 1545 3560 commoti,
1567 3502 1669 3566 mapnis
1693 3517 1740 3554 oo·

64 3566 232 3619 Vmerabitis
260 3568 349 3618 Patris
371 3566 489 3619 Ansslmi
516 3567 685 3632 temporibus,
708 3569 808 3634 Inquit,
829 3573 880 3622 tio·
928 3570 1000 3622 eiius
1017 3576 1042 3621 et
1059 3568 1223 3621 terribilibus
1238 3570 1401 3632 ,iuramentis
1418 3571 1556 3635 promisti
1576 3577 1645 3632 suni,
1658 3573 1738 3636 quid-

60 3639 150 3692 berius
172 3651 258 3691 eomes
281 3637 399 3691 tieltsnti
412 3653 464 3690 sua
485 3640 585 3691 astutia
605 3638 718 3691 obtinuit
739 3640 812 3706 apud
825 3641 880 3693 du·
928 3643 1048 3710 quidsui
1064 3647 1187 3709 parentes
1200 3641 1319 3693 licensis
1333 3643 1417 3693 Bacca
1429 3641 1607 3703 dederant,ss
1620 3643 1738 3707 auterre,

61 3725 117 3762 eom
140 3711 317 3762 Normanniss
344 3709 483 3761 liebertum
511 3715 628 3762 castrum
656 3710 820 3763 drionnenss
849 3712 879 3763 in
928 3716 953 3766 si
972 3726 1055 3766 mmss
1075 3712 1193 3766 Iistlsati
1214 3710 1359 3765 aoenobium
1383 3714 1506 3763 iiscmnse
1528 3713 1557 3762 in
1578 3725 1627 3764 suo
1650 3713 1739 3765 domi-

58 3783 181 3834 dominio
202 3795 260 3843 sao,
284 3781 355 3846 quod
376 3780 501 3833 iacimus
524 3781 613 3845 [unat
633 3782 781 3833 dominium
803 3782 879 3834 duci-
927 3787 971 3836 nio
984 3784 1179 3851 quoquomodo
1193 3781 1739 3848 babersi;simutqueducemoebsmsntsr

59 3853 107 3906 bus
131 3853 316 3906 Narmannia.
344 3853 394 3914 Qui
418 3864 522 3916 compos
546 3853 601 3904 ocii
623 3852 674 3911 eui,
702 3852 786 3904 uoluit
812 3855 879 3905 lieo-
927 3857 1102 3921 increpavers,
1123 3855 1196 3921 quod
1216 3853 1314 3906 claasm
1332 3868 1387 3906 sues
1404 3853 1547 3915 provincie
1564 3854 1664 3906 bamini
1678 3856 1739 3920 inii·

57 3937 132 3976 esses
152 3923 301 3976 wnobium
319 3923 368 3975 sub
391 3936 439 3975 suo
461 3923 577 3974 dominio
599 3922 741 3987 possidere,
756 3938 786 3976 so
807 3925 878 3990 quod
926 3927 980 3979 dati
999 3928 1158 3979 tradidisset.
1180 3927 1249 3990 Quid
1269 3925 1375 3992 plura?
1395 3925 1528 3984 donarii,
1549 3926 1631 3989 petita
1652 3926 1738 3978 tiam·

58 3993 287 4047 imneoenobium
300 3994 329 4044 in
341 3993 403 4058 fisco
417 3994 591 4047 itrionnsnsis
604 3995 686 4046 castri
700 3999 801 4046 constat
815 3996 877 4047 redi·
927 3999 974 4059 iio,
1004 3998 1150 4060 redierunt,
1181 3998 1255 4050 ducis
1284 4001 1310 4047 et
1338 3997 1491 4063 principum
1518 3996 1737 4061 peramoenus

56 4066 174 4130 ionium
205 4066 276 4116 Tunc
302 4065 428 4128 primum,
457 4068 486 4114 ιιι
509 4069 612 4116 astutas
641 4064 726 4126 bomo,
749 4066 877 4130 pmoatim
924 4069 1032 4134 ilrmaii.
1057 4071 1116 4122 Posi
1138 4083 1235 4133 paucos
1259 4069 1314 4121 dies
1338 4081 1421 4120 comes
1446 4064 1593 4119 liettenti...
1620 4070 1738 4131 perreait

56 4153 151 4192 aurem
178 4139 267 4190 Patris
289 4136 406 4189 Ansslmi
429 4150 479 4202 per
500 4139 610 4189 nuniios
633 4141 751 4203 sapetiit,
775 4152 876 4205 ropans
924 4140 1097 4192 odoarium.
1122 4140 1196 4203 Quod
1216 4143 1394 4203 cognoscentes
1415 4137 1536 4190 mmacln
1560 4143 1585 4189 ιι
1611 4139 1738 4192 ιιιιιιιιιι

56 4216 78 4260 et
92 4210 176 4275 quasi
194 4209 307 4274 suppleas
329 4221 456 4267 sacrans,
478 4214 507 4259 ut
528 4209 575 4260 boo
595 4211 753 4268 concederet,
765 4212 877 4275 promit·
924 4211 999 4262 ducis
1021 4210 1133 4261 nimium
1153 4210 1370 4276 pertimescentes,
1389 4209 1422 4260 de
1443 4211 1500 4261 suis
1518 4208 1649 4274 elegerunt
1670 4224 1737 4276 quos

56 4285 110 4333 uss
131 4280 233 4332 multas
258 4280 485 4344 augmentationes
507 4280 627 4331 Ecclesia
649 4280 682 4332 de
705 4282 762 4332 suis
787 4281 873 4343 rebus,
924 4281 960 4331 ad
975 4282 1084 4332 Curiam
1098 4279 1431 4343 [esiinantsrdirsasrunt
1449 4283 1474 4330 ei
1497 4279 1638 4331 odiernum
1649 4282 1735 4333 comi-

54 4353 226 4417 maaimequs
249 4353 279 4401 in
305 4351 394 4403 eodem
421 4357 517 4403 casiro.
549 4350 647 4413 Quibus
677 4353 756 4402 Pater
782 4352 874 4403 insei-
925 4353 960 4402 iis
973 4351 1033 4402 duci
1052 4349 1402 4415 predixeruntmuiitsque
1421 4347 1542 4413 precibus
1558 4358 1735 4403 scorooeruni

54 4437 111 4476 esus
121 4422 261 4487 respondis
277 4437 283 4471 :
297 4438 312 4472 a
324 4423 377 4473 iioo
390 4435 445 4472 non
463 4427 500 4473 est
515 4436 599 4473 insum
616 4422 772 4484 eoncedere;
786 4422 874 4473 obba-
922 4434 956 4472 ns
975 4422 1004 4473 in
1023 4423 1079 4473 suis
1095 4424 1233 4486 premissis
1245 4432 1310 4485 erpa
1331 4421 1481 4471 beccensem
1495 4418 1635 4472 Ecclesiam
1656 4422 1735 4475 verbo

54 4495 92 4544 tia
113 4494 170 4546 isio
183 4506 240 4544 non
258 4498 295 4545 ssi
313 4506 382 4553 msa,
405 4493 450 4544 sed
472 4493 571 4544 domim
592 4494 722 4557 principis
739 4462 1014 4557 sarman-Datque
1043 4496 1201 4544 mutaretur.
1232 4490 1330 4554 Quibus
1353 4491 1465 4541 inuicem
1487 4490 1734 4553 eemnocinoniibus,

53 4564 125 4614 nia:
146 4563 221 4628 quad
242 4562 284 4613 illi
305 4562 447 4626 placueris,
464 4564 522 4613 erit.
536 4581 550 4610 ι
564 4562 608 4613 itti
629 4568 745 4614 contra:
768 4582 782 4611 «
803 4564 872 4615 con·
921 4563 995 4613 adest
1017 4575 1107 4613 comes
1135 4562 1213 4623 Quem
1235 4560 1293 4611 dua
1313 4565 1342 4611 ut
1362 4560 1438 4618 cidit,
1461 4560 1645 4612 cominnando
1663 4562 1734 4614 dicii

53 4646 154 4687 ιιιιιιιιι
175 4633 306 4698 principis
327 4632 406 4696 [acite
429 4634 536 4697 assequi
553 4636 645 4696 sperat
666 4632 789 4684 dominas
811 4647 873 4684 nos·
920 4634 945 4683 ei
961 4649 967 4682 :
985 4650 999 4681 a
1017 4633 1123 4684 Domina
1145 4631 1261 4691 lieberto,
1282 4631 1348 4696 quid
1367 4630 1428 4682 ssi?
1449 4631 1580 4696 quomodo
1598 4633 1668 4683 inter
1685 4646 1735 4685 oos

53 4710 110 4767 ier,·
135 4703 184 4757 ssd
212 4703 375 4755 oolamaiem
396 4709 511 4755 uestram
534 4704 597 4754 inde
619 4703 675 4754 auti
688 4704 767 4760 scire,
786 4710 809 4754 si
826 4717 872 4756 as·
921 4708 944 4754 ei
967 4703 1109 4754 mamitos
1130 4699 1321 4754 Beecmsssis
1350 4702 1439 4752 comes
1465 4713 1574 4752 cernuis
1594 4703 1734 4756 menariae

51 4789 158 4829 ussum
180 4779 297 4826 oestrum
317 4776 380 4827 inde
399 4774 534 4826 babere.»
556 4777 589 4826 iii
606 4775 687 4827 abbas
700 4789 707 4823 ε
721 4793 735 4822 a
753 4777 807 4840 Epo
823 4788 872 4840 per
920 4775 1009 4825 adesse
1027 4779 1172 4836 presentes,
1194 4774 1304 4825 dernisso
1327 4772 1410 4828 ιιιιιιι,
1432 4771 1590 4836 respondit:
1612 4789 1627 4818 «
1647 4773 1744 4837 Bene!

51 4846 198 4900 maenaa
224 4846 342 4897 renituit
361 4859 467 4911 possum
482 4845 587 4909 [ocem
608 4845 667 4897 dico
687 4851 775 4898 autem
796 4846 870 4898 nobis
920 4845 1051 4910 quidquid
1072 4847 1143 4895 enim
1161 4844 1294 4909 jusseritis
1320 4844 1431 4908 benigne
1453 4843 1601 4895 concessuri
1622 4848 1692 4895 sunt.
1717 4863 1730 4890 ι

51 4917 119 4983 quod
137 4916 273 4981 difficilem
292 4929 357 4974 rem,
374 4921 402 4966 ui
424 4916 531 4974 estimo,
544 4916 665 4967 elaborai
686 4916 809 4967 dominus
823 4931 870 4968 oc-
919 4916 953 4965 iii
973 4916 1031 4967 dua
1058 4920 1150 4967 eontra
1164 4930 1174 4964 :
1200 4933 1215 4964 e
1242 4915 1353 4966 Omnino
1381 4913 1507 4965 mentiris.
1532 4927 1547 4962 s
1573 4914 1607 4965 iit
1628 4912 1734 4968 absone

50 5003 110 5042 nes.
124 5008 141 5037 s
166 4989 200 5039 iit
217 4987 316 5053 boati:
335 5005 349 5034 «
373 4983 531 5050 Quomodo?
544 5004 558 5032 s
582 4986 670 5038 Abbos
690 4988 781 5038 statim
803 4988 870 5039 edis·
918 5000 1006 5038 uocem
1028 5001 1086 5039 cum
1108 4988 1161 5048 ira,
1180 4989 1276 5039 iterum
1294 4986 1412 5038 dicim«
1435 4985 1486 5035 Per
1507 4983 1643 5036 mirabilia
1665 4987 1735 5037 Dei!

51 5059 113 5111 serii
135 5071 259 5109 causas:
281 5057 377 5123 quibus
404 5057 495 5120 finitis,
522 5058 579 5108 sine
603 5055 662 5106 utta
689 5058 870 5108 controuersia
917 5057 1060 5120 iotsimime
1083 5071 1175 5123 sperem
1199 5057 1268 5123 quod
1291 5058 1330 5107 iia
1353 5069 1413 5107 sum
1439 5054 1524 5114 isim,
1541 5060 1569 5106 ut
1585 5054 1662 5106 aelim
1684 5056 1733 5107 tibi

52 5130 153 5183 reuersi
163 5134 227 5182 suni
241 5129 322 5194 iegati
336 5132 373 5179 aa
392 5129 527 5179 dominum
539 5141 625 5178 suum.
647 5128 736 5179 Comes
758 5129 870 5181 audiens
918 5128 985 5181 dors
1002 5127 1134 5180 abbatiam
1148 5143 1239 5179 meam.
1255 5147 1269 5175 s
1283 5128 1315 5179 iit
1337 5126 1450 5190 illapsus
1471 5126 1500 5175 in
1519 5124 1616 5185 verbu,
1630 5131 1660 5178 ui
1676 5140 1732 5179 mos

50 5213 210 5267 responsum
232 5199 361 5257 Arusini,
385 5198 519 5263 obstupuit
541 5198 576 5248 ad
605 5197 777 5263 prudentiam
806 5200 867 5251 uiri.
918 5204 976 5250 erat
1000 5198 1024 5249 si
1046 5199 1154 5264 quondo
1177 5198 1352 5258 irascebatur,
1376 5196 1498 5261 quamuis
1518 5208 1593 5253 raro,
1617 5197 1731 5249 nimium

52 5271 170 5338 Cumque
193 5270 248 5321 isac
267 5269 305 5320 ad
327 5270 449 5320 notitiam
476 5268 667 5320 monachorum
690 5269 837 5333 uenissent;
852 5307 867 5320 ..
918 5269 1086 5335 reprobraoit
1108 5270 1224 5321 comitem
1242 5273 1350 5333 propter
1372 5267 1442 5318 banc
1454 5280 1518 5318 rem.
1532 5266 1622 5318 Comes
1642 5267 1734 5319 iridens

50 5343 141 5394 decem
166 5340 307 5393 liebertum
327 5341 485 5404 semissanter
507 5340 642 5399 adierunt,
663 5341 740 5405 eique
759 5354 870 5392 oausam
917 5353 993 5392 saum
1009 5340 1122 5390 studium
1142 5340 1171 5388 in
1189 5339 1237 5390 bac
1258 5354 1288 5390 rs
1308 5341 1369 5402 sors
1388 5339 1629 5397 uacuum‚omnino
1643 5339 1732 5391 resili-

50 5414 241 5465 istimacersmt
255 5425 305 5476 pro
320 5417 523 5477 quaoensrani.
542 5412 660 5476 Cumque
676 5412 733 5462 ιιιιι
750 5411 802 5463 bec
814 5427 869 5463 ou-
917 5413 955 5462 aii
975 5408 1009 5460 ab
1029 5423 1075 5475 spe
1096 5424 1157 5469 sua,
1180 5415 1204 5461 et
1227 5424 1281 5462 non
1300 5416 1358 5476 posi
1378 5409 1472 5462 mutos
1496 5411 1562 5467 diss,
1579 5409 1635 5460 dua
1657 5424 1731 5475 rspe-

49 5485 135 5546 disset,
155 5485 201 5535 ira
223 5489 373 5543 commotus,
397 5497 496 5548 magna
518 5497 580 5535 uoce
599 5483 692 5534 dicit:
712 5500 725 5530 ι
748 5484 798 5533 Psr
818 5481 869 5533 mi·
918 5483 959 5532 iiii
981 5485 1095 5531 castrum
1115 5494 1193 5532 suum
1217 5486 1240 5532 st
1261 5481 1293 5533 de
1317 5494 1398 5532 manu
1419 5480 1521 5533 comitis
1541 5480 1660 5541 abstulit,
1679 5483 1732 5533 lio-

50 5556 148 5607 rebiiio
168 5554 233 5607 liei!
250 5554 314 5620 qaid
334 5560 370 5606 esi
386 5551 456 5606 boo?
476 5556 537 5617 Qua
550 5554 657 5605 insania
670 5558 707 5605 ssi
722 5566 804 5617 quam
819 5566 869 5604 au·
917 5551 1040 5616 parioque
1060 5550 1092 5602 de
1105 5550 1247 5614 desolacio
1265 5551 1386 5612 tradidit,
1409 5552 1457 5617 qui
1477 5551 1647 5603 hereditario
1666 5552 1732 5615 jars

49 5626 111 5678 dio?
134 5626 196 5678 Vult
217 5638 301 5678 comes
323 5624 441 5677 biellsmi
461 5625 527 5676 miii
546 5623 656 5686 auferre
678 5637 761 5674 mam
783 5623 867 5674 abbo·
916 5620 985 5671 illud
998 5621 1160 5686 requirebat.
1182 5624 1213 5673 iit
1228 5622 1291 5673 inde
1308 5622 1441 5674 sesamis
1455 5620 1572 5673 Ecclesia
1591 5633 1682 5686 pacem
1700 5620 1734 5671 de

49 5698 123 5758 ιιιιιι,
136 5694 215 5749 illam
237 5697 328 5760 utique
338 5709 421 5760 quarn
441 5708 522 5760 super
534 5709 621 5747 omma
640 5694 732 5760 diligo,
747 5693 804 5744 euti
821 5695 869 5744 ists
917 5691 967 5743 iac
981 5705 1011 5743 rs
1024 5691 1126 5744 babuit.

51 5768 165 5823 traditor
175 5767 245 5820 mibi
261 5766 437 5821 subtraberet
455 5767 505 5818 Per
522 5765 659 5818 mirabilia
683 5766 747 5818 Dei!
765 5763 797 5817 ds
815 5764 867 5817 do-
1175 5764 1245 5817 Dom
1259 5764 1411 5828 Bouqunn,
1423 5763 1475 5815 lib.
1486 5762 1663 5828 irrupisti.
