3750 6046
153 221 219 279 {stt
845 227 984 284 cuntant
1003 228 1036 283 lv
1055 229 1150 289 PAPAE
1771 234 1838 289 1372

188 348 249 417 Ego
265 345 375 401 imarus
388 344 563 403 Tuscrrlanas
577 346 736 420 episcopus.
982 351 1115 437 Aeidem
1128 353 1265 424 Ecclesia,
1283 371 1346 428 quae
1360 360 1417 410 tarn
1432 372 1483 427 pro
1506 359 1555 410 tua
1577 372 1664 428 quam
1678 371 1733 426 pro
1749 370 1835 410 cunc·

188 442 247 512 Ego
264 442 346 512 llugo
362 440 498 497 Ostiensis
511 441 671 513 episcopus.
1021 452 1113 503 tarum
1128 450 1217 505 salute
1230 449 1359 505 fidelium
1372 449 1492 519 laborat,
1514 449 1629 505 assidue
1653 453 1679 505 te
1695 449 1836 505 devotum

189 535 249 606 Ego
264 534 561 591 CenciusPorlnensis
576 542 604 591 et
624 539 651 593 S.
669 537 780 593 liuilnse
803 539 966 613 episeopus.
1019 547 1047 597 et
1070 542 1228 614 subjectum
1250 544 1351 599 debeas
1366 543 1511 610 exhibere,
1526 546 1554 599 et
1576 543 1611 599 de
1633 543 1695 615 ejus
1722 559 1838 616 semper

188 630 248 700 Ego
263 629 417 701 Gregorius
430 629 592 686 sabinensis
607 631 765 703 episcopus.
1019 636 1127 692 bonore
1142 643 1227 709 atque
1249 638 1377 706 utilitate,
1397 637 1471 692 sieut
1494 637 1641 709 hucusque
1655 637 1760 693 fecisse
1773 637 1836 709 dig-

189 723 248 795 Ego
280 723 368 780 Guido
398 723 547 796 presbyter
580 724 734 781 cardinalis
764 726 840 782 tituli
873 727 969 784 Sancti
1018 732 1161 798 nosceris,
1187 732 1304 788 sollicite
1331 731 1464 805 cogitare.
1493 733 1628 803 Superest
1654 736 1783 796 autem,
1807 736 1837 786 ut

153 816 343 889 Chry⁸⁰8⁰ni·
1019 825 1126 880 bonnm
1142 826 1298 897 incoeptum
1313 826 1590 898 atquepropositum
1604 823 1837 880 italaudabilitcr

188 913 248 984 Ego
261 909 408 968 lluhaldus
428 910 578 986 presbyter
597 913 749 969 cardinalis
767 914 842 970 tituli
859 918 969 973 Sanctae
1019 920 1192 992 exsequaris,
1207 925 1238 975 ut
1258 935 1308 975 nos
1323 922 1351 975 et
1368 920 1471 974 iratres
1485 921 1585 987 nostri,
1603 919 1653 992 qui
1673 918 1789 974 bonurn
1803 917 1836 972 do

152 1005 276 1063 Sabissae·
1018 1017 1046 1069 te
1060 1014 1211 1085 perhibent
1225 1013 1608 1079 testimonium‚tldelilatem
1620 1018 1648 1068 et
1656 1011 1837 1068 devotionem

187 1101 246 1172 Ego
259 1098 407 1155 aribertus
419 1099 568 1173 presbyter
581 1101 733 1157 cardinalis
759 1103 834 1158 tituli
856 1104 969 1160 Sancta
1019 1113 1098 1162 tuam
1111 1108 1172 1179 ipso
1186 1108 1225 1162 rel
1240 1106 1343 1163 effectu
1355 1107 1496 1179 possimus
1506 1108 1654 1162 evidenter
1663 1121 1834 1179 agnoscere.

38 1222 41 1227 ·
153 1194 317 1251 Assflslsssiae·
1019 1204 1052 1258 Et
1072 1201 1135 1258 ideo
1150 1202 1292 1257 dilectioni
1308 1207 1364 1258 tuae
1377 1218 1429 1273 per
1448 1202 1602 1273 apostolica
1622 1201 1731 1272 scriptu
1755 1217 1834 1255 man·

190 1289 248 1360 Ego
262 1288 420 1345 Bernerdus
439 1289 588 1361 presbyter
607 1289 763 1346 cardinalis
777 1291 851 1347 tituli
873 1293 969 1349 Sancti
1019 1295 1119 1351 damus
1133 1299 1162 1351 et
1175 1296 1360 1351 exhortamur
1371 1295 1400 1350 in
1421 1296 1552 1366 Domino,
1566 1299 1710 1368 quatenus
1731 1295 1833 1350 Rorna-

152 1382 319 1439 Glemenlis·
1018 1406 1085 1445 nam
1108 1390 1271 1458 Ecclesiam,
1286 1389 1332 1444 cui
1354 1406 1472 1446 ornnem
1497 1389 1692 1445 obedientiam
1709 1389 1796 1445 debes
1810 1395 1835 1445 et

189 1477 247 1550 Ego
260 1476 428 1533 Octavianus
442 1477 592 1552 presbyter
605 1477 758 1534 cardinalis
771 1480 845 1536 tituli
860 1481 968 1538 Sancta
1018 1483 1223 1555 subjectionem
1245 1483 1424 1555 impendere,
1446 1483 1525 1539 omni
1547 1482 1703 1538 conamine
1724 1483 1835 1538 studeas

154 1574 282 1631 Cseeilioe.
1018 1578 1171 1646 honorare,
1186 1583 1214 1633 et
1228 1578 1263 1632 ad
1286 1579 1347 1650 ejus
1370 1577 1523 1633 utilitatem
1536 1583 1621 1648 etque
1645 1576 1795 1632 servitium
1809 1579 1835 1631 te

188 1670 248 1741 Ego
270 1670 401 1726 astaldus
422 1670 573 1744 presbyter
586 1670 738 1727 cardinalis
761 1670 832 1726 tituli
856 1672 967 1729 Sauctoe
1020 1688 1076 1726 non
1089 1672 1202 1727 dubites
1216 1672 1465 1745 promptissimum
1486 1670 1632 1727 exhibere.
1647 1672 1771 1726 iuventa
1787 1671 1835 1726 ita·

152 1762 266 1820 Priscae.
978 1739 1073 1838 Bque
1098 1766 1151 1821 hae
1176 1771 1336 1838 temporum
1365 1765 1586 1837 opportunitate,
1599 1764 1678 1836 apud
1702 1764 1834 1820 dilectum

188 1859 247 1930 Ego
278 1860 402 1915 loannes
435 1859 585 1932 presbyter
617 1860 769 1916 cardinalis
803 1866 966 1917 sanctorum
1017 1860 1106 1914 sslirrm
1131 1866 1259 1915 nostrum
1285 1860 1465 1916 Frederlcum
1481 1858 1618 1914 illustrem
1632 1859 1832 1914 Romanorum

152 1953 266 2008 loannis
280 1958 308 2007 et
322 1952 401 2008 Pauli
414 1954 490 2008 tituli
504 1954 688 2010 pammachii.
1017 1970 1129 2027 regem,
1145 1953 1185 2009 ita
1205 1953 1300 2009 eidem
1324 1953 1453 2010 aeclesia
1472 1952 1609 2007 sollicitus
1627 1953 1665 2007 sis
1693 1952 1833 2018 assistere,

190 2047 249 2118 Ego
265 2046 401 2102 lleriricus
422 2047 571 2120 presbyter
583 2048 736 2103 cardinalis
749 2049 822 2105 tituli
848 2049 965 2105 Sancto·
1017 2051 1046 2105 et
1070 2048 1109 2104 ita
1134 2064 1198 2103 cam
1223 2047 1275 2102 sibi
1297 2047 1409 2102 assidue
1434 2046 1646 2112 commendere,
1665 2051 1755 2118 atque
1768 2061 1833 2100 cum

153 2139 313 2197 immiteret
328 2144 357 2195 et
371 2141 503 2197 Achillei.
1017 2141 1078 2214 ipso
1101 2142 1135 2197 de
1159 2141 1220 2213 ejus
1248 2140 1367 2196 utilitate
1393 2146 1420 2196 et
1448 2140 1626 2195 incremento
1648 2143 1786 2209 tractare,
1806 2145 1835 2194 ut

190 2237 250 2307 Ego
263 2236 388 2291 loannes
402 2235 784 2308 presbytercandinalistituli
798 2238 967 2294 Sanctorum
1018 2236 1118 2291 cadem
1142 2239 1235 2292 meter
1260 2241 1309 2289 tua
1337 2237 1364 2289 te
1391 2236 1539 2306 specialem
1562 2239 1590 2288 et
1617 2234 1833 2289 devotissimum

153 2329 278 2385 Silvestri
293 2335 322 2385 et
333 2329 456 2385 Martini.
1017 2329 1109 2385 fillum
1136 2329 1195 2401 ipso
1223 2330 1264 2384 rei
1291 2329 1393 2384 ellectu
1422 2331 1552 2400 patenter
1573 2331 1725 2399 agnoscat,
1752 2330 1781 2382 et
1804 2332 1834 2382 tu

188 2424 248 2495 Ego
258 2424 349 2480 Guido
361 2424 497 2480 dlaconus
510 2424 658 2481 cardinalis
667 2424 739 2480 tituli
750 2427 860 2482 Sanctae
872 2426 967 2482 liariae
1017 2424 1181 2496 apostolica
1204 2424 1278 2479 sedis
1293 2422 1440 2493 auxilium,
1456 2425 1597 2494 melenus
1612 2421 1665 2477 tibi
1680 2421 1770 2476 fuerit
1783 2437 1833 2493 op·

152 2517 183 2573 in
197 2517 318 2574 Portica.
1016 2524 1184 2591 portunum,
1199 2534 1265 2573 cum
1290 2518 1393 2589 mejeri
1410 2517 1513 2571 fiducie
1535 2516 1642 2571 debeas
1664 2515 1830 2587 implorare.

189 2615 248 2685 Ego
277 2614 402 2668 loannes
434 2611 569 2667 diaconus
605 2611 758 2668 cardinalis
794 2611 963 2670 Sanctorum
1016 2611 1338 2670 Adhacvcnerabilem
1362 2612 1478 2666 lratrem
1501 2615 1633 2665 nostrum
1654 2609 1741 2680 c.(2)
1766 2612 1830 2665 Por·

154 2706 247 2777 Sergii
262 2712 290 2762 et
302 2706 414 2764 bacchi.
1018 2713 1148 2762 tuensem
1165 2706 1329 2777 episcopum
1344 2710 1372 2760 et
1393 2704 1510 2760 dilectos
1528 2703 1602 2759 filios
1616 2708 1733 2759 nostros
1752 2705 1781 2758 B.
1797 2708 1830 2773 (3)

188 2800 323 2872 EgoOdo
346 2800 481 2856 diaeonus
500 2800 653 2856 cardinalis
678 2802 774 2858 Sancti
801 2801 909 2857 Nicolai
933 2802 963 2857 in
1018 2800 1100 2855 titulo
1125 2800 1218 2854 Sancti
1246 2799 1410 2864 Clementis,
1433 2803 1462 2853 et
1485 2797 1518 2853 0.
1547 2797 1584 2869 ΙΙ)
1611 2798 1698 2852 tilido
1723 2798 1831 2853 Sancte

153 2911 266 2950 carcere
281 2894 419 2950 Tulliano.
1017 2894 1129 2951 Ceciliae
1154 2894 1333 2965 presbyteros
1345 2892 1512 2961 cardinales,
1526 2892 1573 2964 qui
1594 2891 1674 2962 apud
1690 2908 1829 2947 memora·

191 2990 290 3043 ilatum
306 2989 405 3044 llomm
420 2989 494 3060 apud
508 2989 642 3044 Sanctum
655 2992 768 3045 Petrum
784 3008 834 3063 per
848 3007 966 3046 manum
1017 2994 1078 3044 tnm
1101 2988 1283 3043 Fredeuicum
1305 2987 1443 3041 illustrem
1470 2987 1664 3041 Romanorum
1686 3002 1789 3057 regem
1807 2990 1831 3040 el

153 3081 276 3139 Rolandi
289 3082 317 3138 S.
333 3083 365 3137 R.
380 3083 411 3138 E.
427 3082 584 3155 presbyteri
591 3083 742 3139 cardinalis
754 3089 782 3139 et
794 3085 963 3154 cancellarii,
976 3106 1003 3182 c
1018 3081 1156 3137 mandato
1170 3084 1266 3136 nostro
1279 3079 1424 3152 legatione
1437 3078 1608 3150 funguntur,
1624 3078 1662 3133 de
1676 3079 1790 3133 honore
1805 3085 1829 3133 at

153 3191 203 3231 viu
215 3176 531 3246 Kal.lan.,indictiono
542 3194 579 3244 nr,
595 3179 802 3233 incarnationis
812 3179 965 3235 llominicee
1016 3176 1187 3232 exaltatione
1209 3174 1346 3230 llomanee
1369 3173 1501 3227 Ecclesia
1525 3178 1552 3227 et
1573 3171 1609 3227 de
1634 3173 1730 3228 salute
1754 3173 1829 3243 regui

154 3270 601 3342 aanollbl,pontil1catusvero
620 3272 718 3327 donini
739 3272 857 3328 Adriani
882 3289 966 3346 papoe
1016 3286 1081 3326 cum
1107 3285 1152 3339 eo,
1176 3274 1290 3324 auctore
1317 3267 1450 3334 Domino,
1480 3266 1638 3333 tractaturi,
1668 3267 1829 3324 discretioni

152 3363 185 3419 ΙΙΙ
200 3379 276 3420 anno
289 3364 394 3438 primo.
1016 3367 1073 3420 tue
1095 3363 1231 3419 attentius
1244 3361 1494 3432 commendamus,
1508 3364 1644 3433 rogantes
1660 3365 1692 3417 ut
1706 3376 1758 3417 eos
1772 3365 1828 3415 tau·

532 3448 576 3503 Vl·
1016 3474 1103 3531 quarn
1116 3456 1308 3528 nosmetipsos
1320 3456 1440 3512 honeste
1453 3455 1594 3528 recipere,
1608 3472 1642 3510 ac
1658 3456 1756 3511 modis
1771 3472 1828 3513 om·

150 3539 259 3596 Brachi
273 3540 470 3611 “mimmii
484 3542 764 3609 Lugdunnniosscn't
781 3563 795 3592 Ι
814 3544 965 3613 minatum
1017 3553 1099 3608 nibus
1120 3551 1235 3607 studeas
1258 3551 1408 3618 honorare,
1425 3554 1454 3605 et
1472 3549 1503 3605 in
1523 3549 1581 3605 suis
1607 3549 1829 3622 opportunitati-

186 3635 267 3691 *ΨΥ
278 3619 433 3676 Galliarum
451 3624 605 3691 PT⁰¹¹¹⁴⁷²⁶²⁸⁰⁸
622 3638 628 3676 ²
645 3623 858 3691 iulidu'lffliim'
870 3624 967 3679 3⁰⁸h0‘
1016 3647 1069 3703 bus
1083 3647 1124 3702 eis
1136 3645 1291 3701 honorilice
1306 3643 1467 3716 providere.
1481 3643 1508 3700 Si
1521 3643 1599 3698 enim
1613 3647 1742 3700 matrem
1757 3651 1831 3699 tuam

187 3712 349 3767 mopemem,
366 3703 545 3757 turonensem
557 3720 590 3759 oc
611 3702 799 3765 Senonensem,
813 3725 828 3752 a
842 3707 867 3758 ct
878 3704 967 3759 Eccle-

186 3781 234 3834 siae
248 3779 305 3848 ejus
319 3780 388 3835 bonu
400 3784 550 3850 confirmet.

302 3873 421 3943 (Romae,
435 3890 482 3945 ap.
497 3877 524 3931 S.
540 3876 667 3945 Petrum,
682 3878 744 3931 [lec.
759 3877 816 3953 tte}

153 3963 292 4038 [Prtmutr'c
304 3967 337 4021 de
359 3968 446 4037 Lyca,
462 3968 583 4023 seconde
597 3970 725 4041 requbte.
746 3972 790 4024 ΡΙ.
810 3987 838 4041 p.
854 3973 882 4039 6,
896 3974 966 4026 teste

279 4060 452 4133 brequigny,
470 4063 552 4118 Tolle
566 4064 669 4133 coron,
687 4065 733 4133 ill,
748 4064 823 4135 m]

533 4175 588 4229 Vll.

155 4264 281 4321 Wtboldo
296 4266 446 4324 corbeiensi
459 4268 552 4323 oblati
564 4270 731 4325 commendet
752 4271 828 4340 opud
843 4272 962 4341 impera-

189 4350 328 4402 toremm
340 4348 461 4403 Ecclesm
472 4350 601 4404 ltomonae
613 4354 638 4404 ct
651 4364 713 4406 suos
724 4351 824 4421 legatos
835 4367 897 4406 cum
908 4354 965 4422 ipso

188 4430 359 4483 tractaturos.

293 4520 413 4591 (llomae,
429 4537 476 4592 ap.
493 4521 522 4577 S.
536 4521 662 4590 Petrum,
678 4524 741 4578 Dec.
758 4524 813 4594 ΙΙΙ.)
974 4480 1003 4553 D
1325 4469 1518 4604 ANNO-llbb.

273 4611 417 4686 [maran.,
446 4615 539 4686 Ampl.
563 4614 685 4685 Collect,
711 4617 744 4683 ll,
771 4618 844 4689 ssa]

183 4722 324 4777 Annianus
341 4721 503 4793 episcopus,
519 4738 616 4783 servus
629 4738 776 4778 servorum
788 4724 846 4792 liei,
862 4723 964 4780 dilecto

149 4814 208 4869 lilio
239 4815 401 4871 Corbeieusi
431 4815 536 4882 abbati,
568 4817 690 4871 salutem
723 4821 750 4871 et
781 4818 965 4887 apostolicam

1015 3741 1109 3813 ipsam
1140 3741 1301 3795 itomanam
1329 3738 1481 3795 Ecclesiam
1505 3738 1729 3810 recognoveris,
1757 3744 1785 3794 et
1808 3738 1831 3793 ei

1016 3834 1158 3890 studueris
1168 3833 1296 3889 debitum
1305 3832 1450 3889 servitium
1462 3837 1490 3887 et
1499 3831 1643 3887 honorem
1654 3832 1829 3904 impendere,

1016 3931 1076 4001 ipsa
1092 3944 1205 4000 quoque
1222 3933 1248 3982 te
1265 3943 1348 3982 suum
1362 3927 1512 3996 specialem
1532 3925 1624 3981 lilium
1638 3929 1828 3999 recognoscet,

1016 4027 1044 4079 te
1057 4021 1169 4077 curabit
1181 4021 1210 4076 in
1225 4021 1281 4077 tuis
1296 4020 1531 4093 postulationibus
1544 4019 1667 4075 celerius
1678 4025 1710 4076 et
1725 4020 1830 4076 facilius

1016 4116 1164 4172 exaudire.

1050 4213 1119 4267 llatu
1132 4212 1229 4267 Roma
1240 4209 1315 4282 apud
1335 4211 1470 4266 Sanctum
1488 4210 1616 4278 Petrum,
1626 4226 1665 4265 iv.
1680 4210 1744 4266 llal.
1759 4208 1829 4266 lunii

1018 4304 1079 4379 llcp.
1093 4304 1242 4376 lanuariil.

1390 4667 1459 4723 vul.

1015 4776 1124 4834 Clcrtcr‘s
1133 4782 1158 4831 et
1172 4777 1249 4831 luicis
1261 4776 1375 4830 eccleis
1386 4774 1416 4830 S.
1434 4774 1505 4829 Petri
1516 4773 1550 4828 de
1563 4775 1655 4828 Monte
1667 4777 1829 4846 precipitat

1052 4878 1065 4906 a
1086 4873 1146 4911 cum
1169 4856 1354 4926 superpellicio
1378 4857 1404 4909 ct
1427 4856 1521 4926 cuppis
1545 4857 1634 4922 satyris
1653 4856 1782 4910 ordtrrrm
1801 4858 1829 4910 n.

148 4906 393 4964 benedictorem.
1051 4938 1202 5006 nitrosum
1216 4952 1232 4988 a
1249 4937 1375 5006 patena
1396 4935 1559 5005 temporebus
1572 4936 1603 4989 sn
1616 4950 1712 4991 eornm
1724 4937 1829 4991 ecclesa

185 5002 367 5057 [levationem
391 5019 423 5058 ac
445 5002 648 5071 reverentiam,
665 5020 752 5074 quam
776 5010 965 5060 sacrosanctae
1049 5017 1206 5070 institutum
1217 5014 1488 5084 firmiterobsemrent
1505 5034 1518 5062 n

148 5095 283 5151 llomanre
298 5096 429 5151 Ecclesiae
452 5097 536 5151 matri
556 5100 612 5150 ture
632 5097 767 5151 hactenus
787 5097 964 5168 impendisti,

151 5193 180 5243 et
208 5205 260 5244 nos
287 5189 341 5259 ipsi
369 5189 578 5261 cognoscimus,
602 5194 632 5244 et
656 5191 760 5245 fratres
787 5191 886 5258 nostri,
916 5193 964 5263 qui

148 5281 259 5353 plenius
280 5286 397 5353 nomnt,
417 5283 501 5339 nobis
524 5283 635 5355 plenius
659 5285 830 5341 retulerunt.
853 5285 964 5341 Conve-

35 5408 38 5415 ·
147 5374 231 5430 niens
257 5375 391 5448 equidem
418 5383 460 5433 est
488 5384 516 5433 et
546 5389 773 5434 consentaneum
797 5378 908 5445 rationi,
935 5382 967 5434 ut
1050 5386 1203 5450 Annianus,
1227 5382 1387 5455 episcopus,
1411 5399 1508 5439 servus
1529 5399 1681 5440 servorum
1706 5384 1769 5455 Dei,
1790 5384 1831 5441 di·

1177 5140 1294 5209 (llomoe,
1308 5156 1355 5211 ap.
1370 5138 1399 5194 S.
1414 5141 1539 5207 Petrum,
1555 5140 1620 5194 lan.
1632 5140 1673 5209 t.)

1078 5244 1123 5316 [ll.
1137 5244 1256 5313 Cannar,
1272 5246 1343 5300 Eiet.
1354 5244 1388 5300 dc
1400 5245 1541 5307 Muciae,
1554 5259 1586 5312 n,
1600 5245 1647 5299 Pr.
1663 5262 1693 5316 p.
1705 5244 1780 5317 33η

174 5511 370 5579 (poenarum,
387 5515 435 5581 qut
448 5515 571 5582 primum
585 5515 620 5567 ab
634 5515 760 5583 augerio
772 5516 810 5568 111
822 5515 967 5582 presbyter
1034 5538 1086 5577 ura
1104 5522 1247 5585 donatum,
1263 5526 1291 5575 el
1307 5522 1342 5575 ab
1356 5522 1461 5585 {eodem
1484 5525 1513 5575 ct
1535 5520 1571 5574 ab
1594 5522 1722 5577 nummo
1741 5525 1834 5577 multu

130 5584 288 5637 cardinalis
309 5586 338 5641 S.
361 5587 510 5642 humaui
521 5590 550 5643 ln
571 5588 691 5650 Lucina,
705 5587 807 5643 deinde
820 5588 968 5656 episeopus
1015 5538 1202 5653 iigntionibus
1213 5587 1377 5651 deputatum
1390 5584 1425 5637 ad
1436 5584 1611 5637 Frlderlcum
1625 5587 1832 5653 tmperatorern.

116 5656 291 5711 Portuensr's
301 5658 340 5711 ab
352 5660 511 5719 Anastasio
526 5664 565 5719 ΙΙ
577 5669 694 5719 creatus
708 5668 761 5719 est.
1054 5661 1091 5724 ut
1109 5658 1295 5711 mamm
1312 5658 1402 5721 btlmo
1424 5657 1576 5709 diffluum
1600 5656 1787 5724 wtllmlttm.
1800 5658 1833 5711 ab

139 5728 181 5793 (3)
205 5730 413 5799 Bernarduur,
440 5749 476 5790 ex
503 5739 648 5795 canonico
676 5739 804 5809 regulari
813 5736 988 5794 Lucenalet
1030 5725 1761 5797 innocentioundenusauugemspreeayternm
1776 5744 1832 5787 ces-

86 5799 198 5865 prlore
209 5800 434 5871 brunnensis
444 5815 636 5889 moneatertt,
652 5814 693 5873 ab
703 5814 845 5891 ttugento
858 5812 902 5873 tlt
923 5824 995 5885 pur·
1045 5804 1174 5862 dualem
1180 5800 1214 5857 b·
1224 5797 1342 5853 Emitte
1354 5798 1487 5849 amm·
