3750 6046
93 206 145 269 699
773 211 932 270 cuneatur
953 208 1081 269 virttis
1719 212 1768 270 70⁰

89 331 114 388 et
137 333 196 389 tota
212 331 379 391 redderetur
388 353 397 407 ;
417 352 509 409 noque
524 353 629 408 comes,
648 335 702 393 nisi
721 314 903 392 Buamundus
913 341 982 423 Aet
996 301 1279 392 montaneamnimis
1293 334 1380 391 altam
1394 332 1600 408 precipitando
1624 338 1767 392 transcen·

87 441 136 483 eos
159 427 352 484 comitaretur.
369 430 466 485 Comes
489 430 611 487 Marcam
625 435 667 485 est
688 446 827 499 reversus,
852 429 902 485 ubi
952 429 1066 499 derunt,
1079 432 1109 484 ιι
1126 430 1232 485 iterum
1245 429 1276 485 io
1296 429 1400 485 vallem
1414 428 1531 486 uberem
1548 428 1769 498 descenderunt,

86 519 265 577 Christianus
285 522 361 579 fame
380 523 590 596 periclitabatur
608 524 758 580 exercitus.
774 524 902 579 Tandem
953 524 1001 580 ubi
1026 541 1063 580 ιι
1084 523 1144 578 (ιιιι
1168 523 1352 595 quieverunt.
1380 523 1487 579 Deinde
1512 522 1677 595 proximum
1700 522 1770 579 valli

87 613 174 669 corde
190 620 387 688 compunctus,
400 617 496 672 aninlo
507 634 558 672 suo
569 617 726 674 liberaliter
739 617 902 673 dominatus
952 619 1097 674 castellum
1122 618 1342 674 Sarracenorum
1365 616 1484 673 viriliter
1502 617 1612 690 agressi
1635 620 1713 689 eunt,
1741 623 1773 674 ιι

88 711 140 776 ιιι,
160 712 188 764 ιι
208 714 239 765 ιι
253 710 304 765 [ιιι
320 711 459 766 militibus
481 712 651 779 consuleret,
676 711 805 767 euudiin
825 712 903 767 Jeru-
952 727 1051 768 revera
1064 711 1133 768 illud
1148 709 1324 782 devicissent,
1341 710 1395 765 nisi
1417 711 1537 784 gentiles
1560 710 1731 767 animalium
1744 714 1773 768 et

88 801 176 857 salem
195 802 249 858 iter
266 819 417 876 aggressus
438 808 489 860 est.
513 805 670 877 Praeposuit
688 804 764 860 enim
789 820 903 860 causam
948 805 1148 878 jumentorum
1169 810 1198 860 ιι
1219 820 1354 876 pecorum
1377 820 1478 877 greges
1507 803 1585 860 foras
1607 804 1771 877 ejecissent;

88 893 140 950 Dei
155 911 213 951 suae
226 897 374 964 voluntati,
388 898 430 953 vel
443 897 567 953 utilitati.
582 898 831 970 Summaquidem
846 898 901 952 rir-
953 915 1018 972 que
1040 898 1189 956 Christiani
1205 898 1394 970 diripuerunt,
1410 901 1439 954 et
1458 897 1499 954 sic
1515 898 1551 954 ad
1572 897 1698 955 tentoria
1723 915 1773 954 sua

88 991 135 1044 tus
148 995 190 1044 est
203 991 232 1044 in
253 990 439 1062 principibus,
463 991 486 1046 si
512 992 563 1047 sibi
587 992 639 1064 ipsi
659 992 854 1048 dominentur.
871 993 904 1047 In
953 993 1047 1049 onusti
1061 992 1157 1064 preda
1169 992 1275 1048 reversi
1297 997 1372 1048 suot.
1396 991 1504 1064 Pagani
1528 995 1629 1048 autem
1647 991 1771 1047 nimium

89 1080 209 1138 ducibus
222 1083 301 1138 enim
315 1083 404 1139 nimia
416 1084 569 1142 obstinatio
579 1085 759 1141 subditorum
775 1085 904 1141 omnium
953 1085 1095 1158 perterriti
1123 1091 1207 1141 noctu
1246 1088 1436 1153 secesserunt,
1468 1088 1497 1141 et
1524 1084 1625 1141 Franci
1653 1100 1772 1158 crepus-

89 1177 132 1230 est
144 1176 322 1247 periclitatio.
346 1178 500 1250 Imperavit
515 1179 602 1251 igitur
614 1195 708 1235 comes
721 1178 773 1234 sibi
789 1179 854 1251 ipsi,
868 1195 904 1235 ne
953 1180 1016 1236 culo
1030 1178 1086 1234 dier
1094 1179 1241 1235 castellum
1251 1178 1417 1235 hominibus
1426 1194 1548 1235 vacuum
1555 1177 1680 1251 ingressi
1692 1182 1772 1234 sunt.

90 1269 169 1324 omni
183 1271 522 1328 noceretChristianitati.
544 1272 685 1328 llaodavit
699 1277 795 1328 autem
815 1271 905 1328 homi·
989 1272 1029 1328 lbi
1050 1272 1254 1328 abundantiam
1273 1271 1411 1327 trementi
1434 1270 1540 1327 etvini
1566 1273 1596 1328 ιι
1620 1270 1723 1327 tannae
1745 1276 1773 1328 et

88 1360 173 1417 nibus
190 1363 247 1418 suis
270 1370 302 1420 ut
324 1365 461 1437 palatium
481 1365 605 1422 Cassiani
618 1366 727 1422 curiose
746 1366 903 1422 munirent.
954 1365 1370 1437 hordei,oteiquerepereruot,
1382 1367 1412 1421 et
1424 1363 1774 1421 Puritimtiouemsanctve

88 1455 181 1511 Exivit
203 1458 294 1513 iterra
313 1458 378 1514 ldus
398 1459 526 1514 ianuarii
554 1458 656 1533 trenel,
672 1459 756 1515 nudis
771 1458 903 1531 pedibus,
954 1459 1045 1516 ttariae
1059 1458 1243 1514 devotissime
1258 1457 1481 1515 celebraverunt.
1496 1457 1597 1514 lbirex
1607 1457 1646 1514 de
1659 1458 1775 1515 Camala

90 1553 119 1605 et
130 1550 289 1622 peregrinis
303 1551 353 1606 Dei
368 1552 566 1623 coagulavitse
580 1555 762 1624 spontaneus.
778 1554 833 1607 lloc
847 1553 903 1624 sig·
954 1552 1066 1608 civitate
1084 1550 1248 1607 consulibus
1259 1568 1311 1624 per
1330 1551 1446 1608 nuntios
1466 1567 1533 1608 suos
1554 1551 1637 1624 larga
1654 1551 1772 1607 donaria

90 1647 161 1698 num
193 1649 329 1716 susceptae
358 1644 596 1717 peregrinationis
621 1646 787 1701 humiliatus
810 1662 905 1702 eomes
955 1646 1041 1715 misit,
1063 1661 1219 1718 pacemque
1244 1661 1324 1700 suam
1352 1644 1514 1701 christianis
1542 1644 1658 1716 obtulit,
1681 1661 1772 1717 spon-

91 1730 223 1787 osteudil.
238 1732 359 1788 Grandis
371 1733 466 1807 itaque
484 1734 512 1788 in
530 1734 634 1806 populo
648 1734 698 1789 Dei
716 1735 813 1790 laetitia
830 1716 942 1790 ιιιιιΒ
954 1740 1023 1795 dens
1051 1739 1125 1810 quod
1153 1754 1300 1811 nunquam
1328 1737 1502 1795 Christianos
1524 1736 1698 1806 offenderet,
1712 1739 1772 1794 imo

91 1827 144 1892 est,
166 1827 195 1880 et
225 1825 280 1880 dur
297 1827 493 1895 Normanniae,
514 1827 758 1900 proficiscentibus
779 1827 844 1897 illis,
868 1828 904 1882 ed
953 1831 1086 1904 diligeret
1100 1848 1133 1886 ac
1147 1832 1310 1899 honoraret,
1325 1829 1625 1888 tantumChristianus
1648 1831 1774 1903 populus

90 1917 233 1974 civitatem
253 1920 431 1992 caphardam
452 1921 601 1992 adjunctus
618 1926 670 1977 est.
689 1921 728 1976 lbi
749 1926 807 1976 tres
827 1921 905 1993 quie·
954 1926 984 1980 in
997 1925 1103 1981 bonum
1116 1925 1141 1980 ei
1157 1925 1292 1980 talionem
1305 1924 1486 1979 retribueret.
1503 1925 1559 1978 Rex
1581 1939 1698 1998 quoque
1712 1923 1772 1979 Tri·

90 2019 192 2067 rerunt
205 2012 275 2079 dies,
287 2018 315 2068 et
327 2030 374 2068 rer
387 2015 522 2069 Caesareae
542 2030 640 2086 pacem
654 2031 721 2072 cum
744 2014 905 2071 consulibus
953 2018 1027 2092 polis
1039 2019 1138 2074 decem
1150 2034 1239 2090 equos
1251 2020 1279 2072 et
1293 2018 1418 2089 quatuor
1428 2016 1518 2072 mutas
1531 2021 1560 2072 et
1581 2017 1644 2072 auri
1658 2016 1775 2089 pondus

90 2105 166 2161 fecit.
190 2106 328 2162 llultoties
352 2107 431 2162 enim
454 2108 562 2179 legatos
584 2126 648 2163 suos
673 2113 758 2164 antea
783 2110 905 2165 tdarram
953 2112 1127 2169 immensum
1151 2110 1320 2167 Christianis
1340 2109 1427 2178 misit,
1451 2116 1481 2166 et
1505 2126 1607 2183 pacem
1628 2114 1659 2166 et
1678 2111 1774 2166 ιιιιιι-

91 2198 244 2269 direxerat,
256 2201 378 2256 tirmiter
390 2201 535 2273 spondens
554 2204 631 2275 quod
646 2202 815 2258 Christianis
827 2203 903 2274 paci·
954 2206 1023 2262 tiam
1038 2205 1073 2261 ah
1087 2205 1128 2261 eis
1142 2220 1193 2278 per
1212 2205 1323 2277 legatos
1343 2204 1480 2275 poposcit.
1502 2203 1630 2260 Comites
1650 2220 1719 2260 cum
1742 2221 1775 2260 eo

90 2291 160 2348 neus
178 2301 262 2362 esset,
285 2298 314 2350 et
335 2297 425 2351 multe
449 2295 485 2351 de
506 2297 563 2351 suis
589 2296 711 2352 libenter
733 2296 903 2369 impertiret,
954 2315 1006 2355 nec
1028 2315 1129 2372 paoem
1151 2299 1363 2366 lacerantum
1384 2297 1481 2353 oblata
1503 2301 1695 2368 receperunt;
1713 2297 1773 2353 imo

91 2390 120 2443 et
138 2403 190 2460 par
208 2391 300 2444 totum
323 2405 443 2462 regnum
467 2406 551 2446 suum
573 2389 718 2461 copiosum
746 2393 905 2446 mercatum
953 2392 1123 2449 fiducialiter
1135 2393 1346 2465 responderunt
1360 2409 1366 2445 ι
1381 2393 1445 2448 llaec
1465 2392 1557 2447 omnm
1575 2406 1608 2447 ιι
1625 2397 1650 2447 ιι
1666 2393 1772 2462 respui·

91 2480 298 2554 suppeditaret,
307 2482 360 2538 uisi
373 2484 407 2539 ad
422 2500 489 2539 eum
502 2482 773 2553 exhaereditandum,
786 2484 831 2540 vel
843 2499 905 2556 reg·
953 2502 1022 2550 mus,
1036 2502 1173 2558 quousque
1186 2492 1299 2556 sotupos
1310 2487 1373 2556 fleri
1386 2464 1570 2544 Christianus.

92 2589 253 2630 numsuum
263 2575 675 2649 depopulandumFrancorum
685 2576 904 2650 genusindomi-
990 2582 1140 2653 Postquam
1154 2580 1189 2636 de
1203 2579 1273 2634 valle
1288 2578 1385 2652 opima
1403 2577 1510 2649 egressi
1529 2579 1607 2645 sunt,
1622 2576 1661 2632 ed
1678 2577 1772 2649 quod·

91 2671 153 2722 tum
168 2669 325 2726 anhelaret.
335 2671 402 2727 lude
415 2670 532 2727 ildelitas
545 2687 640 2743 arege
653 2670 820 2727 Christianis
831 2672 905 2727 facte
955 2675 1021 2732 dam
1035 2679 1158 2730 castrum
1171 2672 1288 2728 nornine
1300 2672 1394 2726 Arche
1405 2671 1591 2740 transierum,
1600 2670 1683 2742 juxta
1695 2671 1775 2743 quod

92 2763 145 2817 est.
160 2761 264 2818 Deinde
276 2764 558 2836 aCaphardaomnes
575 2765 680 2836 egressi
694 2768 770 2834 sunt,
787 2769 815 2819 et
827 2779 905 2819 secus
953 2769 1044 2843 pridie
1069 2768 1133 2823 ldus
1156 2764 1299 2821 Februarii
1325 2768 1417 2820 castre
1438 2765 1612 2820 locaverunt.
1628 2763 1774 2837 Oppidum

92 2854 210 2911 fluvium
226 2856 322 2912 Farfer
341 2874 431 2930 prope
450 2859 598 2914 cesaream
611 2858 806 2913 castrametati
828 2863 903 2914 sunt.
954 2868 1051 2918 evitem
1072 2860 1142 2916 illud
1168 2857 1374 2914 innumerabili
1399 2863 1462 2913 erat
1483 2873 1664 2929 paganorum
1687 2862 1775 2930 gente

128 2949 231 3005 videns
253 2952 350 3006 autem
373 2968 422 3007 ιιι
444 2953 563 3007 Francos
582 2968 669 3023 prope
693 2952 797 3007 urbem
823 2968 904 3006 suam
954 2954 1109 3024 munitum,
1131 2952 1255 3008 Arabum
1283 2950 1462 3024 frequentiis,
1490 2955 1519 3005 et
1536 2949 1774 3017 publicanorum,

93 3042 259 3115 hospitatos,
280 3044 468 3101 vehementer
485 3045 619 3115 indoluit,
647 3048 675 3100 ιι
697 3045 827 3101 celeriter
848 3046 905 3101 illis
959 3049 1007 3122 (ιιι
1020 3047 1176 3103 ιιιιιιιιιιι
1191 3045 1489 3102 defendebanteoutre
1501 3043 1772 3101 assultusChristia·

94 3137 155 3193 haec
168 3138 311 3194 mandavit
327 3141 410 3198 :Nisi
427 3155 530 3196 summo
545 3140 664 3195 dituculo
681 3157 698 3194 u
716 3142 835 3196 ciuitatis
847 3156 907 3196 ιιι·
958 3158 1073 3198 ιοιιιι.
1087 3139 1309 3206 Quatuordecim
1318 3138 1420 3193 milites
1434 3136 1587 3194 Christiani
1601 3153 1702 3193 versus
1711 3138 1775 3193 Tri·

95 3237 145 3288 tra
162 3233 289 3288 suburbio
313 3240 404 3288 costra
430 3239 520 3290 cestro
544 3236 719 3295 removeritis.
746 3249 792 3290 uos
818 3234 906 3302 sudus
956 3236 1055 3309 polim,
1072 3251 1136 3307 (ιιι
1149 3233 1335 3289 nonmuttum
1347 3230 1495 3287 differebat
1515 3230 1550 3286 eh
1562 3231 1703 3300 exercitu,
1718 3231 1774 3287 ive·

94 3328 192 3382 initum
203 3327 349 3391 violabitis,
368 3343 470 3399 nosque
487 3329 560 3383 uobis
581 3332 730 3383 mucetum
746 3330 907 3399 promissum
956 3335 1033 3398 runt,
1053 3333 1081 3383 ιι
1100 3326 1249 3399 sexaginta
1272 3327 1375 3380 Tereos
1398 3324 1579 3393 iurenemnt,
1595 3324 1645 3396 qui
1659 3328 1729 3380 anto
1743 3341 1773 3380 se

93 3421 250 3487 vetabimus,
267 3436 366 3492 uosque
386 3423 463 3477 uobis
483 3422 693 3493 providebimus.
717 3422 796 3477 ltane
820 3420 907 3493 igitur
957 3424 1061 3478 multos
1078 3419 1272 3476 conducebant
1291 3417 1434 3489 homines,
1454 3417 1637 3487 Sarracenos,
1661 3418 1772 3473 Arabes

93 3512 180 3583 iacto,
196 3513 268 3569 duos
280 3513 315 3569 de
328 3513 386 3569 suis
399 3514 434 3570 ad
451 3531 498 3569 eos
511 3513 623 3583 direxit,
639 3514 689 3587 qui
708 3515 771 3570 illos
788 3515 906 3570 evadare
957 3523 986 3574 ιι
1004 3517 1115 3582 Curtos,
1137 3513 1215 3568 nulle
1236 3511 1347 3568 circiter
1372 3511 1556 3584 quingentos,
1582 3514 1612 3567 et
1636 3511 1775 3567 animalia

93 3606 211 3663 fluvium
228 3608 389 3678 edocerent,
404 3611 434 3664 et
447 3609 601 3664 exercitum
613 3609 642 3664 in
658 3611 766 3665 terram
782 3609 907 3664 fertitem
957 3609 1089 3683 plurima.
1112 3608 1168 3662 ilos
1192 3605 1342 3662 Christiani
1361 3604 1545 3678 pertinaciter
1558 3604 1732 3675 invaserunt,
1745 3608 1776 3662 et

95 3701 277 3757 deducerent.
300 3704 480 3758 intraverunt
504 3704 601 3758 autem
625 3703 780 3774 quamdam
803 3703 906 3758 vallem
958 3702 1060 3759 axillis
1082 3717 1128 3756 ser
1143 3699 1317 3769 occiderunt,
1340 3715 1430 3771 equos
1442 3697 1563 3754 totidem
1580 3698 1771 3768 abstulerunt,

95 3794 224 3866 opimam
253 3800 281 3850 et
307 3794 488 3866 locupletem,
510 3795 556 3851 cui
578 3801 725 3867 supererat
749 3796 906 3862 castellum,
957 3797 1085 3867 aliosque
1101 3795 1281 3867 fugaverunt,
1296 3790 1471 3847 etanimalia
1486 3791 1670 3847 reduxerunt.
1685 3792 1773 3848 Fran·

95 3888 171 3960 quod
186 3888 331 3960 extemplo
339 3887 503 3944 consulibus
514 3888 582 3944 fecit
592 3889 781 3944 securitatem.
796 3890 908 3960 beprae·
959 3904 1059 3946 corum
1085 3886 1227 3959 siquidem
1252 3884 1424 3941 invincibilis
1443 3884 1576 3940 ferocitas
1593 3883 1735 3940 tinitimos
1747 3888 1777 3940 et

96 3981 155 4035 dati
176 3984 244 4036 sunt
261 3997 331 4053 ergo
350 3980 520 4036 animalium
541 3982 577 4037 ad
599 3981 842 4055 quinquemillia.
866 3982 907 4036 lbi
957 3981 1059 4056 procul
1083 3980 1190 4053 positos
1211 3994 1310 4035 omnes
1329 3977 1499 4034 deterrebat.
1521 3977 1721 4033 tleusetenim
1736 3977 1777 4032 sic

97 4072 182 4128 etiam
197 4072 319 4128 multum
342 4072 519 4129 diversorum
537 4075 741 4130 alimentorum
759 4077 906 4148 repertum
957 4075 1128 4148 operabatur
1148 4074 1179 4128 in
1204 4072 1271 4142 illis,
1300 4072 1349 4144 qui
1377 4087 1491 4143 semper
1518 4070 1577 4125 sois
1601 4076 1708 4143 presto
1733 4075 1777 4127 est

97 4168 149 4229 est,
169 4170 198 4222 ιι
216 4182 275 4238 pree
293 4166 424 4222 ubertate
448 4168 575 4239 gratuita
599 4171 659 4223 tota
677 4167 779 4224 Christi
805 4168 908 4224 militia
957 4168 1080 4225 athletis.
1108 4167 1164 4228 Res
1178 4165 1208 4221 in
1230 4165 1332 4222 virtute
1357 4164 1406 4221 Dei
1420 4165 1485 4220 laete
1497 4162 1628 4220 tldelibus
1642 4164 1776 4238 contigit,

95 4258 200 4316 refecta
230 4265 280 4316 est.
309 4260 471 4316 Castrenses
497 4261 584 4317 etiam
606 4261 739 4318 exercitui
767 4261 909 4318 dederunt
958 4262 1027 4318 dum
1053 4277 1100 4317 ιιι
1132 4259 1283 4317 Christiani
1310 4275 1339 4314 ιι
1369 4260 1474 4314 Τιιιοι
1501 4257 1716 4330 superaverint,
1748 4261 1777 4313 ιι

96 4354 907 4431 equos,aummquapurissimum‚multamquepecuuiam
957 4356 1102 4412 residuam
1126 4352 1340 4409 multitudinem
1359 4350 1531 4423 fugaverint,
1546 4357 1573 4406 et
1589 4350 1730 4406 animalia
1742 4367 1776 4407 ιι

96 4452 124 4502 ιι
144 4448 315 4520 juraverunt
339 4466 369 4504 se
401 4449 562 4521 peregrinis
588 4448 751 4504 nullalenus
773 4444 1227 4523 deincepsDipsorumlaucibus
1241 4444 1440 4503 abstraxerint.

95 4542 251 4611 nocituros,
275 4559 368 4615 neque
394 4542 514 4599 subinde
538 4546 695 4599 mercatum
720 4543 759 4598 eis
785 4542 909 4616 prohibi·
993 4545 1031 4599 ιιι
1046 4536 1654 4607 ιιιιιιιιιιιιιιιιιιιιιιιιιιιιι,ιιιιιιιιιιι
1667 4536 1776 4594 Ριιιιιι

97 4641 184 4692 ιιιοι.
200 4637 363 4694 hauserunt
379 4642 474 4693 autem
488 4637 527 4692 ibi
541 4637 639 4694 diebus
653 4637 791 4712 quinque.
812 4639 907 4707 Porro,
958 4642 986 4693 et
1025 4635 1200 4693 Raimundus
1231 4632 1402 4700 vicecomes,
1440 4647 1505 4687 cum
1537 4630 1680 4687 militibus
1717 4648 1775 4687 non

95 4731 162 4787 inde
191 4731 320 4805 digressi,
365 4732 400 4787 ad
433 4731 578 4803 quoddam
609 4731 736 4787 Arabum
767 4730 910 4803 applicue·
958 4730 1054 4786 multis
1076 4729 1220 4799 exierunt,
1242 4733 1271 4784 et
1289 4729 1356 4782 aute
1378 4727 1528 4782 Tortosam
1546 4724 1702 4794 civitatem,
1725 4725 1773 4780 ubi

96 4831 164 4883 runt
185 4831 319 4882 castrum.
340 4826 402 4881 tdor
425 4825 513 4898 igitur
542 4826 651 4881 castelli
686 4824 819 4881 dominus
842 4840 908 4880 curn
958 4822 1141 4881 nonmodica
1165 4820 1318 4878 multitudo
1336 4835 1517 4894 paganorum
1540 4823 1610 4889 erat,
1633 4818 1775 4876 discurre·

97 4920 138 4975 eis
157 4920 302 4978 locuturus
321 4919 416 4988 exivit,
438 4921 466 4974 ιι
489 4935 588 4990 paoem
611 4918 686 4988 lecit,
711 4934 775 4990 que
797 4917 909 4991 utrique
957 4918 1035 4974 bant.
1052 4916 1194 4987 Serojam
1208 4915 1293 4985 tacto,
1317 4914 1353 4969 ad
1371 4917 1513 4969 secretum
1528 4912 1623 4968 locum
1648 4928 1774 4969 secesse-

96 5014 171 5084 parti
198 5013 314 5084 placuit.
345 5012 582 5085 Demigreverunt
611 5012 679 5067 inde
705 5012 741 5068 ad
767 5012 908 5068 civitatem
958 5016 1035 5081 runt,
1065 5012 1094 5066 ιι
1121 5008 1288 5082 opportunis
1314 5007 1345 5063 in
1373 5007 1440 5063 loeis
1464 5009 1719 5079 pernoctaverunt,
1745 5011 1774 5063 et

97 5105 269 5177 Cephaliam,
286 5107 377 5161 muris
396 5106 621 5179 pulcherrimam
637 5111 665 5161 ιι
682 5105 815 5162 omnibus
828 5105 909 5161 bonis
959 5104 1101 5177 plurimos
1122 5103 1215 5174 ignes,
1238 5101 1321 5174 quasi
1340 5104 1417 5158 totus
1441 5099 1601 5156 advenisset
1622 5098 1773 5167 exercitus,

97 5198 272 5271 opulentam,
288 5199 318 5253 in
334 5199 406 5256 valle
419 5200 556 5272 quadam.
570 5199 649 5258 Cives
663 5204 760 5256 autem
771 5199 833 5271 ejus
848 5214 908 5271 pree
959 5197 1160 5255 ascenderunt.
1169 5194 1238 5252 Orto
1243 5195 1307 5268 jam
1317 5195 1387 5266 sole,
1403 5192 1503 5250 Franci
1515 5193 1659 5250 uturbem
1672 5208 1771 5267 eggre

96 5294 200 5350 timore
221 5295 393 5352 Francorum
424 5295 523 5352 urbem
543 5295 700 5370 pavitantes
723 5293 865 5364 exierunt,
880 5295 909 5348 et
958 5292 1097 5347 derantur
1121 5291 1331 5358 convenerunt,
1357 5303 1446 5361 quam
1463 5303 1585 5344 vacuam
1608 5286 1775 5343 hominibus

95 5388 193 5445 hortos
225 5387 347 5445 oleribus
372 5389 501 5460 relertos,
518 5388 676 5460 domosque
706 5387 907 5443 alimentorum
958 5385 1130 5442 invenerunt
1152 5383 1259 5457 ibique,
1282 5381 1410 5455 quandiu
1424 5381 1572 5437 castellum
1590 5378 1773 5450 obsidebant,

97 5484 127 5538 et
140 5499 230 5556 opum
242 5483 340 5555 plenas
363 5482 550 5556 reliquerunt,
571 5486 600 5538 ιι
620 5480 771 5537 inconsulti
792 5478 909 5551 aufuge·
957 5478 1203 5535 inhabitaverunt.

97 5581 175 5632 runt.
196 5575 348 5632 Christiani
373 5593 441 5633 vero
462 5576 638 5648 gratulanter
667 5573 798 5632 omnibus
824 5572 908 5630 bouis
993 5571 1170 5628 admiralius
1195 5569 1337 5626 Heraclea
1360 5567 1489 5637 civitatis,
1513 5582 1578 5642 quae
1602 5582 1661 5624 non
1675 5566 1775 5642 procul

96 5684 194 5725 eorum
215 5670 295 5742 potiti
310 5673 386 5742 sunt,
400 5675 429 5727 et
452 5670 511 5726 Deo
532 5669 671 5724 bonorum
687 5667 788 5736 datori,
801 5667 908 5741 gratias
958 5669 1028 5735 erat,
1042 5680 1142 5739 pacem
1154 5680 1219 5720 cum
1234 5662 1400 5720 Christianis
1413 5662 1491 5734 lacit,
1505 5665 1535 5718 et
1554 5676 1659 5718 eorum
1672 5660 1776 5719 vexilla

90 5762 405 5823 hilaresreddiderunt.
425 5764 477 5824 Die
502 5762 586 5821 tertia
605 5761 673 5820 iude
699 5765 921 5839 processerunt,
957 5760 986 5819 io
1016 5759 1088 5818 urbe
1106 5759 1225 5835 prelata
1244 5757 1361 5816 invexit.
1389 5757 1451 5816 Dux
1468 5755 1581 5815 interea
1599 5754 1776 5837 Gedehedus
