3750 6046
130 182 210 241 lete·

758 176 956 237 elseeaenn
975 177 1168 237 renarrem
1187 220 1190 225 .

1734 176 1802 233 teto

128 315 247 379 daudet,
260 312 282 366 si
295 310 357 384 quis
370 326 436 365 eum
452 310 599 378 ‚subtiliter
611 310 749 381 exploret.
775 309 831 365 Sed
852 309 941 381 quami
952 327 982 400 Α
993 309 1028 364 de
1042 310 1170 381 subjecto
1184 307 1262 364 nullo
1278 306 1417 375 redditur,
1433 309 1465 362 ut
1475 304 1597 362 Socratis
1611 304 1768 373 calvitium,
1783 310 1813 361 et

128 412 223 482 potest
236 406 336 478 ecquid
360 405 412 459 hoc
434 409 604 477 perpetuum
626 404 672 469 sit,
686 410 719 459 nt
741 405 835 458 omnis
849 404 939 458 fornia

129 501 314 574 perhibeatur
335 498 518 565 invariabilis,
538 497 667 569 alioquin
695 498 788 568 plures
808 498 942 553 videntur

127 612 188 651 esse
200 592 399 650 invariabiles?
409 594 480 647 Nam
493 596 521 647 et
534 594 648 646 oratioe
664 608 729 645 veru
741 595 899 647 commutat
912 592 941 647 in

127 691 238 755 falsam,
248 691 277 742 et
290 687 397 743 candor
407 703 423 740 e
433 685 526 741 lucido
540 686 765 741 subobscuruset
777 686 942 741 tenelnesus

128 786 173 854 eit,
197 786 225 839 et
246 782 342 853 opinio
364 780 488 835 veritatis
511 780 613 835 eodeni
635 784 664 834 et
685 780 825 835 mendacii
852 798 940 851 capax

128 883 181 933 est.
195 880 231 932 At
245 891 304 930 non
318 874 416 943 estita,
430 873 479 928 sed
489 873 646 928 candorem
657 873 715 928 dici
728 874 854 928 lucidum
871 875 941 929 nibil

129 970 209 1027 eliud
221 974 262 1026 est
281 985 368 1041 quam
390 972 512 1022 stratum
530 966 662 1022 candoris
687 966 779 1037 ipsum
795 967 849 1022 dici
871 968 940 1022 luci-

129 1066 207 1122 dum.
236 1066 304 1118 ltem
331 1078 383 1116 nec
401 1062 490 1116 oratio
520 1062 563 1115 vel
584 1061 681 1132 opinio
704 1061 852 1115 contrariis
875 1062 942 1132 ipsae

130 1156 345 1223 suntubnoxiee,
361 1155 411 1211 sed
424 1154 511 1209 verbe
524 1158 598 1209 notre
613 1154 831 1223 impressionum
841 1171 941 1210 earum

131 1257 197 1309 suut
215 1268 280 1324 quae
295 1250 324 1304 in
338 1249 435 1305 animo
449 1248 600 1303 habentur.
616 1249 720 1303 Verum
734 1249 768 1303 de
783 1250 826 1303 liis
839 1250 941 1304 alicubi

131 1347 240 1402 dictum
253 1348 305 1400 est.
320 1343 474 1399 Esscntiule
487 1344 597 1413 appello
612 1342 751 1414 quidquid
764 1359 847 1397 suum
860 1344 942 1398 rebus

131 1456 191 1497 esee
203 1440 313 1495 conlert
332 1451 501 1510 quacunque
522 1435 712 1507 compositura
730 1437 836 1507 junctis
856 1442 942 1508 atque

131 1533 260 1601 conditis,
275 1549 308 1587 er
322 1532 431 1603 maJ'ore
447 1537 539 1600 parte,
553 1530 629 1601 quod
650 1546 701 1584 nec
714 1530 811 1585 abesse
825 1531 942 1601 quidern

133 1627 287 1683 ullomodo
304 1631 404 1696 potest,
422 1628 452 1678 ut
467 1640 574 1691 seusus,
588 1623 673 1690 ratio,
698 1627 727 1678 et
739 1641 802 1695 quve
821 1628 887 1679 sunt
900 1626 943 1680 his

992 403 1109 459 urrinino
1128 402 1270 475 quidquid
1286 402 1341 457 tale
1359 417 1480 456 numero
1504 417 1594 455 unnm
1610 404 1661 455 est.
1683 400 1753 454 Aliae
1777 400 1812 453 de

991 497 1115 568 subjecto
1130 497 1324 569 predicantur
1339 501 1368 550 et
1388 495 1416 549 in
1429 494 1555 565 subjectu
1573 511 1630 548 non
1655 493 1813 563 habentur,

991 596 1024 648 ut
1036 591 1165 659 mortale,
1179 591 1329 645 rationale.
1344 592 1381 646 Ex
1402 589 1434 644 iis
1444 604 1508 661 (pirre
1525 588 1554 642 in
1565 588 1695 659 subjectu
1706 592 1773 641 sunt
1786 590 1815 641 et

992 686 1027 742 de
1042 686 1170 756 subjecto
1185 684 1241 740 dici
1256 701 1312 739 nen
1328 686 1457 755 possunt,
1471 683 1535 737 alius
1549 683 1676 748 sensiles,
1689 680 1756 737 aliae
1773 679 1815 734 in·

991 780 1120 835 sensiles.
1144 778 1266 834 Sensiles
1281 782 1496 848 vocanturque
1512 792 1597 831 sensu
1613 775 1811 847 comprehen-

992 872 1109 941 duntur,
1129 878 1163 928 ut
1183 872 1297 941 candor,
1314 872 1459 944 strepitus,
1473 869 1554 937 odor,
1570 870 1658 936 calor,
1683 868 1813 935 verbera,

992 966 1128 1033 dulcedo;
1155 965 1303 1020 insensiles
1327 980 1392 1036 qum
1415 967 1511 1019 mente
1540 962 1760 1034 percipiuntur,
1783 966 1815 1016 nt

992 1059 1156 1130 discipliuoe.
1172 1061 1242 1113 ltem
1257 1074 1433 1130 quaecunque
1449 1056 1483 1113 de
1498 1056 1624 1128 subjecto
1648 1055 1812 1127 praedican-

992 1157 1039 1208 tur
1059 1153 1166 1225 aliquo,
1193 1151 1312 1207 sensiles
1336 1150 1472 1223 appellari
1487 1167 1543 1205 non
1558 1156 1687 1221 possunt.
1711 1150 1752 1204 Ex
1770 1149 1814 1203 liis

992 1262 1056 1318 qure
1069 1244 1142 1300 dicta
1157 1251 1223 1299 sunt
1235 1247 1346 1299 constet
1358 1245 1427 1299 alias
1439 1259 1500 1298 esse
1514 1244 1622 1298 formas
1635 1258 1700 1313 quse
1713 1241 1814 1313 aliquo

992 1340 1054 1394 loeo
1068 1339 1156 1395 videri
1169 1339 1230 1393 sitae
1249 1344 1378 1409 possunt,
1400 1341 1432 1392 ut
1447 1337 1562 1408 nigritia
1578 1338 1607 1391 in
1622 1336 1725 1403 oculo;
1742 1336 1814 1390 alies

993 1433 1132 1505 ejusmodi
1145 1450 1213 1505 quas
1233 1430 1346 1487 dillvcile
1369 1430 1406 1485 sit
1419 1430 1569 1485 ostendere
1583 1429 1703 1484 ubinam
1726 1429 1812 1484 collo·

992 1532 1062 1583 cutm
1082 1527 1148 1593 sint,
1163 1525 1333 1593 utseientia,
1359 1525 1488 1592 servitus,
1512 1522 1682 1590 dominium,
1711 1522 1814 1582 relatio

992 1636 1049 1690 qua
1062 1625 1142 1690 pater
1161 1636 1220 1674 esse
1243 1618 1356 1685 dicitur,
1372 1618 1474 1673 relatio
1494 1632 1551 1689 qua
1566 1616 1662 1681 lilius3
1679 1614 1734 1669 nisi
1751 1616 1815 1687 quis

132 1721 235 1777 similia
262 1719 410 1774 continens
432 1723 461 1771 et
486 1717 650 1771 discretum.
676 1718 832 1772 Esscntiale
860 1735 943 1789 porro
954 1717 982 1788 Β
995 1713 1023 1768 in
1034 1714 1093 1784 ipsa
1107 1716 1301 1784 temperatura
1315 1711 1497 1783 gignentium
1513 1716 1541 1766 et
1554 1709 1745 1765 condentium
1760 1715 1815 1763 sta·

131 1815 211 1869 aliud
225 1810 449 1868 materimviccm
463 1810 795 1881 prrelert,aliudlorrnee;
811 1813 947 1883 quemad·
996 1811 1066 1862 tuat.
1081 1811 1185 1863 Omnes
1198 1823 1283 1878 porro
1303 1806 1404 1860 formae
1419 1822 1489 1877 quas
1515 1804 1662 1875 preterini,
1679 1803 1814 1867 solitarie,

132 1906 251 1964 modum
271 1906 300 1960 in
313 1904 430 1960 bomine
442 1903 562 1958 materia
577 1919 679 1975 corpus
692 1908 743 1970 cst,
758 1904 870 1959 animus
885 1906 945 1960 lor·
996 1901 1051 1956 hoc
1063 1904 1105 1955 est
1119 1900 1189 1954 citra
1204 1899 1384 1971 complexum
1395 1902 1424 1953 et
1436 1899 1540 1953 seriem
1553 1896 1691 1969 loquendi
1706 1912 1816 1967 repra:
1849 1958 1853 1965 ,

131 2018 189 2058 mu.
211 2000 389 2071 Quapropter
409 2005 562 2069 utrumque
584 1997 711 2052 luturum
736 1998 883 2053 essentiale
904 2004 947 2053 est
996 2000 1122 2063 senuas,
1139 1998 1279 2065 pernotus
1294 2007 1414 2065 quoequc
1427 2009 1503 2059 suas,
1518 1992 1681 2063 signilieant
1695 1990 1738 2044 vel
1753 1990 1816 2044 snb·

132 2098 161 2151 et
181 2094 295 2149 animus
315 2092 428 2163 corpori
454 2095 483 2145 et
504 2091 640 2145 rationale
663 2092 784 2145 homini.
806 2093 859 2148 Sed
886 2094 947 2148 haee
996 2088 1140 2154 struitiani,
1153 2086 1195 2142 vel
1205 2087 1345 2153 accidens,
1354 2085 1816 2157 sivesupervenievis.Eanrmquae

133 2190 164 2244 in
193 2187 267 2243 libro
297 2185 527 2241 Prwdicamentis
564 2184 656 2240 dicato
686 2186 774 2241 fusius
808 2187 948 2259 explicata
998 2181 1815 2257 superveniuntexstantibus,aliresimpliciterintrasub·

134 2286 211 2338 sunt.
998 2279 1131 2334 stantiam
1149 2282 1323 2350 spectantur,
1337 2281 1368 2333 nt
1388 2277 1473 2347 linea,
1496 2276 1671 2348 superficies,
1693 2291 1815 2346 corpns;

171 2377 190 2429 E
203 2375 304 2429 formis
314 2374 376 2428 alire
390 2390 440 2445 per
454 2376 587 2427 naturam
601 2377 679 2441 sunt,
693 2375 756 2429 eliae
770 2391 823 2447 pcr
837 2380 946 2441 artem;
997 2373 1059 2427 alive
1075 2373 1191 2426 veniunt
1205 2373 1387 2438 extrinsecus,
1400 2373 1432 2425 ut
1443 2372 1548 2439 lacere,
1566 2374 1597 2424 ut
1611 2369 1681 2440 pati,
1693 2374 1726 2422 ut
1738 2384 1815 2422 eom-

134 2470 206 2525 ratio
218 2485 270 2541 per
284 2475 416 2522 naturam
431 2473 482 2534 est,
498 2469 574 2522 color
586 2472 614 2521 et
627 2468 681 2522 alia
695 2469 825 2539 quaedam
838 2470 949 2524 allectio
999 2466 1126 2538 positum
1141 2481 1211 2533 esse,
1226 2470 1257 2519 ut
1273 2465 1331 2531 ubi,
1349 2469 1379 2518 ut
1395 2463 1522 2535 squalido,
1537 2468 1570 2518 ut
1584 2462 1701 2516 habere.
1719 2460 1816 2516 Deliis

135 2580 186 2637 per
206 2570 308 2617 artem.
331 2561 438 2632 Aliqum
454 2568 520 2615 snut
539 2561 567 2614 in
591 2561 692 2631 quibus
716 2562 882 2633 ambigitur,
898 2580 949 2635 per
999 2578 1062 2632 quae
1075 2559 1231 2614 subsistunt
1243 2575 1295 2629 per
1308 2573 1349 2627 se,
1361 2557 1523 2613 iterndebis
1535 2574 1597 2628 quar
1608 2556 1817 2627 suijsctumso

136 2664 268 2711 naturam
284 2660 379 2710 ortum
394 2656 515 2709 liulicaut
535 2673 570 2707 ari
586 2672 635 2725 per
649 2662 752 2722 artem,
769 2661 798 2710 ut
814 2657 948 2727 elligiatio
999 2660 1068 2723 luni,
1079 2658 1106 2711 in
1118 2674 1176 2729 quo
1188 2658 1327 2723 lnccntnr,
1340 2656 1512 2722 desiderant,
1524 2656 1552 2709 in
1562 2671 1647 2726 opere-
1657 2655 1735 2725 quod
1747 2655 1818 2708 Pru·-

135 2750 301 2818 sectionnm,
318 2749 364 2802 nbi
388 2750 464 2801 nulla
486 2749 658 2815 litacccssio,
680 2750 729 2803 scd
745 2749 870 2804 diductio
888 2751 950 2805 sola
1000 2752 1158 2807 dicarncnta
1183 2750 1347 2805 inscribitur
1371 2750 1545 2821 disputatum
1567 2755 1619 2816 est,
1648 2748 1684 2802 dc
1709 2747 1816 2803 cereris

134 2845 324 2916 parturimini
338 2841 470 2913 elligiatio
484 2841 598 2912 quidem
609 2844 666 2913 ipsa
680 2846 790 2897 naturae
800 2843 891 2898 fertur
902 2862 948 2898 ac·
1000 2863 1078 2900 nnnc
1093 2844 1249 2917 agendum.

136 2942 228 3008 cepta,
242 2937 291 2990 sed
308 2938 338 2988 ut
357 2952 439 2989 sensu
455 2935 627 3006 percipiatur
643 2936 696 2990 lioc
718 2937 786 2990 artis
811 2954 882 3009 opus
897 2941 948 2993 est.
1036 2940 1115 2994 Actio
1129 2939 1186 2992 sive
1203 2938 1286 2993 lectio
1299 2943 1343 2992 cel
1357 2938 1448 2992 lorma
1463 2953 1513 3008 per
1526 2952 1611 3007 quum
1624 2935 1653 2989 in
1667 2935 1818 2991 materiam

137 3032 206 3085 b'anr
227 3028 303 3100 quod
323 3031 414 3083 ferina
434 3029 559 3100 partium
578 3029 726 3100 junctione
747 3032 877 3086 coalescit
890 3032 950 3085 sinc
1000 3033 1155 3104 subjectam
1183 3031 1405 3088 denominamur
1426 3046 1512 3102 agere
1539 3031 1582 3083 vel
1605 3029 1719 3096 sacer03
1742 3029 1819 3084 verbi

139 3124 226 3179 dubio
241 3122 367 3178 consistit
379 3139 431 3193 per
443 3125 545 3191 artem,
562 3122 611 3178 sed
628 3122 688 3178 lucc
701 3126 860 3197 perspicua,
881 3080 988 3180 illndC
1003 3128 1112 3198 gratia:
1137 3126 1185 3198 qni
1206 3132 1289 3187 secet,
1306 3126 1335 3180 in
1352 3140 1385 3179 co
1405 3125 1481 3196 quod
1503 3131 1591 3191 secat,
1613 3122 1818 3177 denominatur

137 3217 263 3290 spissius.
280 3216 412 3289 Nunquid
426 3216 529 3271 ferinae
544 3216 601 3271 illa
621 3234 684 3289 quus
698 3220 802 3274 versari
819 3218 952 3273 dicuntur
1002 3236 1109 3275 secure.
1124 3220 1202 3276 Aetio
1216 3219 1271 3273 ulia
1285 3219 1410 3289 corporis
1423 3234 1483 3273 esse
1493 3216 1605 3281 dicitur,
1623 3216 1677 3270 alia
1694 3216 1818 3287 pertinet

138 3310 167 3366 in
181 3310 310 3383 pluribus
325 3326 377 3381 per
390 3314 527 3365 naturam
542 3310 660 3366 existere
674 3312 837 3377 videantur,
851 3330 888 3366 an
902 3329 953 3384 per
1002 3314 1037 3369 ad
1052 3314 1190 3369 animum.
1206 3314 1302 3368 ltillert
1317 3313 1378 3367 lnce
1392 3312 1426 3366 ub
1440 3311 1498 3380 illu,
1512 3310 1589 3381 quod
1603 3310 1677 3365 actio
1690 3309 1817 3380 corporis

139 3405 323 3461 artemtl'er
336 3410 427 3458 artem
447 3419 505 3458 nou
519 3407 646 3475 possunt,
661 3422 726 3460 curn
747 3406 951 3460 nnllaessevi·
1002 3407 1162 3463 necessarie
1189 3413 1284 3462 ureret
1306 3407 1400 3479 ipsum
1415 3421 1518 3476 corpus
1530 3405 1560 3459 iu
1581 3419 1638 3477 quo
1666 3406 1718 3471 est,
1740 3402 1818 3457 idem

140 3497 393 3568 deaturactioqua
407 3498 494 3568 possit
508 3499 542 3552 ad
555 3498 679 3553 sormam
699 3500 728 3553 in
742 3500 870 3571 pluribus
885 3518 951 3554 con-
1002 3501 1079 3557 enirn
1105 3518 1208 3572 corpus
1232 3503 1261 3554 et
1286 3516 1374 3573 agens
1398 3503 1440 3554 est
1471 3504 1500 3553 et
1523 3497 1646 3565 mobile;
1671 3496 1721 3550 sed
1744 3492 1818 3551 actio

139 3592 267 3647 stitutum
277 3592 434 3661 attingerc3
450 3598 644 3664 pernutnranr
655 3593 862 3663 iionvieentur,
877 3594 959 3668 quod·
1002 3595 1090 3649 arrimi
1104 3596 1163 3649 sive
1185 3594 1293 3648 iunctio
1307 3610 1363 3647 non
1377 3593 1431 3647 hoc
1453 3597 1552 3647 movet
1566 3590 1596 3646 in
1610 3606 1667 3661 quo
1682 3595 1726 3644 est
1746 3588 1819 3661 ipsa,

140 3702 175 3741 ea
187 3701 250 3757 qua
258 3702 309 3756 per
325 3691 457 3740 naturam
470 3685 634 3741 efficiuntur
646 3685 681 3741 ub
690 3686 783 3759 aliqua
799 3688 955 3743 recondita
1004 3686 1054 3742 sed
1067 3688 1261 3757 conjunctum.
1277 3686 1346 3741 Nam
1357 3687 1480 3754 animus,
1501 3684 1571 3741 dum
1584 3684 1653 3755 egit,
1668 3684 1821 3754 quiescens

142 3782 171 3833 et
191 3784 284 3834 creata
297 3778 469 3850 principium
490 3795 611 3850 coepere.
634 3783 666 3834 At
681 3796 746 3834 vero
765 3780 889 3835 conditae
909 3797 954 3835 res
1004 3786 1046 3837 est
1065 3785 1094 3836 et
1107 3781 1272 3849 immobilis,
1288 3785 1317 3835 et
1331 3796 1496 3853 quanquam
1510 3783 1607 3833 movet
1618 3777 1742 3831 subinde
1757 3794 1819 3831 cor-

141 3889 198 3927 non
220 3879 295 3940 sunt,
313 3873 456 3927 necenim
480 3873 656 3944 potestratio
672 3874 728 3927 ulla
744 3875 827 3929 reddi
850 3891 953 3947 quaru-
1004 3893 1071 3949 pus,
1098 3877 1157 3947 ipsc
1184 3880 1297 3943 tamen,
1321 3879 1352 3929 ut
1373 3874 1445 3941 dixi,
1471 3875 1619 3945 permanet
1646 3870 1819 3940 immobilis3

141 3968 239 4022 obrem
255 3966 312 4021 sint
325 3966 498 4036 hujusmodi.
515 3970 558 4020 An
573 3973 676 4020 natura
689 3974 729 4021 est
743 3970 802 4039 ipsa
816 3986 879 4039 qna·
895 3970 953 4024 lor·
1004 3970 1238 4042 quandoquidem
1249 3986 1299 4023 nec
1313 3986 1364 4041 per
1378 3970 1482 4035 lecum,
1494 3983 1547 4022 nec
1558 3983 1609 4038 per
1617 3967 1708 4021 aliurn
1721 3981 1822 4037 quem·

142 4060 275 4115 masilias
292 4059 417 4126 molitur,
434 4061 622 4131 imperspicue
638 4060 765 4116 videlicet
779 4066 808 4115 ct
820 4063 927 4117 occulte
940 4066 954 4118 ‘l
1004 4064 1045 4119 vis
1060 4069 1168 4119 mutum
1189 4064 1302 4118 errimus
1321 4063 1423 4134 agitari
1436 4061 1572 4127 cernitur,
1589 4060 1642 4115 nisi
1657 4060 1735 4132 quod
1748 4060 1820 4115 alte-

142 4154 213 4208 Nem
230 4152 474 4223 quenadmodum
495 4155 624 4219 partibus
645 4155 804 4226 conjunctis
826 4155 955 4227 pluribus
1004 4159 1097 4214 rescit.
1112 4162 1148 4212 lic
1159 4158 1284 4230 primum
1296 4156 1415 4229 quidem
1430 4171 1523 4227 neque
1535 4153 1820 4209 motumsentitaue-

141 4246 308 4302 universitas
324 4247 457 4317 quaedum
471 4247 626 4319 consurgit,
648 4265 710 4319 quse
724 4249 954 4321 magnitudinem
1006 4252 1100 4314 tionis,
1111 4268 1205 4324 neque
1216 4250 1392 4319 minutionis,
1408 4266 1500 4321 neque
1515 4247 1668 4303 delationis
1676 4264 1729 4319 per
1738 4248 1820 4313 loca3

140 4341 228 4412 pertis
243 4340 380 4411 cujusque
403 4344 525 4412 superat,
547 4342 584 4396 ita
608 4343 774 4414 cusingulis
798 4361 953 4415 quaeseor-
1005 4347 1082 4401 locus
1112 4346 1190 4401 enini
1219 4362 1323 4416 corpus
1344 4348 1402 4413 est,
1423 4343 1522 4398 anima
1547 4359 1648 4413 corpns
1671 4358 1730 4397 nou
1759 4345 1819 4411 est;

142 4451 205 4491 snm
219 4435 362 4491 habentur
382 4452 438 4490 nna
452 4435 583 4506 quaedam
604 4436 697 4492 lorma
719 4436 879 4509 concipitur
891 4451 994 4524 rpiioel)
1006 4440 1084 4512 qnod
1098 4444 1195 4495 autem
1219 4456 1275 4494 non
1290 4439 1325 4495 sit
1340 4454 1453 4510 corpus,
1474 4438 1522 4510 qui
1538 4440 1628 4508 potest
1646 4435 1755 4492 moveri
1771 4452 1823 4510 per

142 4530 240 4585 omnia
253 4530 300 4583 illa
310 4530 390 4600 qnasi
405 4529 495 4584 ambit
507 4535 535 4584 et
543 4531 744 4601 prvedicatione
757 4549 805 4586 sua
814 4533 935 4587 transilit
946 4549 953 4601 ;

141 4639 197 4696 quo
218 4624 249 4677 lit
273 4628 302 4676 ut
327 4623 522 4678 universalitas
543 4642 559 4678 a
581 4631 685 4679 natura
707 4630 826 4695 constet,
847 4626 954 4697 qnippe

140 4733 203 4789 quae
217 4718 336 4787 prodeat
349 4735 366 4770 a
381 4717 510 4788 singulis,
526 4724 555 4771 et
570 4718 629 4789 ipsa
644 4719 692 4787 (sie
706 4719 838 4789 dixerim)
854 4720 953 4790 singu-

139 4811 235 4865 laritas
248 4810 403 4865 conditurae
417 4812 523 4882 pariter
535 4812 648 4866 incedat
665 4818 749 4883 atque
761 4820 909 4885 congruat.
925 4814 954 4869 Si

139 4905 203 4977 quis
222 4921 288 4959 vero
312 4904 441 4976 diligenti
464 4906 617 4961 subtilitate
644 4907 670 4960 id
697 4907 800 4977 erigat,
829 4907 955 4963 inveniet

139 4999 385 5070 quemadmodum
402 5002 502 5053 natura
524 5000 596 5053 vires
612 5018 676 5055 snas
698 5008 809 5056 exercet
822 5002 851 5056 in
865 4973 954 5057 aclio-

139 5093 225 5146 nibus
246 5095 320 5147 clani
344 5093 433 5161 nobis,
459 5097 488 5147 et
514 5094 690 5148 conditorem
711 5101 819 5149 naturae
841 5113 904 5151 suas
926 5096 955 5151 iu

139 5184 199 5257 ipsu
211 5194 313 5241 natura
328 5202 472 5258 promere,
488 5186 517 5241 id
528 5187 605 5259 quod
620 5191 799 5260 exoperibus
814 5191 956 5261 cognosci-

137 5281 195 5345 tur,
215 5280 451 5353 quandoquidem
474 5286 607 5336 naturam
631 5283 690 5353 ipse
723 5300 845 5338 numero
874 5291 954 5340 certo

139 5374 240 5428 sanxit.
256 5376 398 5429 llactcnus
413 5376 448 5429 de
476 5376 530 5443 liis,
545 5392 669 5449 narnque
696 5378 814 5433 alterius
834 5378 955 5433 instituti

139 5470 216 5523 suut.
242 5468 343 5523 forma
367 5468 500 5541 qaedam
522 5470 552 5525 in
574 5470 701 5542 subjecto
716 5476 767 5541 est,
785 5475 815 5528 et
836 5471 871 5527 de
886 5473 954 5529 sub-

122 5561 207 5632 jecto
214 5561 417 5633 predicetur:
436 5566 467 5619 ut
476 5563 606 5638 scientia,
625 5582 690 5639 quoe
707 5570 769 5622 tum
781 5567 813 5623 in
825 5566 954 5640 subjecto

111 5652 278 5711 collocatur
301 5657 424 5729 anime;
451 5662 515 5719 turn
545 5661 581 5721 de
607 5662 741 5739 subjecto
768 5662 959 5741 predicatur,

1005 4535 1128 4606 corpnst
1142 4534 1320 4605 Quapropter
1330 4533 1424 4587 auirna
1435 4532 1513 4586 nulla
1524 4538 1638 4603 estquae
1651 4533 1767 4586 venture
1781 4532 1822 4585 lo·

1005 4646 1069 4684 euru
1084 4646 1118 4683 ex
1141 4628 1204 4683 loco
1219 4628 1323 4699 possit;
1341 4628 1431 4681 solum
1447 4626 1524 4681 enirn
1541 4641 1644 4696 eorpus
1665 4624 1702 4678 de
1718 4626 1783 4679 loco
1794 4626 1823 4679 in

1004 4725 1096 4778 locum
1111 4727 1252 4779 ureretur.
1269 4722 1347 4776 llicat
1362 4721 1461 4792 aliquis
1478 4739 1484 4772 :
1505 4720 1602 4774 Nonne
1618 4719 1743 4789 speculis
1757 4736 1821 4774 rna-

1005 4818 1149 4884 nentibus,
1164 4815 1339 4887 respondens
1354 4814 1428 4869 iniis
1441 4815 1537 4884 imago
1547 4819 1689 4867 commeat
1701 4811 1823 4867 adverso

1004 4912 1123 4983 obJectm
1136 4910 1179 4965 rei
1193 4911 1295 4966 motu?
1310 4912 1364 4963 Aut
1378 4909 1465 4981 igitur
1477 4907 1550 4962 sumi
1564 4907 1683 4978 quaetio
1696 4923 1755 4961 nen
1771 4924 1821 4979 po·

1004 5006 1081 5077 terit,
1104 5006 1275 5076 simulatque
1289 5005 1430 5059 fateamur
1443 5003 1600 5073 imaginem
1620 5018 1685 5073 quae
1699 5018 1822 5074 compa·

1004 5106 1059 5169 ret,
1075 5100 1161 5154 etiarn
1176 5115 1272 5153 revera
1288 5099 1315 5153 in
1331 5097 1445 5170 speculo
1470 5097 1635 5162 consistere,
1658 5099 1709 5150 aut
1727 5098 1752 5151 si
1769 5098 1823 5151 hoc

1005 5211 1153 5267 negemus,
1181 5209 1261 5249 error
1282 5193 1368 5263 vulgo
1391 5191 1577 5247 intolerabilis
1600 5190 1821 5246 exstiturusest.

1004 5289 1096 5343 Etiam
1114 5287 1138 5343 si
1154 5288 1333 5343 counnodius
1346 5285 1475 5341 luterum
1491 5286 1537 5349 sit,
1553 5285 1594 5339 ita
1608 5285 1716 5340 dicere.
1731 5287 1822 5343 Caete-

1004 5399 1071 5439 rnrn
1092 5382 1163 5439 scire
1184 5386 1297 5455 oportet
1310 5382 1337 5435 in
1352 5380 1464 5436 actione
1479 5396 1539 5435 esse
1559 5378 1701 5450 quidquid
1717 5379 1823 5451 ubique

1003 5478 1034 5532 in
1048 5482 1129 5533 motu
1139 5480 1200 5546 est;
1216 5475 1286 5531 nihil
1298 5475 1377 5532 enim
1391 5473 1470 5530 aliud
1482 5477 1525 5529 est
1540 5474 1652 5529 moveri
1665 5488 1755 5547 quem
1774 5490 1822 5529 ec-

1005 5571 1054 5627 tio.
1069 5569 1193 5627 Proinde
1207 5568 1346 5645 quidquid
1357 5572 1489 5626 moretur
1503 5568 1595 5624 obiter
1615 5584 1730 5643 quoque
1751 5568 1822 5642 agit,

1005 5682 1078 5725 nam
1089 5670 1120 5723 et
1130 5665 1224 5723 omnis
1236 5665 1310 5722 actio
1324 5664 1355 5721 iu
1368 5666 1449 5720 motu
1464 5668 1518 5735 est,
1531 5666 1560 5721 et
1572 5662 1668 5719 omnis
1682 5670 1779 5721 motus
1791 5664 1821 5719 iu

87 5750 308 5815 pristinarios.
332 5754 481 5823 Quaedam
503 5760 536 5819 in
553 5762 689 5839 subjecto
707 5773 751 5823 est
766 5764 901 5841 quidem,
916 5764 970 5823 sed
1019 5764 1137 5823 actione
1147 5760 1260 5837 peditus
1275 5758 1761 5831 isaiviqimuncencaprupuum
1774 5774 1820 5817 ⁸⁰·
