3750 6046
415 205 569 269 lttst'bttlu
589 200 856 269 tlccutlstus'tlca.
872 238 907 251 -
924 202 1010 266 PARS
1026 210 1071 266 ΙΙΙ.
1086 240 1120 251 -
1133 206 1196 267 llil.
1217 205 1263 265 XI.
1628 214 1681 273 aba

81 339 112 392 in
133 336 280 406 Braeuprlio
299 334 377 398 dicit,
394 340 477 406 prout
495 352 594 407 scupea
612 337 739 407 sophistis
758 352 809 390 aa·
821 347 850 420 Α
861 350 941 389 cram
956 334 1083 390 oltlcium
1098 334 1160 406 jam
1180 334 1314 390 inchoare
1329 336 1424 403 vellet,
1437 332 1487 391 sed
1505 343 1680 395 conuentum

78 430 184 487 duobus
202 430 319 485 dominis
333 446 351 483 a
365 444 393 484 se
412 430 626 501 discrepantibus
639 430 747 501 placide
762 431 809 496 ta·
862 427 950 501 plebis
965 432 994 485 et
1007 427 1123 483 tanrilioe
1138 428 1214 501 ragis
1229 428 1371 500 patientur
1383 434 1569 503 exspectaret,
1583 432 1678 489 basili-

72 528 105 593 ri,
121 526 201 580 unius
215 524 316 578 ditioni
328 529 440 594 peropto
455 525 618 594 mancipari,
634 539 678 587 nc,
698 525 811 593 peminis
861 539 923 578 cam
945 521 1039 579 archis
1063 522 1231 595 pagensium
1262 539 1327 579 cum
1353 523 1435 579 variis
1457 525 1627 581 utensilibus
1651 530 1680 583 el

72 624 137 675 atus
150 619 293 689 obsequiis,
310 621 405 672 neutro
417 620 626 687 possimpratus
640 617 743 673 lierberi.
758 620 809 674 lle·
861 616 1030 672 multimoda
1060 616 1230 689 supellectili
1262 623 1429 690 occupatam
1461 620 1623 690 perspexit,
1651 622 1680 676 et

72 719 90 768 ct
104 712 197 768 ducem
216 711 308 780 dilipo.
325 712 411 767 Arabo
430 715 501 766 enim
519 717 584 767 sunt
599 712 652 781 tilii
670 713 740 781 repis
760 711 809 766 do·
861 711 945 783 longo
957 710 1074 765 trahens
1092 726 1158 765 cum
1176 726 1297 766 maerore
1310 709 1442 783 suspiria,
1454 712 1526 784 regi,
1542 712 1592 785 qui
1610 713 1679 769 satis

79 809 143 869 mci,
163 811 189 861 et
206 805 297 861 ambos
317 811 416 875 appeto
430 806 571 873 uenereeri3
591 804 704 860 sedani
724 806 809 859 borni-
860 803 1008 860 humiliter
1022 804 1097 859 inter
1114 804 1196 858 cistas
1213 804 1384 859 rusticorum
1404 804 1433 861 in
1453 805 1510 861 imo
1528 806 1588 862 loco
1601 807 1679 863 sedo·

94 902 209 969 famarm,
231 902 317 969 douc,
343 905 374 954 ut
394 899 512 962 domino,
537 898 661 969 lapeeliler
683 900 809 955 sermm.
860 898 909 953 bat
924 914 989 954 cum
1006 897 1175 970 quibusdam
1192 897 1343 970 magnalis,
1358 897 1451 954 dixit:

72 993 179 1049 dictum
206 992 331 1048 liberalis
355 991 407 1046 viri
433 991 566 1047 omnibus
589 992 704 1064 placuit.
730 991 809 1047 Tunc
895 994 1021 1049 Omnium
1037 992 1118 1047 corda
1138 992 1258 1061 tidelium
1278 993 1373 1048 muita
1395 993 1487 1062 lupera
1505 994 1611 1058 debent,
1629 996 1680 1066 qui

72 1092 155 1143 erius
168 1087 223 1141 dux
237 1086 331 1159 ipsum
345 1087 407 1158 regi
422 1102 473 1158 per
488 1102 605 1142 tuncrum
618 1086 754 1158 porrexit,
767 1088 805 1156 el,
859 1090 960 1143 sanctae
985 1088 1083 1141 matris
1108 1086 1233 1142 Ecclesia
1260 1086 1500 1151 conculcationem,
1527 1094 1679 1160 mestaque

86 1198 156 1255 pacc
175 1181 250 1237 inter
270 1182 383 1247 tratres,
402 1186 468 1236 anto
489 1180 612 1236 hiemem
634 1196 680 1235 ccx
700 1180 730 1235 in
752 1184 808 1236 An·
855 1181 945 1251 plebis
962 1180 1138 1248 dejectionem
1152 1180 1255 1235 uideret.
1274 1181 1340 1235 ane
1358 1182 1426 1236 salis
1443 1187 1559 1252 apparet
1579 1184 1610 1238 in
1629 1184 1679 1239 baa

72 1294 79 1332 ι
94 1274 241 1331 remearit.
257 1276 318 1330 linx
334 1275 429 1330 vesani
442 1274 592 1346 praedones
606 1290 740 1346 guerram
755 1274 809 1330 ite·
859 1275 937 1330 domo
954 1273 1028 1344 quod
1043 1273 1235 1329 miserabiliter
1247 1274 1430 1345 depopulatur
1446 1274 1620 1331 Constantini
1632 1293 1675 1333 re·

72 1372 103 1433 il,
129 1374 158 1424 el
180 1368 319 1441 quidquid
343 1385 391 1423 rcx
417 1385 449 1423 ac
473 1368 584 1441 patricii
612 1385 663 1441 pra
686 1368 809 1440 regionis
859 1369 919 1439 pio!
933 1369 989 1423 lma
1009 1372 1066 1423 lota
1078 1368 1258 1430 Nmmanuia,
1271 1370 1398 1439 maternis
1411 1369 1523 1425 subdita
1536 1370 1675 1440 praedoni·

72 1464 138 1520 nuni
153 1464 244 1519 salute
265 1463 481 1529 constituerant,
503 1465 612 1517 temere
632 1460 808 1533 praevaricati
860 1463 918 1525 bus,
933 1465 1031 1519 rectore
1048 1466 1121 1517 caret
1135 1461 1240 1517 idoneo.
1257 1463 1355 1517 llomus
1369 1464 1501 1518 creationis
1518 1463 1583 1519 olim
1602 1465 1678 1519 dicta

97 1557 258 1613 Radbertus
284 1556 362 1612 euim
386 1557 421 1612 de
452 1555 581 1625 belismo,
609 1555 695 1628 regis,
721 1571 806 1627 quem
858 1561 897 1611 est
914 1555 1026 1611 bassilica
1045 1556 1103 1617 Dei,
1118 1570 1202 1625 quam
1219 1570 1290 1610 nnnc
1305 1557 1416 1625 potestis
1435 1572 1542 1613 carnem
1561 1560 1679 1629 turpiter

72 1653 134 1708 liter
150 1650 259 1718 oderat,
275 1650 413 1724 profectui
428 1649 513 1705 nimis
526 1649 666 1717 inridens,
687 1649 807 1705 contris·
858 1650 998 1719 impletam
1010 1648 1338 1720 immundasupellectili;
1350 1649 1567 1720 studeamque
1579 1651 1677 1707 solum·

90 1750 144 1813 est,
166 1753 194 1800 ct
216 1761 281 1800 cum
303 1744 465 1813 Guillclmo,
489 1747 593 1816 nepote
616 1760 677 1811 suo,
699 1726 936 1798 llorito-Bmoao
954 1742 1051 1797 alirino
1068 1748 1240 1797 sacramanta
1257 1743 1353 1798 debent
1369 1746 1476 1814 peragi,
1490 1759 1542 1813 pro
1559 1747 1676 1816 pentima

89 1839 207 1908 comite,
222 1841 251 1894 ct
270 1838 400 1893 omatibus
420 1838 492 1908 aliis,
513 1854 584 1909 quos
603 1838 737 1893 seducere
757 1854 809 1909 po·
853 1838 926 1906 justi
935 1837 1094 1904 defensoris,
1107 1838 1185 1903 lecolo
1199 1842 1239 1892 est
1253 1838 1383 1907 apottnca
1392 1838 1500 1908 populi.
1515 1837 1678 1895 Convenim-

72 1978 80 2004 ,
110 1934 204 2005 regias
231 1932 355 1988 lautores
381 1932 455 1988 bello
484 1946 585 2003 urgere
611 1936 730 1986 conatus
755 1936 808 1986 est.
860 1936 898 1986 tes
913 1936 1048 2001 nequeam
1062 1934 1216 1986 aculeatam
1230 1946 1319 1999 panna
1336 1937 1489 1987 reverenter
1502 1934 1614 2001 flectus,
1628 1948 1677 1989 nec

91 2027 258 2101 pestilentes
280 2026 422 2098 indigenae
440 2026 503 2097 ptus
521 2042 607 2098 quam
630 2025 684 2080 dici
706 2031 808 2097 potest,
858 2008 1053 2080 delectabiliter
1065 2029 1091 2080 et
1103 2024 1206 2087 deuote,
1221 2024 1349 2093 uideret,
1363 2025 1563 2082 antedininam
1575 2026 1674 2096 majer-

72 2123 100 2177 ti
123 2126 200 2177 sunl.
220 2121 282 2175 lltox
304 2120 428 2175 cudibus
450 2122 479 2174 et
501 2118 607 2192 rapinis
633 2118 807 2191 provinciam
860 2123 942 2174 tatem
961 2123 1062 2181 ostiara,
1080 2134 1129 2189 pro
1148 2118 1314 2174 multimodis
1329 2119 1475 2190 speciebus,
1489 2136 1558 2191 quas
1575 2123 1676 2177 inertas

75 2217 218 2283 laverunt,
240 2214 386 2287 ruptisque
402 2214 506 2285 prauis
528 2216 557 2268 et
577 2213 741 2268 hominibus
760 2230 807 2268 oc·
858 2212 957 2281 artigas
968 2213 1019 2267 leuc
1037 2214 1066 2267 in
1084 2212 1194 2268 domurn
1208 2214 1314 2268 Domini
1327 2212 1453 2277 eontulit,
1468 2228 1518 2284 pro
1532 2215 1676 2270 melanto·

87 2310 187 2366 donros
209 2309 314 2381 passim
339 2311 603 2363 concremaverunt.
625 2307 721 2364 Coloni
743 2323 808 2364 raro
857 2321 920 2361 rum
939 2308 1041 2362 timore.
1057 2306 1219 2362 Presidium
1236 2310 1329 2376 itaque
1348 2307 1426 2376 uulgi
1438 2308 1516 2375 taeta
1536 2313 1574 2363 cst
1593 2308 1677 2364 mela·

73 2403 210 2459 uxoribus
222 2406 251 2458 ct
266 2401 363 2458 liberis
384 2401 412 2456 in
428 2401 527 2457 Gallias
546 2401 692 2472 fugerunt,
715 2404 744 2456 at
762 2401 807 2456 in·
858 2401 909 2468 sia,
923 2402 1049 2471 momnis
1063 2414 1110 2455 neo
1125 2401 1155 2455 iu
1172 2402 1232 2469 ipsa
1249 2402 1284 2455 sit
1298 2402 1324 2455 ei
1335 2402 1464 2456 securitas
1474 2402 1606 2472 palectu.
1622 2404 1678 2459 Hoc

72 2514 94 2553 es
113 2513 255 2553 aerrrmuas
269 2497 298 2551 in
318 2497 416 2552 exsilio
432 2496 558 2568 perpessi
572 2501 646 2551 sunt.
660 2495 707 2551 Sic
722 2495 807 2550 nimi·
858 2496 927 2549 enim
950 2495 979 2548 in
1003 2508 1086 2558 anno,
1110 2493 1263 2550 Radbertus
1287 2493 1321 2549 do
1343 2495 1455 2551 Belisme
1480 2495 1618 2551 meusium
1642 2495 1677 2551 de

72 2591 236 2658 Narmauni,
254 2591 303 2662 qui
319 2607 348 2645 sc
367 2590 475 2661 anglos
493 2595 522 2645 et
539 2590 646 2661 ltpulos
665 2589 763 2645 vicisse
779 2589 808 2645 in
860 2590 989 2650 Tornaco,
1007 2590 1037 2642 ia
1058 2602 1117 2643 mea
1138 2589 1239 2643 scilicet
1261 2587 1376 2651 diacon,
1397 2591 1586 2652 conaemauit,
1604 2592 1678 2645 etin

72 2685 183 2741 sedibus
198 2684 405 2757 gloriabantur,
422 2700 498 2739 nunc
514 2683 649 2755 lergnlrrcs
668 2687 697 2739 et
713 2683 807 2738 miseri
858 2682 951 2737 eadem
972 2696 1022 2738 xcv
1041 2683 1189 2752 promiscui
1209 2695 1288 2737 secus
1309 2682 1428 2737 homines
1449 2685 1593 2739 caelineit.
1614 2686 1676 2740 aaa

72 2780 103 2834 :is
125 2780 154 2834 in
174 2779 248 2834 arr-is
273 2778 440 2833 laborabant
465 2785 493 2832 cl
517 2777 759 2833 lamentabantur.
777 2779 807 2833 ln
858 2791 964 2846 pemeus
983 2778 1012 2831 in
1034 2781 1176 2845 conspectu
1195 2777 1245 2830 Dei
1261 2776 1358 2831 recolo.
1374 2777 1437 2831 liae
1455 2779 1548 2838 etiam,
1568 2777 1677 2833 domino

72 2892 80 2928 s
97 2890 164 2929 vcro
184 2873 251 2941 suis,
267 2873 325 2945 qui,
341 2873 447 2927 cultore
458 2875 597 2938 carentes,
611 2871 638 2926 in
656 2872 808 2928 solitudine
857 2885 916 2932 rea,
932 2869 992 2925 ideo
1004 2871 1034 2924 in
1053 2869 1164 2924 «sumbus
1182 2870 1237 2925 tuis
1252 2874 1404 2931 enarrant
1421 2871 1528 2925 (animm
1542 2875 1606 2926 tuus
1620 2870 1678 2927 acle

72 2967 202 3034 oburitur,
216 2966 312 3022 cardui
328 2971 355 3021 et
369 2966 476 3033 urtica,
496 2981 561 3020 crim
582 2964 643 3020 aliis
658 2965 809 3020 inutilibus
859 2966 906 3019 liei
923 2963 1098 3025 accendatur,
1115 2968 1140 3018 et
1151 2963 1264 3019 Plriaees
1277 2964 1381 3035 (Num,
1395 2979 1457 3032 xxv,
1475 2963 1503 3032 7)
1517 2969 1599 3034 atque
1615 2965 1676 3019 lla·

72 3080 94 3131 s,
122 3059 217 3116 omnin
245 3060 402 3131 replebant,
429 3059 608 3130 nimiumque
635 3059 806 3131 multiplica·
818 3100 845 3175 C
859 3058 975 3112 tbeiticm
994 3058 1013 3126 (l
1036 3057 1136 3120 liacb„
1157 3073 1188 3123 u,
1207 3056 1265 3126 it),
1285 3058 1397 3129 eiusque
1413 3059 1484 3128 tilios
1504 3060 1611 3113 imitari
1630 3073 1677 3114 co·

72 3172 103 3211 rr.
858 3156 946 3205 netur.
967 3150 1048 3207 liaud
1067 3152 1156 3220 monis
1175 3152 1205 3205 in
1224 3153 1331 3206 nomine
1352 3154 1461 3207 domim
1481 3167 1602 3220 ecanae,
1623 3168 1677 3223 pa·

74 3268 196 3324 Ecclesiae
215 3268 411 3321 tribulationes.
425 3266 500 3322 Serto
513 3266 648 3333 Serpicusis
669 3266 808 3336 episcopus
858 3249 963 3299 imm
984 3244 1168 3299 immittit
1185 3245 1305 3314 filimi&
1326 3244 1419 3315 illuit⁸⁰
1442 3245 1492 3301 ²5⁶5
1512 3248 1676 3311 ”admittite

72 3349 174 3403 oricum
190 3362 277 3416 repom
292 3352 316 3401 ct
331 3346 390 3414 ejus
403 3360 522 3416 procem
547 3345 585 3399 ad
603 3345 714 3400 barbam
726 3351 751 3400 et
762 3360 806 3400 oa-
858 3344 884 3393 et
903 3338 937 3393 dc
955 3354 1038 3393 mairiu
1056 3340 1231 3409 pessimorum
1249 3341 1352 3394 assitam
1371 3341 1573 3410 possesionem,
1592 3354 1678 3411 popu·

72 3428 108 3483 los
123 3427 271 3482 tondendos
285 3429 393 3482 incitat.
859 3432 966 3503 tumque
988 3434 1039 3487 Dei
1058 3447 1130 3487 erue.
1154 3434 1251 3487 Frater
1271 3434 1371 3503 quippe
1393 3437 1457 3488 tuus
1480 3435 1677 3491 Nonnanniam

73 3547 106 3586 er
133 3529 192 3584 hac
217 3534 314 3584 salicta
336 3529 457 3583 Ecclesia
473 3527 809 3600 vehementeropprime·
857 3542 911 3581 non
932 3525 1062 3596 possidet,
1086 3541 1133 3580 nec
1155 3531 1187 3580 ut
1209 3526 1269 3581 dua
1292 3528 1469 3596 principatur
1489 3527 1591 3597 populo
1618 3540 1676 3597 sue,

72 3640 88 3692 ·,
102 3629 142 3693 et,
159 3622 227 3677 darm
244 3623 346 3677 lunera
370 3621 611 3694 innocua-prolis,
642 3620 808 3691 irreparabi·
858 3636 937 3690 quem
961 3634 1010 3691 per
1034 3619 1207 3673 rectitudinis
1233 3620 1328 3674 calum
1354 3619 1451 3675 ducere
1477 3619 1603 3687 deberet3
1630 3618 1679 3677 sed

74 3716 366 3772 eruinasanimarum
379 3715 543 3787 frequenter
556 3715 805 3787 contemplaretur,
856 3715 970 3784 sepultis
996 3719 1093 3784 torpet,
1118 3719 1200 3783 atque
1227 3713 1368 3770 (titillelmo
1392 3712 1426 3768 de
1452 3713 1624 3770 Conuersana
1650 3718 1678 3771 et

72 3812 90 3867 is
103 3826 168 3867 cum
194 3808 281 3865 corde
297 3809 375 3881 puris
389 3808 531 3877 manibus,
559 3810 702 3880 Sponsum
712 3824 806 3875 suum,
857 3808 966 3878 llrrponi
979 3808 1012 3863 dc
1025 3810 1158 3870 Nouemto,
1172 3809 1221 3878 aui
1232 3808 1395 3878 ltertliamapo
1406 3808 1548 3879 praesidet,
1564 3814 1590 3864 el
1603 3808 1676 3865 liun-

72 3905 145 3961 :oelis
159 3904 304 3976 praesidet,
318 3921 349 3958 uc
364 3903 498 3957 nuntium
517 3902 621 3958 suimet
633 3901 806 3975 deprecaba-
858 3903 941 3968 lreria,
965 3904 1056 3974 nepoti
1079 3902 1149 3971 ejus,
1172 3903 1288 3972 aliaque
1307 3902 1429 3972 indipuis
1451 3903 1581 3972 subjacet.
1604 3903 1677 3961 Pron

86 3997 289 4069 Lacrymabilis
311 3998 439 4069 planctus
465 3996 596 4067 lugubris
624 3995 807 4052 Normanuioe
857 3996 948 4051 domet
963 3995 1030 4067 quin
1044 3998 1138 4065 magni
1153 3995 1268 4052 ducatus
1284 3996 1396 4053 diuinas
1411 3999 1440 4052 in
1457 4000 1539 4068 napa
1557 4004 1583 4053 ct
1597 3999 1677 4053 uani·

95 4093 201 4148 fretum
218 4091 336 4146 diffusus
361 4097 412 4159 est,
438 4094 466 4146 et
487 4090 674 4162 qereiimoniis
695 4090 805 4145 desola-
859 4090 960 4145 tatibus
980 4090 1106 4162 dissipat,
1127 4092 1185 4161 ipsc
1206 4106 1256 4162 pro
1277 4093 1393 4162 penuria
1413 4093 1496 4163 prinis
1519 4093 1556 4147 aed
1576 4106 1678 4149 aonam

72 4203 152 4243 nrex
166 4186 322 4258 sngtomm
339 4185 443 4240 accitus
458 4189 513 4248 est,
524 4184 683 4240 Ganherius
704 4184 739 4239 de
759 4185 805 4239 Al·
857 4198 941 4255 usque
957 4185 1094 4240 multoties
1109 4184 1229 4255 jejrtnat.
1247 4186 1408 4256 Plerumque
1429 4186 1463 4241 de
1484 4187 1548 4241 lecto
1569 4202 1678 4255 surpere

97 4280 146 4353 qui
173 4281 289 4336 Baiocas
304 4279 441 4347 servabat,
465 4284 493 4335 et
508 4278 663 4334 licinaldus
682 4278 717 4334 de
732 4278 804 4333 Gua·
858 4292 912 4334 non
930 4278 1022 4341 audet,
1038 4292 1085 4333 nec
1099 4294 1152 4349 pro
1166 4279 1293 4334 nuditate
1311 4281 1354 4335 sui
1371 4279 1409 4334 ad
1427 4280 1564 4335 maasiam
1584 4295 1678 4351 proee-

71 4392 91 4445 1,
103 4374 151 4448 qui
167 4374 295 4446 partibus
317 4372 397 4428 discis
419 4372 541 4439 favebat,
555 4373 659 4444 aliique
672 4372 806 4427 satellites
858 4373 922 4428 clere
937 4373 1020 4431 uertet.
1037 4374 1102 4443 quia
1117 4372 1306 4439 femoralibus,
1319 4373 1468 4443 calipisquc
1484 4378 1510 4428 et
1530 4374 1677 4430 subtolari-

87 4468 196 4525 toedera
222 4467 298 4539 pacis
311 4470 461 4538 ruperunt,
483 4470 512 4521 et
532 4465 718 4533 liudbertum,
746 4466 847 4547 ilai-1)
859 4467 910 4522 bus
929 4471 1013 4521 cerret.
1032 4467 1138 4524 saian
1157 4467 1286 4521 nimirum
1306 4470 1332 4522 et
1348 4469 1505 4532 mnetrires,
1523 4482 1582 4538 qua
1599 4467 1678 4523 illum

72 4582 86 4619 s
107 4562 209 4629 tilium,
223 4562 348 4633 aliosque
371 4561 524 4615 nonnullos
544 4559 579 4613 de
599 4560 709 4615 inmitia
733 4559 807 4629 ragis
857 4562 1015 4630 frequenter
1028 4562 1203 4622 comitantur,
1217 4564 1301 4616 uestes
1315 4560 1382 4630 ejice,
1399 4560 1466 4615 dnm
1478 4560 1608 4616 ebrietate
1619 4573 1678 4616 ma·

72 4662 142 4725 unt,
157 4660 185 4712 et
200 4656 229 4711 in
245 4672 359 4711 carcerc
382 4655 497 4723 diutius,
512 4658 572 4709 tam
588 4671 640 4727 pro
653 4654 808 4726 cupiditate
859 4652 925 4708 deris
944 4654 1044 4716 stertit,
1064 4659 1145 4709 noctu
1165 4653 1310 4719 furantur,
1332 4658 1357 4709 et
1378 4668 1438 4708 cnm
1460 4651 1600 4710 cachinnis
1621 4667 1679 4710 sese

72 4751 213 4825 uplionis,
229 4766 315 4821 quam
330 4766 382 4821 pro
396 4751 558 4819 contemptu
573 4754 600 4803 ct
614 4748 681 4803 odio
697 4745 808 4803 domini
858 4747 952 4802 ducem
966 4747 1094 4818 spoliasse
1109 4747 1273 4815 ploriantur.
1291 4747 1336 4805 Sic
1358 4748 1503 4817 languente
1521 4748 1619 4818 capite,
1635 4754 1678 4804 to·

72 4861 104 4914 n,
130 4849 352 4900 coarctaverunt.
380 4843 458 4897 Unde.
476 4842 599 4913 impiger
622 4859 680 4910 rex,
696 4848 728 4898 ut
747 4844 809 4898 heac
860 4846 917 4895 lum
941 4854 1038 4912 corpm
1059 4842 1224 4910 inauratur,
1244 4847 1270 4897 ct
1291 4843 1415 4912 principe
1437 4842 1594 4912 mulmento,
1621 4846 1678 4898 tota

72 4936 109 5002 it,
125 4935 243 4989 classem
255 4933 349 5006 parari
365 4933 511 5004 pracepit.
524 4935 553 4987 ln
566 4933 724 4988 Neustriam
742 4949 808 4988 vere
859 4935 933 5003 repio
953 4934 1138 5005 periclitatur,
1159 4941 1185 4991 el
1206 4937 1305 4991 misem
1322 4935 1398 5007 plebs
1419 4936 1580 4991 omnimodis
1599 4935 1678 4991 deso-

72 5029 195 5096 tretarit,
219 5032 248 5082 et
276 5028 303 5082 in
338 5027 437 5082 ultima
464 5026 692 5097 eraarngcsima.
721 5027 807 5099 septi·
860 5029 943 5083 lectar.
959 5030 983 5084 A
999 5029 1161 5099 temporibus
1175 5030 1304 5093 llollonis,
1320 5032 1369 5100 qrri
1385 5031 1605 5087 llormannorum
1615 5031 1677 5100 pri·

72 5143 76 5179 ι
95 5121 117 5195 [l
126 5122 197 5196 lltbl,
210 5127 323 5194 portum
332 5121 381 5193 qui
396 5121 535 5176 barbaflot
548 5121 652 5176 dicitur
662 5121 807 5192 applicuit,
858 5138 917 5178 mres
930 5124 1064 5182 Nerestriae
1075 5124 1201 5192 praefuit,
1216 5129 1241 5179 et
1258 5124 1291 5179 de
1303 5138 1356 5194 quo
1370 5129 1461 5179 uestra
1476 5139 1597 5195 propapo
1612 5138 1679 5195 pro·

72 5216 153 5273 oleato
169 5216 283 5272 Paschae
298 5215 461 5288 superanda
478 5215 562 5282 Virae,
578 5214 603 5269 in
620 5215 680 5271 vico
693 5214 743 5287 qui
757 5215 809 5269 in·
859 5216 922 5280 diii,
936 5232 1020 5287 usque
1032 5216 1070 5271 ad
1082 5218 1154 5272 bunc
1168 5218 1339 5285 defectivum,
1352 5220 1470 5273 strenuis
1483 5217 1596 5275 ducibus
1609 5216 1678 5277 Nor-

72 5326 141 5367 ›mus
156 5315 284 5379 vocatur,
301 5310 461 5382 hospitatus
476 5310 594 5382 quievit,
858 5314 971 5366 mannia
991 5311 1136 5380 srabjacuit.
1159 5314 1211 5368 Pro
1236 5317 1313 5367 tanto
1338 5312 1442 5367 rietatis
1464 5313 1517 5367 soli
1541 5327 1677 5378 arteman,

72 5422 104 5461 nc
117 5404 287 5461 uenerabilis
299 5405 387 5473 Serto,
403 5404 550 5475 sagiensis
563 5403 725 5476 episcopus,
740 5403 809 5459 illuc
856 5406 942 5475 probe
958 5420 1018 5468 ren,
1033 5406 1137 5461 utiliter
1154 5408 1279 5469 nascere,
1295 5410 1331 5474 et,
1347 5407 1417 5461 sicut
1435 5406 1526 5461 Dauid
1541 5408 1678 5479 propbeta

72 5500 120 5555 ait.
132 5499 243 5555 Primus
254 5499 481 5554 Nornmnnornm
496 5514 578 5553 serum
593 5497 654 5568 regi
664 5498 809 5552 servitium
860 5504 885 5555 ct
908 5513 959 5555 rea
980 5504 1135 5562 commouet,
1160 5501 1217 5555 noli
1239 5515 1350 5571 pmcare
1370 5501 1455 5571 (Psoi.
1478 5516 1514 5570 rr,
1539 5502 1577 5570 a),
1601 5518 1681 5558 anna

72 5610 140 5661 rens,
155 5593 288 5662 occurrit,
313 5593 407 5664 ibique
429 5593 496 5663 tlegi
508 5608 606 5662 regum
622 5590 734 5646 initiata
748 5593 811 5647 Pus·
860 5607 967 5649 sumens
978 5608 1029 5664 pro
1043 5593 1199 5661 defensione
1208 5597 1320 5664 palmae,
1336 5608 1389 5650 non
1403 5600 1580 5666 proterrere
1592 5601 1681 5667 potss-

72 5687 207 5744 solamnia
232 5687 396 5743 celebravit.
413 5688 552 5758 Cumque,
576 5685 666 5740 sacris
694 5684 811 5741 indutus
861 5687 1243 5760 talisaupendacupiditale.

72 5798 127 5855 sus,
152 5781 182 5839 in
205 5781 325 5839 ecclesia
346 5796 412 5838 crim
433 5797 502 5856 rago
522 5781 697 5853 consisteret,
719 5785 747 5836 st
768 5796 812 5837 sa·
898 5779 945 5837 liis
964 5780 1091 5859 episcopi
1112 5781 1195 5841 dictis
1215 5798 1268 5840 ssa
1287 5783 1441 5840 satarum
1453 5786 1524 5853 am,
1538 5784 1575 5835 at.
1591 5778 1696 5833 sabaa
