3750 6046
149 224 214 281 llll
699 220 845 279 ananeel
864 219 1165 278 mvntnnuunusts
1182 218 1286 281 misc.
1764 228 1822 287 tttt

149 350 187 405 sit
199 349 230 406 in
246 349 344 406 hieme
358 349 456 407 nimie
470 350 667 420 districtionis,
680 367 772 423 neque
790 349 819 405 in
841 348 963 407 Sahhato
972 350 1111 434 Anostro
1128 348 1165 405 ad
1187 365 1271 406 snum
1291 349 1424 407 ordinem
1446 352 1613 427 translegas
1632 352 1825 429 improbata

145 442 302 502 mundane
314 444 357 501 rel
368 445 493 502 iudaice
505 444 710 501 dissolutionis.
1011 442 1097 497 Pater
1110 442 1282 500 Northertus
1294 444 1445 501 lanearum
1460 446 1625 503 muleram
1647 446 1680 503 in
1694 448 1775 506 clero
1786 447 1824 507 in·

180 540 280 611 ltaque
301 536 332 595 in
355 538 520 596 libertatem
542 539 632 595 vocati
655 555 766 604 snmus,
788 541 901 595 tantum
924 554 961 594 ue
1011 534 1123 604 ductor,
1136 534 1215 592 idem
1229 536 1362 609 ipsesue
1375 537 1563 596 institutionis
1580 540 1771 615 postmodum
1781 559 1825 601 aa·

143 630 307 687 libertatem
331 631 362 688 in
385 633 564 690 occasionem
587 633 689 689 demus
711 632 814 702 carnis,
837 632 886 687 aed
910 647 963 703 per
1011 628 1083 685 stitit
1101 628 1289 703 improbator.
1303 631 1418 689 Etenim
1441 649 1507 690 curn
1525 638 1600 691 esset
1617 634 1725 707 junior
1735 636 1827 711 muge
1869 652 1871 657 ·

145 724 315 781 charitatem
330 725 452 783 invicem
466 726 636 794 serviamus,
652 726 793 798 siquidem
806 741 899 797 neque
914 725 963 781 ha·
1010 721 1061 778 hat
1079 739 1119 794 se,
1139 728 1169 779 et
1188 723 1354 781 ambulabat
1380 725 1428 781 uhi
1447 726 1560 784 rolehat
1572 728 1681 801 (loun,
1695 728 1766 803 ιιι),
1780 730 1825 787 sic-

144 817 234 887 hitus‚
250 835 344 893 neque
359 820 481 894 privatio
495 820 619 893 pollione
633 820 716 876 vestis
729 836 777 875 seu
791 820 962 876 bracharum
1012 832 1069 888 que
1083 832 1136 888 per
1148 816 1287 875 novitium
1298 818 1440 876 terrorem
1452 820 1629 893 etinvenilis
1638 822 1735 880 enimi
1747 823 1827 883 robur

145 912 253 985 aliquid
276 919 329 983 est,
353 914 402 970 sed
423 914 584 971 observatio
603 914 804 970 mandatorum
827 913 889 970 liei.
905 912 963 971 Sed
1011 910 1043 966 in
1066 910 1144 967 illam
1168 911 1383 969 simulationem
1406 913 1545 971 adductus
1566 921 1621 973 ιιι.
1642 918 1719 975 Cum
1739 924 1827 976 auten

144 1022 240 1080 neque
262 1024 377 1079 mpetum
395 1010 446 1065 llel
465 1013 504 1065 est
521 1024 581 1065 caco
601 1015 628 1064 ct
645 1013 735 1080 potres,
748 1008 796 1064 scd
812 1008 964 1078 justitient
1011 1004 1161 1076 senuisset,
1180 1006 1241 1077 jem
1259 1007 1350 1063 iactus
1368 1007 1456 1063 etiam
1482 1009 1720 1085 archiepiscopus
1740 1012 1825 1069 Eccle-

143 1116 212 1171 paa,
227 1107 253 1157 et
267 1103 401 1171 goudium
413 1105 445 1158 iu
458 1103 566 1173 Spiritu
578 1107 672 1158 nuncto
689 1103 789 1173 (llum,
805 1102 870 1172 xlv).
886 1101 962 1157 Gau·
1012 1098 1070 1166 sie,
1085 1098 1189 1155 cedens
1199 1100 1362 1156 auctoritati
1376 1100 1463 1157 simul
1478 1108 1508 1159 et
1522 1103 1656 1177 antique
1674 1112 1825 1163 cousuetu-

147 1192 201 1250 den
214 1198 312 1250 tamen
328 1194 602 1267 interimquod,pcr
613 1195 776 1267 aliquorum
787 1194 817 1250 in
831 1194 961 1252 dextram
1013 1191 1084 1262 dini,
1097 1198 1237 1265 tanquam
1251 1194 1360 1250 cinctus
1380 1194 1416 1250 ah
1436 1195 1503 1264 alio,
1519 1198 1631 1253 tunicas
1655 1199 1723 1271 ipse
1745 1200 1826 1257 lineas

144 1302 304 1358 excessum,
332 1288 452 1344 aliorum
474 1288 579 1344 nimius
601 1288 630 1343 in
655 1288 798 1344 sinistram
826 1304 961 1343 excessus
1013 1285 1133 1358 recepit,
1147 1286 1235 1343 simul
1252 1287 1413 1363 etsuisqui
1427 1288 1481 1345 sihi
1496 1293 1741 1364 parenteserent,
1754 1292 1827 1350 disci·

147 1380 291 1452 arguitur,
304 1385 477 1438 cumetnus
491 1382 607 1438 interim
622 1382 767 1450 discimus,
782 1398 871 1454 quarn
887 1385 964 1438 tena-
1011 1379 1095 1451 pulis,
1124 1383 1156 1436 ut
1186 1379 1227 1436 eis
1257 1379 1442 1451 vestirentur,
1473 1384 1622 1457 precepit,
1650 1387 1756 1443 rolens
1778 1388 1827 1445 huc

146 1490 194 1531 ces
218 1474 381 1531 divinorum
405 1480 615 1549 preceptorum
640 1492 702 1532 esse
727 1475 891 1547 debeamus,
913 1476 964 1549 qni
1011 1474 1105 1546 ipsum
1121 1473 1150 1529 iu
1164 1476 1226 1531 toto
1240 1490 1299 1531 sue
1319 1474 1510 1533 institutionis
1522 1478 1598 1535 clero
1615 1478 1750 1537 ellecism
1762 1497 1771 1538 r
1785 1482 1827 1539 sed

144 1567 217 1624 alius
231 1568 318 1625 etiam
332 1570 469 1625 humane
482 1569 667 1627 institutionis
682 1586 766 1626 causa
781 1570 963 1627 continentes
1011 1573 1174 1641 preventus
1200 1572 1244 1624 est
1268 1573 1361 1627 morte
1386 1574 1417 1627 et
1443 1586 1463 1629 a
1486 1572 1585 1629 mullis
1616 1580 1737 1648 recepta
1765 1592 1826 1633 ceu·

146 1662 337 1734 agnoscimus.
352 1664 405 1719 Sed
421 1680 509 1720 unum
519 1664 615 1735 doleo,
629 1663 706 1737 quod
720 1664 850 1720 Patribus
860 1665 963 1721 nostris
1012 1660 1134 1717 suetudo
1165 1661 1258 1718 subito
1288 1660 1397 1721 aulem
1424 1678 1484 1723 non
1514 1665 1616 1739 potuit.
1653 1668 1691 1725 et
1723 1668 1761 1727 de
1788 1670 1827 1727 h'u

145 1755 306 1828 Augustino
320 1762 349 1812 ct
367 1757 520 1814 Benedicta
542 1763 623 1814 tenta
644 1758 777 1815 discretio
793 1758 961 1831 imponitur,
973 1733 1001 1806 Β
1012 1754 1162 1814 hactenus.
1359 1798 1365 1813 .

143 1849 213 1906 dum
227 1850 282 1922 ipsi
297 1857 428 1907 auctores
444 1853 488 1908 rel
503 1856 697 1925 preceptores
710 1857 798 1909 tante
808 1852 962 1909 austerita·
1297 1820 1427 1889 mm
1439 1830 1515 1889 m·

145 1944 184 2002 tis
201 1948 379 2003 manantur.
1071 1932 1236 2003 Dssmvffl
1245 1934 1615 2017 wilm
1629 1936 1772 1995 “M

436 2018 671 2075 Ctt’Utthffl·
1048 2038 1493 2113 rneamvaaassuqunern
1513 2041 1662 2115 quosaam
1679 2043 1827 2101 minua-

259 2122 298 2178 ΒΘ
309 2121 425 2177 υθιῐὶὺω
440 2121 521 2177 Ῑὶιῑιιί
530 2126 556 2178 tl
564 2121 684 2193 Ptllt'oet'l
695 2122 835 2178 Μὸθιιᾶἱι·
1012 2148 1079 2189 cere
1093 2132 1247 2206 vestigium
1260 2132 1383 2203 ridetur,
1397 2133 1475 2206 quod
1487 2134 1516 2191 in
1529 2136 1704 2211 Apocalypsi
1716 2138 1829 2195 loannis

181 2229 278 2301 Neque
300 2228 379 2284 euim
400 2230 483 2285 Pater
505 2228 681 2301 Augustinus
706 2245 832 2301 unquam
856 2227 963 2287 lineam
1011 2225 1165 2283 altemino
1187 2226 1357 2299 predictum
1377 2234 1442 2285 est:
1459 2230 1495 2285 tlt
1508 2229 1590 2294 dode
1606 2230 1716 2311 inquit,
1728 2232 1830 2291 ductus

146 2326 252 2379 restem
276 2323 306 2379 in
332 2324 408 2379 clero
432 2321 530 2392 vetuit,
553 2338 648 2396 neque
671 2322 852 2393 Benedictus,
874 2323 963 2381 homo
1015 2322 1129 2378 testibus
1141 2323 1217 2386 meas,
1230 2326 1256 2377 et
1264 2320 1503 2395 prophetabuntur·
1514 2323 1608 2381 dirius
1621 2326 1700 2383 salte
1714 2326 1831 2383 mlle

147 2416 378 2485 discretissimus,
394 2422 500 2473 vestem
514 2417 665 2490 pelliceam
677 2417 822 2490 discipulis
835 2417 893 2474 suis
905 2432 965 2473 mo-
1011 2417 1160 2486 sccaqintu
1181 2417 1275 2472 amicti
1293 2430 1368 2475 sacae
1387 2416 1494 2489 (apoc.
1507 2416 1557 2489 ιι).
1576 2417 1694 2475 Etenim
1714 2436 1781 2477 cum
1801 2420 1829 2477 in

145 2511 244 2569 nachis
256 2511 383 2581 abstulit,
405 2511 484 2585 quod
496 2510 632 2568 nimirum
647 2517 676 2569 et
695 2511 756 2585 ipae
772 2513 877 2569 melote
895 2528 963 2568 usus
1012 2508 1125 2565 duobus
1146 2509 1268 2565 testihus
1281 2512 1358 2567 reate
1371 2516 1512 2584 martyres
1534 2515 1565 2567 et
1585 2512 1772 2571 mulesaoree
1786 2515 1828 2571 in·

145 2610 198 2676 est,
219 2605 268 2677 qui
286 2608 316 2661 ιι
334 2606 363 2660 in
383 2605 494 2678 llegula
513 2621 566 2678 pro
590 2621 650 2661 sne
670 2605 797 2679 regionis
819 2606 962 2679 temperie
1012 2601 1191 2675 tetligentnr,
1206 2619 1264 2660 uon
1278 2604 1513 2687 inconvenienter
1525 2605 1612 2662 etiam
1628 2606 1659 2664 hi
1674 2607 1737 2665 duo
1756 2609 1828 2665 erdl-

145 2699 266 2767 locntns,
284 2703 379 2756 teman
392 2700 524 2756 villosam
541 2699 668 2755 tunicam
685 2715 737 2772 per
750 2699 878 2756 hiemem
897 2715 961 2756 mo·
1013 2713 1066 2752 nes
1086 2696 1257 2753 clericorum
1275 2696 1407 2769 ridatlaet
1420 2701 1451 2755 et
1469 2700 1683 2758 monachorum
1711 2718 1766 2776 per
1783 2719 1829 2760 eos

145 2793 247 2850 nachis
274 2793 419 2849 msicessit.
448 2794 571 2850 Pellicea
597 2809 666 2849 sane
697 2794 803 2864 tunice,
831 2810 890 2866 qua
920 2794 962 2851 uti
1012 2790 1111 2847 velent
1124 2790 1465 2865 intelligi,qnlhusetiam
1477 2796 1577 2851 nostre
1589 2793 1768 2871 intempore
1780 2814 1829 2873 per

146 2887 277 2957 solemus,
291 2887 359 2961 quid
372 2886 448 2944 aliud
461 2890 505 2943 est
513 2903 600 2961 qnam
609 2887 705 2943 tunica
718 2886 838 2943 villosa?
850 2887 962 2944 Etenim
1012 2884 1110 2941 datam
1126 2884 1262 2943 divinitus
1273 2884 1446 2960 sapientiam
1459 2903 1490 2944 os
1501 2887 1540 2944 ad
1554 2888 1791 2963 prophetandum
1802 2896 1829 2949 el

144 2982 274 3039 villosam
295 2998 357 3038 essa
377 2980 564 3038 menifestum
584 2986 646 3052 est3
668 2981 793 3037 tunicam
812 2996 879 3037 vero
900 2998 962 3038 essa
1012 2978 1227 3051 predicendum
1239 2980 1405 3052 mysterium
1419 2981 1470 3037 lici
1482 2983 1640 3040 resolutum
1653 2988 1711 3056 cst,
1723 2990 1756 3043 ιι
1767 2986 1827 3061 qui·

146 3076 247 3149 negari
271 3092 328 3131 non
353 3079 457 3148 potest,
482 3091 547 3131 cum
570 3076 601 3130 in
626 3074 727 3132 Genesi
751 3075 890 3148 scriptum
914 3075 961 3147 sit,
1014 3071 1082 3129 dern
1096 3072 1197 3129 diebus
1209 3072 1290 3129 mille
1301 3073 1434 3131 ducentis
1455 3075 1614 3150 sexaginta,
1628 3077 1660 3134 id
1673 3082 1723 3137 est
1740 3080 1829 3137 inille

145 3170 220 3243 qnod
235 3169 372 3227 Dominus
385 3168 455 3225 Ade
477 3174 504 3226 et
524 3168 603 3225 uxori
622 3169 684 3241 ejus
702 3168 813 3225 tunicas
831 3168 964 3241 pelliceas
1013 3170 1152 3240 tempora,
1177 3166 1344 3224 Antichristi
1367 3167 1533 3225 abundante
1552 3170 1719 3246 iniquitate.
1742 3174 1828 3241 Quam

147 3264 266 3321 dederat
285 3264 374 3336 (Gen,
395 3265 448 3334 ιιι).
470 3262 525 3319 Sed
547 3262 742 3337 unusquisque
759 3262 788 3319 in
809 3279 860 3319 eno
878 3281 963 3320 sensu
1012 3260 1148 3317 uidelicet
1184 3260 1342 3334 iniqnitatis
1371 3262 1578 3320 abundantiam
1611 3264 1661 3323 ille
1693 3283 1828 3326 numerus

146 3358 282 3428 shundat,
297 3364 385 3431 atque
400 3356 511 3414 aunam
526 3357 623 3413 omnia
642 3356 672 3413 in
692 3357 913 3414 edificationem
934 3362 966 3415 et
1012 3354 1174 3427 superfluus
1206 3371 1311 3413 eccrx
1342 3356 1506 3428 significat,
1536 3357 1573 3414 de
1602 3374 1662 3433 qno
1695 3377 1758 3419 non
1789 3368 1829 3419 ιιι

145 3468 205 3508 nou
225 3452 254 3508 in
277 3451 442 3525 aliquorum
464 3450 684 3508 destructionem
705 3450 789 3507 llantl
812 3451 868 3508 Sed
891 3456 922 3508 et
939 3451 963 3508 ei
1014 3448 1101 3505 modo
1114 3448 1268 3506 dicendum
1280 3466 1334 3524 per
1348 3450 1480 3523 singuta3
1495 3452 1713 3526 prophetantur
1725 3473 1793 3514 reru
1802 3462 1828 3515 et

146 3546 196 3619 qui
212 3545 296 3602 aliter
308 3545 432 3618 sapiunt,
446 3550 476 3602 et
499 3545 552 3602 hoc
571 3544 627 3601 illis
644 3546 717 3602 licus
738 3544 883 3602 rescierit.
900 3547 964 3603 llaec
1014 3542 1111 3600 amicti
1123 3546 1191 3599 sunt
1208 3559 1302 3614 sacco,
1314 3543 1345 3600 id
1359 3548 1403 3601 est
1415 3544 1447 3601 in
1466 3545 1637 3604 omnimode
1649 3550 1827 3622 penitentie

145 3646 241 3698 autem
268 3656 325 3696 non
347 3640 377 3696 in
404 3639 623 3712 derogationem
647 3639 776 3711 illorum,
800 3639 838 3695 de
859 3638 964 3713 quihus
1013 3635 1225 3707 humiliatione,
1238 3652 1326 3710 qnam
1340 3637 1429 3695 etiam
1442 3638 1472 3695 in
1487 3638 1587 3696 hahilu
1599 3639 1671 3697 ioris
1686 3642 1791 3702 humili
1801 3650 1828 3702 ιι

145 3735 259 3808 loquor,
274 3735 396 3791 fratrum
412 3732 545 3802 dixerim,
563 3733 612 3805 qui
628 3732 698 3789 mihi
712 3733 773 3789 lere
787 3732 816 3789 in
831 3732 964 3790 omnibus
1012 3730 1121 3803 abjecte
1133 3731 1292 3803 preferant
1304 3736 1365 3788 tem
1378 3732 1472 3789 clerici
1482 3749 1571 3807 quem
1581 3735 1720 3793 monachi
1729 3738 1827 3811 griseis

146 3828 323 3886 admirande
336 3832 365 3883 et
378 3825 570 3899 praedicande
581 3825 964 3896 humilitatis,sanctimonie
1014 3829 1044 3881 et
1061 3824 1162 3898 nigris,
1180 3825 1269 3882 laneis
1289 3826 1422 3905 etlineis
1443 3828 1568 3884 restibus
1589 3829 1651 3887 suis
1671 3847 1735 3889 non
1756 3833 1827 3891 nitor

145 3927 176 3979 et
195 3921 342 3994 patientie
356 3920 501 3989 sidentur,
516 3920 593 3977 inter
609 3936 683 3994 quos
703 3919 789 3977 etiam
809 3921 964 3978 nonnullos
1012 3921 1063 3975 aut
1076 3918 1221 3989 mollities,
1236 3918 1288 3976 sed
1308 3906 1382 3993 qnod
1404 3922 1564 3979 necessitati
1586 3939 1655 3982 cnm
1675 3925 1826 3985 honestate

147 4016 272 4072 illustres
295 4014 380 4084 viros,
395 4015 533 4087 tanquam
554 4013 710 4071 luminaria
728 4014 863 4084 celestia,
877 4030 962 4072 vene·
1013 4012 1148 4083 sulliciet,
1174 4012 1339 4087 requiritur.
1369 4016 1424 4071 lloc
1451 4015 1581 4074 videlicet
1610 4018 1653 4076 eis
1685 4020 1720 4078 in
1750 4038 1826 4080 oom-

145 4112 238 4166 rorat
251 4108 417 4179 amplector.
1013 4122 1102 4163 mune
1132 4106 1377 4180 procurantibus,
1410 4124 1448 4165 ne
1479 4109 1517 4166 sit
1547 4111 1686 4171 notabilis
1716 4114 1827 4173 habitus

447 4178 558 4236 CAPUT
570 4180 656 4236 xxtx.
1013 4216 1126 4257 eorum,

354 4285 393 4339 Di
406 4283 562 4339 illustribus
576 4283 748 4339 mimbli-
1049 4294 1106 4352 Sed
1118 4294 1250 4370 cuiqnam
1264 4297 1385 4354 ιοιιιιιι
1403 4297 1545 4370 rideatur,
1559 4301 1638 4374 quod
1654 4302 1729 4360 ordo
1743 4320 1825 4362 cano·

182 4389 357 4448 sicutenim
377 4388 408 4445 in
430 4387 532 4446 ordine
551 4394 649 4445 nostro
670 4390 753 4462 liugn
779 4406 831 4462 per
852 4389 963 4446 donum
1014 4389 1095 4445 nicus
1103 4389 1132 4445 in
1140 4390 1409 4448 ordinemonastico
1418 4391 1565 4465 sequacior
1573 4394 1619 4451 sit.
1628 4395 1713 4462 Quod
1726 4398 1827 4455 mirum

147 4484 273 4542 scientie
287 4482 442 4557 magnifice
456 4482 647 4552 illuminatus,
666 4482 772 4539 nostris
784 4478 1070 4556 temporibusDnou
1090 4487 1144 4540 est.
1166 4484 1306 4541 Nonnulla
1327 4486 1405 4542 enlm
1424 4485 1499 4543 inter
1521 4494 1676 4564 utrumque
1699 4493 1826 4550 ordinem

146 4583 282 4654 tanquam
303 4577 384 4634 stella
407 4576 549 4634 matutina
574 4576 689 4647 etlrllsit,
712 4582 740 4633 et
765 4577 911 4651 quomodo
930 4577 963 4635 in
1012 4577 1195 4653 professionis
1208 4595 1241 4635 ac
1255 4579 1412 4637 testimonii
1427 4580 1586 4639 differentia
1605 4590 1659 4642 est.

147 4673 247 4730 urdine
267 4670 495 4729 cluniacensium
520 4672 664 4743 Repertus
687 4670 775 4726 ahhas
798 4670 961 4742 Tulliensis,
1311 4674 1424 4732 CAPUT
1437 4675 1523 4733 XXXI.
1565 4682 1568 4687 '

146 4767 234 4824 tonus
256 4782 328 4838 pene
348 4766 456 4822 Veteris
473 4779 506 4820 ec
529 4763 597 4821 h'ovi
619 4764 795 4821 Testamenti
817 4764 963 4837 expositor
1140 4767 1287 4825 honestus
1299 4771 1394 4826 mortis
1405 4772 1551 4829 muira
1563 4774 1641 4830 testis
1651 4780 1703 4831 ιιι.

144 4860 271 4931 illustris,
284 4860 414 4917 ordinem
429 4858 509 4914 illum
531 4874 651 4914 aureum
673 4862 814 4931 tanquam
832 4858 962 4930 lopezius
1047 4859 1199 4934 Siquidem
1221 4861 1294 4918 ordo
1306 4864 1479 4921 monasticus
1498 4864 1646 4923 inhabita
1666 4869 1783 4943 lnguhri
1799 4887 1826 4927 se

144 4960 279 5029 perornat
289 4972 298 5025 ;
320 4956 359 5012 ita
383 4953 412 5009 in
432 4951 532 5009 ordine
550 4951 767 5010 cistercensium
788 4951 877 5008 abhas
898 4952 960 5009 Cla·
1013 4953 1111 5027 ipsum
1125 4954 1236 5011 mundo
1251 4956 1426 5013 mortificans
1438 4962 1559 5015 mortem
1573 4959 1660 5017 nohis
1672 4961 1789 5035 Christi,
1801 4969 1826 5021 et

147 5049 311 5106 ravellensis
324 5048 482 5106 Bernardus
495 5046 571 5103 dono
582 5045 750 5103 humilitatis
764 5062 797 5102 ac
811 5046 961 5118 sapientie
1011 5047 1135 5122 qualiter
1150 5049 1177 5106 ei
1199 5062 1265 5105 cum
1279 5050 1355 5107 vitiis
1375 5057 1404 5108 et
1417 5052 1656 5126 concupiscentiis
1675 5058 1755 5116 mori
1776 5059 1824 5115 de·

146 5144 283 5218 preditus
302 5159 441 5217 magnum
466 5140 588 5199 celestis
607 5142 682 5197 ante
704 5140 847 5198 luminare
863 5147 916 5212 est,
930 5144 961 5199 et
1009 5141 1139 5215 beamus,
1154 5142 1318 5201 denuntiat.

147 5236 283 5293 eximium
305 5237 382 5294 illius
409 5235 518 5294 ordinis
537 5239 750 5294 ornamentum.
773 5236 962 5295 Similiter·et
1311 5239 1422 5297 elenu
1433 5240 1532 5299 xxxtl.

146 5329 314 5386 Northcrtus
326 5330 557 5404 archiepiscopus
569 5330 729 5404 magnillce
740 5329 874 5388 doctrine
884 5330 960 5388 dono
1098 5332 1252 5390 cerenicus
1265 5333 1375 5390 saluus
1387 5336 1589 5393 ιιιιιιιιιιιιιιιι
1600 5340 1677 5395 sese
1688 5344 1740 5397 est.

147 5422 321 5498 prepollens
338 5423 416 5480 haud
431 5422 561 5493 dubium,
577 5425 648 5498 quin
665 5429 695 5483 et
708 5426 769 5499 ipse
787 5425 817 5482 in
836 5425 961 5483 Ecclesia
1047 5425 1124 5483 Ordo
1146 5442 1213 5483 rere
1236 5426 1373 5483 clericalis
1393 5427 1424 5485 in
1445 5426 1544 5487 hahita
1558 5430 1683 5490 candido
1694 5450 1764 5493 cnm
1774 5452 1824 5493 an·

145 5516 196 5575 nei
209 5516 351 5575 luminare
363 5517 535 5591 preclarum
545 5516 693 5577 ellulserit.
1010 5519 1079 5595 gelo
1092 5520 1175 5577 testis
1183 5519 1400 5578 resurrectionis
1406 5520 1679 5599 Chrislipretulgat,
1688 5526 1826 5587 nimime

177 5610 235 5670 Scd
248 5610 337 5669 iidem
351 5610 416 5686 ipsi,
437 5628 509 5685 qnos
528 5628 561 5669 ex
583 5612 625 5670 eia
644 5612 832 5689 sapientiores
852 5616 917 5672 nori
930 5618 960 5673 et
1009 5613 1259 5688 qualiterChristo
1280 5619 1486 5690 consurgentes
1499 5616 1532 5675 ia
1546 5617 1673 5679 noriute
1685 5620 1754 5681 rite
1769 5638 1825 5681 arn·

122 5720 257 5775 veneror,
269 5722 333 5765 non
345 5706 405 5765 atis
417 5706 525 5781 dehis,
542 5724 633 5785 quarn
647 5726 716 5787 qne
724 5708 881 5783 sentimus,
894 5728 964 5771 sen·
1010 5709 1116 5768 halare
1127 5708 1463 5779 uehementissimum.

15 5828 19 5835 ·
100 5797 189 5861 liunt.
213 5802 291 5863 ll'am
314 5806 347 5865 et
368 5802 465 5867 ehhas
487 5804 719 5873 Glarerallcneie
739 5808 912 5873 munuum
933 5808 974 5875 da
1059 5802 1199 5889 uuquam
1212 5800 1437 5867 mitum
1451 5800 1829 5889 fflsswm
