3750 6046
50 212 94 270 tes
489 212 648 271 instanti
666 214 935 273 ECCLESth'llGh.
950 243 984 254 -
996 212 1084 271 PARS
1103 215 1123 271 Ι.
1139 244 1173 257 -
1186 215 1249 273 tta.
1270 216 1305 273 ll.
1690 219 1740 280 lto

49 336 178 410 quamvis
198 336 242 393 sir
257 335 319 409 ejus
333 336 446 392 saeviret
466 354 517 409 pro
533 339 689 394 commisso
708 339 787 411 gravi
802 339 869 394 iaci·
882 353 911 424 Α
958 340 1048 411 Egcas
1070 340 1222 411 proconsul
1246 340 1282 396 de
1308 340 1468 398 hlacedonia
1493 359 1639 415 regressus
1663 346 1742 402 venit

50 448 125 497 aare,
157 430 240 487 mitis
265 435 362 487 tamma
389 431 532 502 apostolus
557 448 661 503 corpus
687 432 717 487 in
741 432 868 488 medium
920 433 1408 505 Patraequecstcivitashehaiie,
1425 437 1614 494 atcredentes
1626 439 1739 495 Christo

50 525 178 580 exhiberi
193 525 291 596 jussit,
310 529 340 579 et
359 524 495 580 accedens
518 532 580 596 post
602 526 761 581 orationem
784 529 868 597 caput
918 527 1004 597 coepit
1024 527 1060 582 ad
1081 527 1216 582 sacrificia
1234 527 1377 584 idolorum
1391 530 1571 602 compellere.
1592 532 1643 588 Cui
1658 550 1739 587 sanc·

51 618 176 674 mulieris
199 620 304 690 tetigit.
326 640 340 667 ιι
362 618 463 690 Surge,
487 618 589 690 inquil,
612 619 643 674 in
664 621 782 674 nomine
803 621 868 675 lesu
918 624 964 675 tus
976 620 1104 675 Andreas
1118 621 1251 691 occurrit,
1263 621 1416 694 ipsumque
1429 623 1642 680 rationabilibus
1656 625 1738 681 dictis

51 713 148 768 christi
174 713 236 768 Dei.
260 734 275 762 ιι
300 711 432 768 Protinus
458 713 560 768 mulier
585 715 720 782 surrexit,
749 719 778 768 ot
802 730 866 768 cuin
920 712 1164 769 adveramiidem
1179 715 1298 770 invitare
1318 717 1428 788 sategit.
1449 717 1503 772 Sed
1523 718 1553 773 in
1569 718 1736 775 malevolam

51 806 202 877 Trophima
215 805 359 877 pacificari
375 805 483 876 petivit.
505 805 616 861 Lisbius
634 807 731 879 itaque
752 823 868 879 procon-
918 808 1045 863 animam
1065 807 1203 879 sapientia
1222 824 1282 863 non
1298 809 1438 866 introivit.
1459 812 1561 866 Verum
1576 813 1672 883 largus
1691 814 1735 868 di·

53 903 101 961 sul.
126 901 194 956 risis
221 899 400 956 mirabilibus
420 899 480 969 Dei,
499 916 552 971 per
570 901 731 971 apostolum
756 901 785 955 in
812 902 867 957 lide
917 899 1184 972 riuoedispensator
1198 903 1317 974 sophiae,
1333 904 1464 974 quamvis
1484 904 1576 976 impio
1592 923 1648 961 non
1668 923 1734 978 pro·

54 994 178 1066 proiecit,
203 999 232 1049 et
250 993 376 1048 consiliis
397 994 518 1065 apostoli
539 994 662 1050 fideliter
683 996 713 1050 in
735 995 867 1050 omuibus
917 994 1018 1049 inisset
1036 996 1131 1066 Egere,
1152 995 1214 1050 aliis
1235 1000 1342 1064 umen,
1366 997 1415 1069 qui
1436 997 1632 1069 praedestinati
1655 1007 1735 1056 amnt

54 1088 270 1160 obtemperavit.
916 1086 952 1142 ad
967 1088 1065 1155 vitam,
1080 1088 1197 1143 uberem
1210 1089 1331 1144 coelestis
1345 1090 1482 1145 doctrinae
1495 1091 1623 1161 profudit
1635 1093 1735 1150 alime-

83 1181 216 1247 eusdem
228 1181 287 1248 die,
307 1181 377 1237 diam
393 1181 476 1236 simul
493 1181 521 1235 in
542 1181 640 1237 littore
660 1182 865 1250 consedissent,
917 1181 1005 1236 niam.
1018 1183 1055 1236 lte
1071 1183 1209 1253 mysterio
1222 1182 1313 1236 crucis
1327 1182 1449 1237 multum
1463 1185 1619 1254 prudenter
1632 1190 1734 1242 tracta·

53 1283 76 1332 et
90 1278 185 1347 plnres
199 1275 309 1331 ibidem
326 1275 361 1330 ab
384 1291 432 1331 ore
453 1276 573 1347 apostoli
592 1274 711 1330 verbum
731 1276 781 1331 liei
803 1276 865 1331 dili·
916 1273 1214 1342 vit,curtleusho1no
1233 1276 1321 1329 sactus
1336 1278 1420 1330 estet
1436 1293 1535 1348 passus
1551 1277 1660 1349 liquido
1675 1280 1732 1335 dis·

53 1375 148 1442 genter
172 1368 318 1435 audirent,
341 1385 404 1424 ecce
428 1368 545 1424 cadaver
563 1385 579 1422 a
597 1369 670 1423 mari
692 1375 758 1425 ante
782 1371 866 1441 pedes
916 1367 1014 1434 seruit,
1028 1369 1216 1440 ordinemque
1233 1369 1386 1424 bominicie
1401 1369 1537 1441 passionis
1556 1376 1584 1425 et
1603 1388 1732 1428 commu-

53 1465 168 1536 apostoti
190 1464 318 1535 eiectum
344 1466 395 1531 est,
418 1479 434 1517 a
454 1478 512 1535 quo
535 1479 612 1530 mox,
632 1463 695 1519 insa
719 1479 803 1535 prece
828 1464 866 1519 ad
915 1477 982 1516 nem
1010 1461 1131 1517 hurnaui
1161 1463 1276 1532 generis
1301 1461 1461 1533 proiectum
1490 1463 1651 1519 luculenter
1681 1466 1732 1521 de-

55 1560 146 1623 beam,
168 1559 373 1614 resuscitatum
395 1562 446 1612 est.
469 1556 635 1628 Philopator
655 1558 761 1630 quippe
782 1574 864 1614 voca·
915 1555 1065 1626 prompsit.
1081 1556 1150 1610 liinc
1165 1556 1255 1611 iratus
1267 1557 1359 1627 Egeas
1372 1557 1532 1627 apostolum
1546 1559 1735 1629 eomprehen-

54 1653 127 1707 batur
140 1652 221 1707 idem
238 1651 364 1722 Juvenis,
378 1650 454 1706 tilius
467 1650 586 1706 Sostrati
606 1651 675 1705 civis
693 1651 864 1708 Macedonis.
915 1647 956 1702 dit
970 1653 999 1702 et
1013 1648 1042 1702 in
1057 1665 1169 1704 carcere
1184 1649 1308 1719 retrusit,
1326 1649 1362 1705 ad
1383 1666 1469 1720 quem
1487 1650 1639 1706 multitudo
1659 1669 1732 1723 pene

55 1747 140 1801 flente
155 1762 190 1800 eo
205 1761 258 1816 pro
274 1745 358 1800 sociis
375 1744 424 1815 qni
444 1744 578 1799 ductibus
596 1744 724 1815 absorpti
738 1745 864 1813 inerant,
876 1719 904 1791 Β
915 1741 1001 1797 totins
1012 1741 1164 1812 provinciae
1175 1743 1264 1811 venit,
1277 1743 1316 1798 ita
1327 1748 1358 1797 ut
1370 1744 1474 1815 Egeam
1487 1743 1591 1800 vellent
1603 1745 1732 1802 occidere

54 1845 77 1893 ιι
96 1840 293 1910 supplicante,
316 1837 463 1909 apostolus
484 1837 590 1905 oravit,
616 1837 751 1910 undaque
772 1840 863 1894 iamn—
914 1840 943 1890 et
956 1836 1116 1906 apostolum
1132 1835 1334 1907 tractisjaunis
1347 1835 1481 1891 liberare.
1495 1837 1623 1892 Andreas
1635 1842 1732 1894 autem

53 1934 120 1988 laute
147 1933 268 1988 derecta
292 1947 376 1986 xxxix
404 1947 523 2003 corpora
550 1932 742 2000 resuscitavit;
766 1933 806 1987 ita
835 1938 867 1988 ut
915 1929 1084 1984 salutaribus
1098 1945 1146 1983 eos
1160 1930 1276 1984 snoiiitis
1289 1931 1475 2001 compescuit,
1490 1947 1542 2002 per
1557 1937 1647 1987 totam
1665 1949 1731 1988 uoc-

52 2027 198 2097 unicniqua
216 2025 338 2080 fratrum
356 2024 473 2095 juberet
488 2040 577 2079 uuum
597 2027 744 2079 mortuum
765 2028 864 2081 tenere
914 2026 974 2077 tem
987 2022 1111 2089 edocuit,
1126 2023 1295 2095 bominique
1307 2027 1373 2078 lesu
1388 2024 1558 2095 patientiam
1572 2024 1609 2080 ad
1625 2041 1732 2082 meme·

54 2123 126 2192 eique
146 2119 245 2174 dicere
260 2135 267 2172 :
284 2139 299 2167 o
314 2119 468 2173 Resuscitet
488 2124 515 2172 te
534 2119 614 2173 lesus
633 2118 761 2173 Christus
781 2120 865 2175 Filius
914 2118 986 2169 riam
1007 2116 1162 2182 revocavit,
1183 2116 1391 2189 populumque,
1411 2134 1447 2172 ne
1469 2118 1629 2189 passionom
1651 2137 1731 2176 suam

55 2215 94 2268 bei
106 2213 171 2268 rivi.
189 2212 266 2267 »Sic
288 2228 368 2267 xxxix
389 2211 440 2267 viri
457 2211 618 2267 reviserunt
633 2217 662 2268 et
680 2211 863 2283 omnipotcn·
915 2207 1074 2278 impediret,
1092 2226 1272 2280 summopere
1288 2210 1409 2282 rogavit.

56 2311 104 2362 ιειιι
120 2308 214 2362 bearn
229 2304 473 2377 glorificaverunt.
950 2301 1082 2373 Sequenti
1097 2303 1143 2357 die
1157 2303 1311 2373 proconsul
1328 2305 1419 2374 Egens
1434 2302 1556 2360 misitne
1571 2305 1606 2360 ad
1622 2323 1652 2361 se
1666 2324 1733 2379 apo·

84 2402 145 2454 Post
158 2400 250 2454 niulta
269 2398 352 2469 signa
365 2400 395 2451 et
407 2396 481 2452 bona
500 2413 597 2468 opera,
616 2414 680 2469 quas
698 2397 865 2470 singillatim
914 2395 1018 2449 stolum
1044 2395 1158 2465 eduxit,
1186 2401 1214 2451 et
1236 2395 1340 2451 sedens
1364 2413 1416 2467 pro
1438 2397 1573 2454 tribunali
1596 2400 1732 2457 seducere

57 2509 180 2548 enarrare
196 2508 321 2563 nequeo,
340 2490 440 2546 beatus
455 2490 583 2545 Andreas
603 2493 747 2561 apestolus
766 2493 865 2547 Patras
914 2489 995 2544 illum
1010 2489 1132 2557 studuit,
1147 2489 1196 2544 scd
1212 2490 1241 2544 in
1257 2489 1313 2544 Deo
1329 2489 1464 2544 fundatus
1479 2495 1577 2546 contra
1592 2493 1684 2548 minas
1703 2500 1732 2550 et

59 2587 131 2652 seuit,
146 2587 196 2641 uhi
206 2583 359 2641 Maximilla
374 2584 498 2654 graviter
511 2584 679 2655 aegrotabat,
696 2601 768 2640 uxor
780 2585 864 2657 Egere
913 2581 1108 2638 blandimenta
1127 2583 1239 2638 fortiter
1253 2582 1384 2654 perstitit.
1400 2584 1526 2640 Tandem
1551 2586 1642 2658 Egeas
1664 2604 1730 2644 euin

58 2680 222 2751 proconsulis
241 2679 290 2750 qui
311 2677 404 2733 Lisbio
424 2683 605 2732 successerat.
621 2679 698 2734 Tunc
721 2678 863 2748 Eliidima,
914 2679 1051 2748 uscptem
1072 2676 1251 2731 ternionibus
1269 2676 1390 2748 tlagellis
1403 2678 1473 2733 caedi
1492 2683 1641 2736 extensum
1657 2698 1731 2752 pree·

58 2791 109 2844 que
123 2789 177 2845 per
190 2772 351 2828 doctrinam
366 2770 452 2828 Sosiae
472 2787 606 2826 conversa
624 2771 728 2842 iuerat,
748 2778 865 2844 aposto·
914 2771 1003 2841 cepit,
1017 2770 1066 2825 sed
1082 2773 1146 2840 post
1157 2769 1275 2825 verbera
1288 2770 1371 2825 tortis
1385 2771 1489 2826 athleta
1502 2771 1605 2828 Christi
1618 2774 1732 2833 laudem

57 2868 105 2922 lum
120 2867 234 2938 rogasit
248 2871 278 2920 ut
292 2864 420 2920 visitaret
440 2864 622 2920 ldaximitlam
635 2882 700 2937 quae
718 2864 863 2921 febricita-
915 2863 1006 2918 erneis
1020 2862 1185 2934 praedicavit
1199 2866 1229 2918 et
1241 2864 1347 2920 iuranti
1363 2867 1488 2936 tyranno
1502 2881 1580 2920 veras
1596 2871 1730 2925 constan·

56 2960 102 3016 bet.
115 2964 152 3015 ht
165 2960 213 3015 iile
228 2959 306 3016 venit
317 2958 353 3013 ad
367 2958 527 3014 cubiculum
542 2957 672 3028 infirmas,
687 2959 864 3030 precedente
913 2960 959 3011 tei·
972 2956 1139 3012 assertiones
1155 2956 1309 3012 intimavit.

55 3054 176 3108 Edidima
182 3072 191 3122 3
214 3059 243 3108 et
260 3053 334 3107 iacta
353 3052 492 3118 oratione,
506 3051 594 3107 febris
616 3058 659 3109 est
678 3053 785 3125 fugata,
800 3070 864 3108 mn·
950 3052 970 3104 T
973 3066 1026 3105 sinc
1042 3050 1205 3122 indignatus
1219 3051 1307 3120 Egeas
1320 3051 1396 3106 cruci
1411 3067 1478 3106 eum
1492 3053 1572 3125 affigi
1586 3055 1731 3128 praecepit,

53 3147 155 3220 lierque
168 3151 280 3202 sanate
294 3145 448 3201 Proconsul
461 3150 557 3200 autem
576 3149 692 3201 centum
709 3152 865 3218 argenteos
915 3147 945 3199 et
958 3143 1168 3215 quaestionariis
1183 3144 1330 3199 mandavit
1343 3149 1382 3212 ut,
1394 3145 1489 3217 ligatis
1502 3145 1622 3216 pedibus
1634 3152 1661 3203 et
1676 3165 1733 3205 ma·

52 3245 140 3297 saucio
163 3240 215 3296 bei
237 3239 350 3309 obtulit,
375 3255 446 3310 quos
468 3239 517 3294 ille
541 3255 594 3293 nec
616 3239 743 3310 aspicere
765 3241 863 3296 soluit.
915 3236 1009 3305 nibus,
1030 3237 1109 3308 qnasi
1128 3237 1158 3293 in
1175 3239 1272 3294 eculeo
1288 3238 1469 3308 tenderetur;
1487 3255 1521 3293 na
1536 3240 1733 3298 clavisatiixus

49 3337 174 3408 Cumque
192 3334 286 3389 multa
304 3333 387 3404 signa
401 3348 453 3404 per
471 3332 589 3388 beatum
609 3333 772 3404 apostolum
789 3334 865 3404 apud
915 3332 1151 3400 citomoreretur,
1163 3331 1311 3402 sedlengo
1322 3331 1553 3404 potiuscruciatu
1567 3340 1731 3406 angeretur.

48 3431 142 3485 Patras
161 3430 332 3500 agerentur,
347 3432 376 3482 et
392 3426 487 3497 plnres
509 3442 561 3498 per
579 3426 769 3498 corporalium
788 3427 865 3483 exhi·
915 3425 1044 3496 Cumque
1070 3428 1184 3481 sanctus
1204 3425 1248 3480 vir
1272 3424 1425 3481 duceretur
1446 3441 1464 3481 a
1485 3426 1679 3496 carnificibus,
1701 3430 1734 3485 fit

46 3524 167 3579 bitiones
182 3520 409 3594 opitulationum
428 3519 465 3575 ad
485 3520 572 3576 fidem
592 3520 695 3578 Christi
715 3521 864 3593 pertrahe·
915 3519 1087 3590 populorum
1108 3534 1260 3574 concursus
1281 3518 1468 3574 clamantium
1490 3523 1518 3574 et
1541 3519 1698 3576 dicentium
1724 3539 1730 3576 :

46 3623 156 3685 rentur,
172 3614 337 3683 Stratocles,
348 3613 436 3669 irater
450 3615 532 3685 Egeae
544 3614 734 3686 proconsulis,
749 3613 866 3670 advenit
916 3631 930 3663 ιι
945 3613 1039 3667 lustus
1052 3611 1139 3666 homo
1154 3618 1183 3666 et
1200 3611 1309 3665 amicus
1327 3611 1376 3665 bei
1389 3611 1458 3683 quid
1472 3612 1549 3682 iecit,
1568 3619 1598 3667 ιιι
1612 3612 1734 3671 ducatur

45 3711 185 3777 deitatis,
197 3707 770 3780 cixjiisserrusnomiaealgmana,quem
783 3708 865 3764 valde
916 3704 950 3760 ad
966 3704 1100 3759 crucem?
1111 3725 1125 3752 ιι
1140 3703 1267 3759 Andreas
1277 3719 1343 3759 vero
1357 3720 1474 3759 securus
1485 3709 1515 3760 et
1524 3706 1650 3778 gaudens
1664 3707 1733 3779 ibat,

45 3805 194 3876 ditigebat,
207 3802 334 3873 impulsu
347 3801 484 3857 daemonis
499 3817 635 3872 spumans
654 3802 685 3856 in
699 3800 773 3856 atrio
786 3801 863 3873 jace·
915 3797 1122 3869 populumque,
1137 3813 1173 3851 ne
1189 3796 1349 3868 passionem
1368 3799 1429 3869 ejus
1447 3798 1633 3871 impedirent,
1650 3817 1731 3873 roga·

41 3899 104 3953 hat.
120 3899 191 3952 Ense
213 3911 322 3967 magno
339 3893 461 3949 tumultu
479 3893 565 3962 iacto,
581 3900 609 3950 et
623 3894 760 3950 Stratocle
775 3894 865 3951 nimio
914 3890 973 3958 bat,
986 3894 1014 3946 et
1024 3908 1040 3946 a
1052 3891 1169 3947 salutari
1181 3890 1311 3946 doctriua
1325 3908 1382 3947 non
1396 3892 1535 3948 cessabat.
1553 3895 1622 3949 Cium
1636 3898 1733 3951 autem

42 3992 136 4047 animi
158 3989 258 4046 dolore
283 3991 438 4054 commoto,
462 3986 647 4043 suadentibus
667 3987 818 4043 Maximilla
837 3994 866 4044 et
914 3985 951 4040 ad
966 3986 1066 4057 agonis
1081 3986 1175 4041 locum
1193 3985 1368 4057 pervenisset
1385 3989 1543 4042 etcmcem
1559 3988 1676 4060 alonge
1696 3989 1733 4044 ιι-

41 4086 196 4149 Eilidima,
220 4083 322 4137 beatus
345 4080 470 4135 andreas
492 4081 645 4135 accersitus
666 4084 722 4148 est,
747 4081 865 4153 ipsoque
914 4078 1011 4146 disset,
1037 4078 1206 4133 exclamavit
1228 4095 1295 4134 rece
1318 4095 1433 4151 magna,
1458 4079 1555 4136 dicens
1578 4097 1585 4135 ε
1609 4102 1623 4131 «
1643 4083 1734 4151 Salve,

42 4185 163 4244 orante,
187 4175 382 4231 daemoniacus
409 4189 480 4245 puer
502 4180 615 4229 sanetus
637 4177 689 4229 est.
713 4174 865 4230 Stratocles
915 4187 993 4239 erun,
1017 4189 1081 4244 quae
1106 4172 1135 4227 in
1156 4188 1277 4242 corpore
1299 4173 1401 4228 Christi
1426 4173 1556 4230 dedicata
1579 4191 1618 4243 es,
1645 4183 1673 4231 et
1699 4193 1733 4233 ex

41 4290 114 4343 ergo
131 4272 162 4326 in
183 4270 337 4324 Dominum
356 4267 487 4335 credidit,
503 4272 531 4322 et
553 4267 581 4321 in
600 4266 657 4322 side
678 4266 864 4336 confortatus,
915 4265 1052 4319 memhris
1067 4265 1128 4337 ejus
1147 4268 1285 4336 tanquam
1303 4267 1464 4338 margaritis
1483 4271 1593 4324 ornata.
1616 4269 1732 4326 Ohona

42 4368 76 4420 ad
89 4361 271 4418 erudiendum
287 4361 405 4416 verbum
424 4360 471 4417 [lei
490 4360 617 4432 apostolo
632 4359 760 4414 adhaesit.
776 4362 865 4432 Egens
915 4358 1225 4430 c1·ur!queadecorem
1241 4364 1269 4414 et
1284 4360 1527 4430 pulchritudinem
1544 4362 1580 4417 de
1593 4362 1732 4419 membris

41 4460 72 4512 in
86 4456 282 4513 lacedoniam
294 4454 412 4523 abierat,
428 4460 456 4510 et
468 4453 632 4524 Maximilla,
648 4469 712 4525 qnae
726 4452 904 4526 spiritualil)
916 4451 1029 4508 bomini
1049 4451 1210 4522 suscepisti,
1231 4451 1280 4507 din
1298 4452 1469 4521 desiderata,
1487 4454 1606 4510 sollicite
1625 4460 1732 4524 amam,

43 4569 143 4606 aurore
160 4549 301 4615 fervebat,
315 4548 561 4619 opportunitatem
579 4553 613 4603 ut
634 4546 775 4603 coelestem
796 4547 863 4603 doc·
914 4547 974 4600 sine
989 4544 1196 4600 intermissione
1216 4546 1345 4617 quaesita,
1368 4554 1396 4600 et
1415 4546 1567 4618 aliquando
1583 4548 1644 4618 jam
1664 4566 1731 4604 con·

45 4646 154 4699 trinam
177 4642 213 4698 ah
236 4642 363 4713 apostolo
381 4641 541 4712 perciperet
558 4639 686 4712 quotidie
707 4640 864 4712 quaerebat,
915 4636 1071 4709 cupiscenti
1085 4637 1181 4693 animo
1200 4638 1375 4710 praeparata!
1395 4660 1409 4687 ιι
1432 4640 1496 4694 llaec
1518 4643 1546 4695 et
1567 4641 1624 4695 alia
1643 4642 1734 4699 niulta

45 4738 126 4793 acad
139 4752 207 4792 cnm
220 4736 322 4791 devota
334 4733 476 4789 seniebat.
495 4735 595 4804 Magna
613 4733 709 4804 itaque
728 4733 864 4805 indigna·
915 4731 1020 4787 anioris
1047 4735 1075 4786 et
1098 4730 1256 4786 devotionis
1284 4730 1367 4802 plene
1394 4730 1509 4802 diceas,
1538 4749 1568 4788 se
1594 4733 1731 4806 exspolia·

45 4834 123 4888 bone
139 4828 291 4903 proconsul
313 4831 412 4883 contra
430 4828 594 4900 apostolum
618 4843 770 4882 succensus
793 4834 863 4895 eret,
915 4825 955 4880 rit
980 4828 1009 4881 et
1035 4823 1203 4880 vestimenta
1227 4840 1278 4879 sna
1310 4824 1490 4879 carnificibus
1519 4826 1648 4883 tradidit.
1677 4828 1732 4894 Qui

46 4942 79 4982 eo
93 4924 173 4997 quod
190 4939 260 4978 uxor
277 4922 339 4994 ejus
355 4928 420 4993 post
433 4925 583 4994 acceptum
603 4920 709 4993 dogma
727 4921 823 4978 sallitis
839 4922 865 4977 ei
915 4918 1090 4986 accedentes,
1113 4934 1180 4974 cum
1198 4918 1228 4973 iu
1252 4933 1367 4974 crucem
1388 4917 1562 4988 levaverunt,
1584 4926 1733 4994 totumque

45 5017 185 5091 conjungi
197 5016 323 5073 nolebat.
915 5029 1019 5085 eorpus
1033 5013 1094 5085 ejus
1108 5011 1224 5068 fiinibus
1241 5012 1428 5069 extendentes
1443 5012 1663 5085 suspenderunt,
1679 5015 1732 5071 sic·

80 5113 192 5169 Amodo
223 5110 382 5183 passionem
408 5109 565 5165 beatissimi
592 5111 714 5166 hndrere
742 5111 865 5181 apostoli
916 5124 971 5180 que
981 5109 1093 5180 jussum
1109 5107 1188 5180 impii
1205 5106 1382 5179 proconsulis
1402 5106 1509 5163 crudeli
1523 5108 1635 5165 actione
1654 5126 1732 5167 corn·

49 5207 170 5263 breviter
189 5205 338 5273 adnotare,
355 5207 384 5258 et
402 5202 498 5258 libelle
517 5208 613 5258 nostro
633 5203 710 5258 nitor
728 5203 865 5259 veraciter
915 5204 1075 5274 plevenmt.
1096 5203 1181 5256 Porro
1196 5201 1354 5257 turbatore
1369 5201 1405 5255 ad
1420 5216 1453 5256 xi
1473 5201 1563 5257 millia
1582 5202 1732 5258 hominnm

52 5302 185 5366 inserere,
208 5316 296 5370 quam
316 5296 476 5354 recondidit
496 5295 525 5351 in
545 5295 726 5352 bibliothecis
747 5296 806 5352 suis
829 5296 865 5351 ab
914 5294 1033 5362 astabat,
1048 5298 1076 5348 et
1092 5293 1319 5366 iujustojudicio
1339 5297 1469 5350 sanctum
1488 5294 1579 5350 virum
1600 5297 1654 5350 hoc
1674 5298 1733 5367 pati

50 5393 168 5465 antiqno
193 5396 325 5463 tempere
350 5392 380 5444 et
405 5388 528 5445 fideliter
552 5387 654 5444 recitat
681 5390 728 5460 pia
753 5388 864 5444 devotio
914 5388 1069 5452 clamabam
1085 5388 1158 5443 inter
1175 5405 1245 5459 quos
1264 5389 1422 5454 Stratocles,
1440 5390 1524 5460 ligem
1540 5388 1637 5456 irater,
1661 5394 1732 5446 erat.

51 5488 152 5541 mactas
169 5484 269 5539 matris
287 5482 427 5539 Ecclesia.
450 5483 530 5537 Illam
551 5480 690 5537 nimirum
708 5482 865 5554 presbyteri
915 5483 1034 5538 Sanctus
1047 5497 1113 5536 vero
1127 5481 1254 5536 Andreas
1272 5485 1383 5538 mentes
1403 5481 1531 5536 ddelium
1547 5483 1731 5551 confortabat,

51 5584 76 5632 ct
90 5578 207 5635 uncam
226 5577 412 5633 Ecclesiarum
433 5575 546 5632 sicbaiea
565 5591 660 5631 coram
683 5575 769 5647 positi
789 5575 865 5632 vide·
916 5581 945 5631 ct
966 5576 995 5630 in
1016 5575 1200 5631 tolerantiam
1221 5576 1409 5647 temporalem
1432 5576 1642 5644 commonebat,
1666 5578 1732 5649 quia

51 5682 124 5737 runt,
153 5678 183 5728 et
208 5670 347 5727 universis
370 5670 499 5726 Ecclesiis
524 5685 576 5742 per
601 5672 723 5743 quatuor
750 5670 866 5725 climata
915 5668 986 5726 nihil
1011 5685 1073 5724 esse
1099 5669 1221 5742 dignum
1246 5669 1386 5741 passionis
1410 5668 1446 5724 ad
1471 5670 1734 5727 remunerationem

51 5767 149 5825 mendi
162 5765 324 5823 constitutis
342 5764 453 5823 utiliter
468 5769 498 5821 et
510 5766 659 5837 eleganter
677 5763 865 5836 scripserunt.
916 5767 1055 5822 aternam
1074 5762 1203 5823 docebat.
