3750 6046
147 158 197 226 lat
847 160 1009 225 euaserat
1028 164 1158 225 vlrltts
1777 160 1828 225 tao

146 290 288 347 corrrenit.
308 291 438 362 Denique
457 290 580 364 quadam
600 290 656 359 die,
675 290 744 346 dum
763 291 877 347 salutari
898 294 961 347 doc·
973 294 1095 378 ANero,
1110 293 1171 347 sinc
1186 292 1304 364 alicujus
1317 291 1433 362 indicio,
1448 292 1530 349 facile
1546 293 1638 365 potuit
1650 309 1825 366 cognoscere

147 388 228 442 trina
252 383 412 453 inserviret,
437 388 465 440 et
489 385 562 441 circa
587 401 734 458 vesperam
759 386 789 440 in
814 387 961 442 coenaculo
1012 387 1104 458 ipsum
1129 387 1225 458 magni
1248 388 1323 459 regis
1347 387 1484 442 militibus
1510 388 1673 459 presidere,
1700 406 1828 461 cumqrre

147 480 258 536 editiori
280 480 377 534 turbas
401 480 540 549 erudiret,
563 479 708 535 Patroclus
729 478 866 551 pincerna
886 481 961 552 regis
1012 480 1093 535 illum
1114 480 1306 553 interrogaret
1319 498 1369 535 cur
1388 481 1416 535 in
1436 498 1557 554 regnum
1572 483 1770 538 Romanorum
1790 484 1831 539 la·

146 593 164 630 a
176 573 376 630 consodalibus
389 575 446 630 suis
466 574 612 644 invitatus,
626 574 745 633 Caesaris
760 591 789 629 se
803 574 962 629 subducens
1013 578 1105 630 tenter
1125 574 1278 643 introisset,
1294 574 1455 648 militesque
1474 593 1541 631 suos
1561 576 1613 631 sibi
1634 575 1828 645 subtraheret,

145 668 318 740 aspectibus,
337 668 373 724 ad
389 668 544 741 hospitium
561 668 639 724 Pauli
659 668 786 740 perrexit
801 684 916 739 vespere
932 670 963 721 ut
1012 668 1112 740 suique
1122 669 1197 740 regis
1212 668 1383 741 principatui
1397 670 1575 742 subjugaret,
1590 671 1707 737 Paulus,
1721 670 1830 741 Spiritu

146 762 258 818 audiret
276 764 448 818 documenta
467 763 531 817 vitae
547 769 704 834 perpetuae.
726 761 781 818 Sed
804 779 880 829 cum,
902 779 962 833 prae
1012 768 1111 818 sancto
1130 762 1267 834 repletus,
1287 764 1420 819 virtutem
1439 763 1644 837 omnipotentis
1662 764 1713 818 uei
1731 781 1830 819 coram

146 857 329 912 multitudine
358 855 472 928 populi,
499 856 533 910 ad
564 856 736 928 magistrum
764 855 876 928 ingredi
904 872 962 911 nou
1013 856 1146 911 amnibus
1167 857 1217 930 qni
1238 855 1359 913 aderant
1381 860 1546 913 constanter
1571 858 1776 929 promulgavit,
1800 862 1829 912 et

147 955 244 1023 posset
271 953 303 1005 ut
327 949 445 1005 verbum
468 949 538 1018 Dei,
564 948 640 1023 qaod
667 949 809 1005 ferventer
831 949 961 1016 amabat,
1012 965 1113 1005 emises
1132 949 1168 1005 ad
1188 950 1350 1022 largitatem
1371 968 1473 1006 manus
1492 951 1579 1021 illius,
1602 951 1650 1023 qui
1672 951 1829 1006 secundum

148 1044 327 1101 commodius
358 1043 489 1112 audiret,
523 1043 560 1099 ad
590 1044 745 1099 fenestram
779 1043 963 1099 excelsiorem
1013 1044 1149 1116 cujusque
1173 1044 1309 1100 meritum
1330 1044 1404 1100 dona
1427 1044 1566 1100 ditissima
1590 1043 1757 1115 dispensare
1779 1061 1830 1116 po-

147 1138 274 1196 ascendit
292 1142 321 1193 at
342 1155 421 1194 secus
440 1155 504 1193 eam
525 1137 609 1193 sedit.
628 1139 732 1193 Verum
752 1153 817 1192 curu
833 1137 962 1210 profluus
1012 1135 1224 1204 test,invitarit,
1240 1138 1331 1208 ipsum
1347 1154 1462 1209 quoque
1475 1138 1616 1193 Caesarem
1630 1154 1743 1193 summo
1757 1137 1830 1209 Regi

147 1250 242 1290 sermo
262 1233 291 1289 in
310 1233 430 1305 longum
451 1232 665 1303 protraheretur
686 1237 714 1287 et
726 1231 840 1303 juranis
863 1247 962 1286 somam
1012 1230 1133 1286 lideliter
1146 1230 1264 1286 obedire
1277 1232 1466 1287 commonuit.
1483 1232 1672 1287 Nihilominus
1686 1232 1775 1288 etiam
1789 1249 1832 1286 as·

145 1328 329 1399 fatigaretur,
356 1324 508 1380 insidiante
534 1323 638 1380 invidia
666 1324 786 1395 diaboli,
815 1325 961 1395 paululum
1013 1325 1618 1397 seruitregemsuuurventurumvivoset
1638 1326 1829 1397 morluesju·

149 1420 305 1478 dormitare
327 1419 422 1492 coepit,
444 1419 603 1491 cadensque
627 1419 663 1474 de
683 1419 807 1474 fenestra
829 1418 894 1473 satis
917 1435 963 1474 ex·
1013 1418 1155 1487 dicare,et
1164 1419 1286 1490 liguram
1297 1420 1382 1491 hujus
1391 1421 1491 1475 mundi
1500 1420 1658 1493 perignem
1669 1421 1831 1476 devastare.

148 1515 217 1570 celsi
230 1515 379 1582 coenaculi,
399 1513 530 1585 spiritum
548 1513 702 1568 exhalavit.
724 1511 807 1577 Quod
827 1529 891 1568 mox
909 1513 961 1568 Ne·
1014 1514 1061 1569 llis
1075 1513 1188 1581 auditis,
1204 1514 1276 1568 Nero
1295 1516 1388 1570 Caesar
1400 1514 1444 1568 ira
1462 1531 1613 1569 succensus
1626 1520 1668 1570 est
1684 1520 1713 1570 et
1728 1531 1830 1570 omues

147 1610 212 1666 roni
225 1627 242 1665 a
255 1610 358 1664 balneo
371 1607 525 1664 revertenti
539 1607 700 1662 nuntiatum
717 1611 768 1676 est,
785 1607 861 1661 unde
874 1606 961 1673 idem,
1013 1607 1117 1664 Christi
1134 1606 1239 1662 milites
1257 1607 1326 1678 igne
1344 1608 1468 1664 cremari
1482 1609 1627 1680 praecepit.
1642 1609 1762 1663 Paulum
1777 1625 1828 1662 au·

149 1705 216 1777 quia
245 1703 384 1775 juvenem
410 1701 492 1757 valde
520 1702 674 1769 dilexerat,
703 1700 886 1756 contristatus
911 1677 1073 1767 esa‚Bram
1096 1701 1227 1756 consultu
1250 1705 1377 1768 senatus,
1401 1705 1537 1773 tanquam
1559 1702 1714 1772 majestatis
1734 1718 1830 1769 reum,

149 1797 277 1870 aliusque
291 1797 321 1853 in
336 1797 397 1853 loco
411 1797 471 1869 ejus
485 1795 521 1851 ad
535 1795 593 1850 vini
608 1795 731 1851 officium
748 1794 896 1851 ordinatus
910 1798 962 1849 est.
1014 1795 1169 1851 secundum
1196 1797 1338 1850 Romanas
1359 1796 1438 1868 leges
1467 1795 1558 1868 capite
1583 1796 1708 1851 truncari
1733 1796 1829 1867 jussit,

148 1891 252 1949 Paulus
271 1907 347 1962 vero,
370 1891 419 1963 qui
441 1890 560 1962 populos
583 1890 659 1947 intus
679 1888 849 1959 instruebat,
870 1889 964 1945 statim
1013 1889 1143 1963 Longino
1159 1895 1187 1944 ct
1208 1890 1327 1962 Megisto
1343 1890 1485 1961 praelectis
1505 1897 1588 1962 atque
1607 1892 1710 1946 Acesta
1729 1897 1829 1946 centu·

148 2001 201 2059 per
212 1984 350 2057 Spiritum
364 1984 498 2056 cognovit
507 1982 582 2055 quod
593 1986 708 2055 gestum
719 1988 789 2051 erat,
800 1983 964 2056 populoque
1014 1983 1099 2052 rioni,
1113 1982 1147 2038 ad
1160 1984 1394 2041 interficiendum
1406 1990 1485 2040 extra
1499 1985 1601 2040 urbem
1613 1984 1732 2040 tradidit
1740 2002 1750 2053 3
1766 1985 1829 2056 qui-

148 2080 283 2154 praesenti
304 2078 455 2147 nuntiarit,
480 2077 591 2151 sibique
614 2094 715 2151 corpus
738 2077 870 2133 exanime
890 2076 964 2131 illico
1013 2077 1065 2132 bus
1078 2078 1107 2132 in
1122 2078 1166 2132 via
1180 2079 1283 2133 Paulus
1296 2078 1358 2134 sine
1373 2077 1585 2133 intermissione
1598 2078 1717 2133 verbum
1731 2078 1830 2135 salutis

149 2173 245 2229 afferri
271 2172 416 2245 precepit.
442 2172 549 2227 Deinde
577 2172 663 2227 allate
687 2171 837 2240 cadavere,
860 2171 964 2225 Paulus
1013 2170 1185 2245 predicavit.
1199 2171 1318 2229 llinistri
1339 2172 1426 2227 etiam
1444 2176 1472 2227 ct
1490 2172 1664 2244 apparitores
1682 2189 1699 2228 a
1717 2173 1831 2229 Nerone

148 2266 263 2341 plebem
280 2267 420 2323 allocutus
439 2272 492 2337 est,
508 2283 540 2322 ac
555 2268 587 2321 ut
604 2266 691 2337 plena
705 2264 761 2320 lide
775 2281 828 2337 pro
842 2263 963 2320 resusci-
1014 2281 1079 2321 cum
1096 2266 1241 2321 velocitate
1255 2265 1357 2320 directi
1370 2269 1446 2336 sunt,
1460 2269 1488 2321 et
1500 2267 1644 2321 latitantes
1658 2265 1832 2322 Christianos

147 2360 254 2417 tatione
269 2360 378 2417 mortui
391 2359 542 2415 Dominum
556 2360 653 2415 lesum
669 2364 785 2415 orarent
802 2359 965 2414 exhortatus
1015 2358 1169 2431 diligenter
1182 2359 1219 2414 ad
1232 2359 1402 2415 occisionem
1415 2360 1582 2430 perscrutati
1595 2363 1671 2416 suut.
1680 2360 1762 2415 Unde
1773 2363 1832 2416 tam

148 2459 200 2511 est.
210 2453 353 2510 Universis
369 2453 491 2510 arationi
508 2452 773 2526 procumbentibus,
786 2451 865 2508 linita
881 2469 964 2524 prece
1014 2453 1163 2525 multiplex
1177 2452 1263 2509 turbs
1275 2453 1500 2510 Christianorum
1519 2470 1591 2509 caesa
1605 2460 1648 2509 est
1663 2457 1696 2509 ut
1706 2455 1832 2526 populus

149 2550 189 2605 ait
208 2549 309 2605 Paulus
327 2566 333 2604 :
351 2571 365 2599 «
378 2549 549 2604 Adolescens
569 2549 706 2617 Patrocle,
722 2563 808 2619 surge
828 2549 857 2603 et
880 2563 965 2601 narra
1014 2548 1161 2602 Romanus
1175 2546 1314 2618 palatium
1335 2547 1439 2603 virtute
1453 2548 1636 2620 irrumperet,
1651 2553 1680 2602 et
1694 2547 1723 2602 in
1736 2548 1832 2619 ipsum

149 2647 255 2717 quanta
276 2643 326 2699 tibi
344 2641 445 2698 iecerit
463 2641 613 2697 Dominus.
629 2663 643 2691 »
656 2641 718 2696 idox
738 2640 883 2696 Patroclus
899 2644 962 2695 tan·
1014 2641 1155 2697 Caesarem
1169 2640 1294 2696 excitare
1311 2640 1481 2697 seditionem
1496 2644 1650 2713 satageret.
1665 2641 1744 2697 Tunc
1758 2642 1833 2698 Nero

148 2754 236 2810 quam
250 2754 266 2791 a
281 2753 383 2792 somno
396 2735 531 2805 surrexit,
546 2738 575 2791 et
593 2735 750 2808 glorificare
766 2735 856 2790 [teum
870 2734 962 2789 omni·
1014 2734 1155 2790 clamores
1174 2734 1273 2807 populi
1295 2735 1418 2807 expavit,
1435 2744 1463 2791 et
1483 2735 1561 2791 aliud
1579 2734 1704 2790 edictum
1727 2752 1834 2809 propo-

148 2835 294 2905 potentem
313 2829 407 2901 coepit.
422 2829 523 2885 Paulus
537 2829 619 2884 illurn
637 2829 810 2901 gaudentem
829 2845 894 2884 cum
909 2845 962 2884 cae·
1014 2828 1071 2883 suit
1089 2845 1144 2901 quc
1160 2828 1333 2886 Christianos
1352 2829 1382 2883 in
1400 2845 1468 2900 pace
1488 2829 1581 2885 vivere
1595 2829 1741 2901 precepit.
1755 2831 1832 2895 Oua·

149 2922 229 2993 teris,
242 2923 292 2997 qui
308 2941 341 2978 ex
358 2922 444 2978 domo
462 2922 579 2979 Caesaris
595 2926 686 2990 erant,
701 2922 818 2978 dimisit.
837 2924 964 2995 Cumque
1011 2928 1132 2995 ⁴propter
1143 2923 1248 2978 Paulus
1257 2922 1360 2979 iterum
1372 2927 1414 2978 est
1428 2924 1489 2995 ejus
1498 2922 1607 2979 oblatus
1620 2923 1832 2995 conspectibus.

150 3020 226 3075 Nero
245 3018 406 3074 Patroclum
424 3018 629 3074 lamentaretur
646 3022 675 3073 et
694 3016 886 3072 immensitate
900 3016 962 3071 tris·
974 3048 1002 3123 C
1014 3016 1086 3073 Nero
1099 3021 1207 3080 autem,
1232 3021 1262 3071 ut
1284 3033 1351 3072 eum
1371 3016 1450 3087 vidit,
1468 3016 1722 3072 vehementissime
1742 3017 1833 3072 excla-

149 3113 221 3168 tltiae
245 3110 463 3181 absorberetur,
491 3111 599 3167 audivit
624 3110 660 3167 ab
687 3110 883 3167 assistentibus
910 3109 964 3166 sibi
1013 3110 1119 3167 inavit:
1138 3132 1150 3162 a
1166 3112 1244 3167 Tolle
1256 3128 1385 3182 magum,
1399 3111 1675 3179 tollitemalelicum;
1690 3109 1833 3167 decollate

149 3207 312 3265 Patroclum
334 3205 427 3261 rivere
447 3209 476 3263 et
492 3222 544 3278 pro
561 3205 669 3261 loribus
682 3205 789 3261 adesse.
809 3205 890 3270 Quod
911 3221 963 3260 au·
1014 3204 1214 3277 impostorem,
1235 3206 1343 3262 auferte
1364 3206 1398 3262 de
1418 3205 1568 3278 superficie
1585 3210 1669 3261 terrae
1689 3207 1833 3261 ruentium

150 3300 230 3357 diens
249 3302 344 3358 Caesar·
365 3299 476 3372 expavit
495 3298 591 3368 corde,
614 3303 644 3355 et
666 3297 817 3355 recusabat
834 3314 901 3354 eum
920 3299 962 3353 in·
1015 3299 1237 3355 immutatorem.
1260 3322 1274 3349 u
1297 3300 1398 3355 Paulus
1425 3315 1490 3354 vero
1514 3303 1676 3354 constanter
1698 3299 1833 3371 promisit

149 3393 248 3463 troire,
262 3409 370 3468 suoque
383 3392 509 3466 aspectui
523 3397 626 3450 astare.
641 3393 768 3449 Tandem
781 3393 963 3465 persuasione
1014 3410 1044 3447 se
1063 3399 1126 3465 post
1145 3397 1268 3449 mortem
1289 3393 1465 3449 eternaliter
1485 3393 1638 3460 victumm,
1653 3398 1683 3449 et
1699 3409 1766 3449 cum
1785 3395 1830 3448 in·

149 3488 306 3545 amicorum
321 3487 433 3561 ingredi
451 3487 591 3559 permisit,
606 3492 635 3544 et
650 3487 749 3543 videns
766 3503 834 3542 aum
847 3491 963 3558 vegeta·
1015 3487 1088 3543 victo
1103 3489 1180 3561 llege
1199 3505 1249 3543 suo
1267 3504 1453 3558 mensurnam
1468 3488 1523 3561 ipsi
1538 3504 1652 3561 quoque
1666 3488 1782 3558 Neroni,
1795 3489 1831 3544 ad

149 3588 222 3652 tum,
246 3583 382 3655 nullaque
405 3581 488 3654 signa
507 3582 607 3638 mortis
625 3580 788 3651 habentem,
807 3580 962 3652 obstupuit,
1014 3581 1258 3654 comprobandam
1276 3599 1393 3638 suorum
1413 3583 1500 3638 sidem
1514 3582 1677 3649 verborum,
1692 3598 1722 3637 se
1735 3582 1831 3639 vivum

149 3682 177 3734 et
195 3677 306 3733 locutus
324 3676 469 3744 cum-illo,
489 3674 680 3731 Christianum
699 3691 766 3732 eum
788 3690 849 3730 esse
863 3690 964 3746 coguo-
1013 3680 1078 3748 post
1098 3675 1314 3733 decollationem
1336 3676 1484 3732 evidenter
1503 3681 1696 3732 ostensurum.
1721 3676 1831 3733 Deinde

148 3773 198 3828 rit.
219 3771 298 3827 Unde
319 3770 405 3826 niuris
427 3770 527 3838 iratus,
548 3770 663 3842 alapam
687 3769 713 3825 ei
734 3768 823 3839 dedit,
843 3769 963 3841 ideoque
1014 3772 1116 3826 Paulus
1137 3771 1266 3843 gaudens
1283 3771 1319 3826 ad
1338 3772 1511 3843 supplicium
1525 3770 1628 3826 ductus
1646 3774 1699 3839 est,
1714 3771 1830 3843 suisque

147 3866 242 3939 magis
260 3865 308 3920 ille
328 3866 357 3919 in
377 3864 495 3920 Domino
510 3865 575 3919 lesu
591 3863 750 3919 exsultarit.
766 3864 844 3918 Tunc
857 3863 962 3918 Rorna—
1014 3864 1202 3933 carnificibus,
1218 3863 1338 3936 aliisque
1358 3864 1560 3920 comitantibus
1573 3863 1659 3919 verba
1674 3864 1741 3919 vitae
1755 3865 1830 3921 mul·

147 3961 197 4017 bas
220 3964 248 4015 et
267 3963 372 4026 iustus,
393 3958 497 4013 Paulus
522 3957 605 4013 miles
627 3960 655 4013 et
676 3956 763 4012 Arion
784 3956 964 4029 Cappadocus
1014 3958 1148 4030 tipliciler
1174 3958 1339 4030 impertitus
1368 3964 1420 4015 est.
1448 3960 1536 4028 Nam,
1565 3963 1739 4030 cooperante
1767 3959 1829 4031 Spi-

149 4058 177 4111 et
190 4055 286 4109 Festus
296 4053 403 4118 Galata,
417 4050 541 4107 ministri
552 4051 669 4108 Caesaris
684 4054 713 4106 et
725 4051 820 4118 enrici,
833 4049 965 4106 dixerunt
1014 4053 1071 4109 ritu
1093 4055 1198 4119 saneto,
1219 4052 1385 4107 idololatriae
1409 4053 1562 4109 vanitatem
1586 4053 1765 4123 monstravit,
1789 4069 1831 4107 ra·

149 4149 175 4202 ei
192 4165 199 4203 :
216 4169 230 4197 a
246 4147 303 4203 Cur
323 4149 400 4201 recta
419 4144 579 4217 sapientem
597 4148 626 4200 et
647 4142 828 4200 veracissima
844 4160 962 4216 respon·
1014 4145 1177 4202 tiociuando
1196 4146 1269 4201 nihil
1289 4162 1351 4202 esse
1371 4146 1507 4218 probavit,
1524 4164 1622 4203 veram
1640 4147 1740 4216 tidem,
1754 4146 1829 4203 reri·

149 4242 266 4297 dentem
287 4239 412 4312 percutis
429 4239 586 4311 juvenem?
601 4240 671 4294 Nam
689 4241 719 4294 et
736 4255 788 4295 nos
807 4237 965 4294 militamus
1015 4257 1072 4313 que
1086 4239 1135 4294 Dei
1154 4240 1350 4312 cognitionem
1368 4240 1535 4297 mirabiliter
1547 4243 1691 4315 allegavit,
1707 4242 1828 4298 damna·

149 4334 253 4391 invicto
274 4335 337 4408 regi
354 4339 421 4390 lesu
441 4331 552 4389 Christo
572 4333 692 4389 Domino
711 4337 816 4388 nostro.
839 4353 853 4383 u
871 4333 965 4388 Cesar
1016 4334 1125 4390 tionem
1151 4334 1340 4406 reproborum
1366 4340 1395 4390 et
1424 4335 1662 4407 glorificationem
1684 4337 1829 4408 iustorum

148 4437 257 4499 autem,
277 4446 342 4486 cum
365 4428 491 4484 audisset
511 4445 568 4483 uno
590 4445 674 4483 sensu
697 4432 726 4483 et
747 4443 880 4483 sermone
901 4426 1166 4531 illostagnilice
1193 4429 1345 4501 peroravit.
1372 4430 1427 4485 Nec
1458 4430 1574 4485 trustra.
1602 4430 1720 4486 Divinus
1750 4431 1828 4485 enim

147 4525 286 4581 invictum
301 4540 401 4596 regem
418 4525 515 4579 lasum
537 4523 641 4591 dicere,
657 4521 775 4578 retrusit
794 4538 841 4577 eos
859 4521 888 4577 iu
905 4536 963 4576 car·
1013 4539 1105 4579 sermo
1130 4523 1261 4594 protinus
1282 4522 1472 4591 fructificavit,
1495 4524 1674 4580 audientium
1696 4524 1830 4580 videlicet

149 4635 255 4688 cerem,
278 4622 309 4674 ut
330 4619 416 4674 nimis
441 4617 501 4673 illos
525 4620 670 4690 torqueret
693 4631 763 4688 quos
787 4615 872 4670 nimis
896 4618 963 4671 anta
1014 4618 1100 4673 corda
1113 4616 1263 4674 turbarum
1277 4620 1401 4690 tangens
1415 4617 1618 4686 inflammarit,
1635 4621 1664 4674 et
1679 4634 1827 4675 converso·

149 4716 306 4770 amaverat.
325 4711 530 4768 Praedicatores
548 4727 662 4784 quoque
683 4709 758 4765 illius
776 4709 875 4782 magni
890 4707 964 4781 regis
1014 4728 1077 4766 rum
1100 4728 1198 4769 vocem
1219 4728 1270 4784 pro
1294 4712 1444 4769 transactis
1467 4714 1603 4782 reatibus,
1628 4713 1658 4769 in
1681 4714 1829 4786 planctum

148 4823 333 4881 summepere
349 4805 456 4880 requiri
465 4806 562 4878 jussit,
576 4810 605 4859 et
620 4804 745 4861 edictum
760 4804 849 4859 lerale
863 4819 965 4875 propo·
1014 4806 1198 4879 permutavit.

149 4900 206 4957 suit
220 4903 259 4972 ut,
275 4899 364 4956 sicubi
378 4898 587 4966 invenirentur,
602 4898 662 4954 sine
675 4897 900 4969 interrogatione
914 4913 964 4969 per
1052 4902 1178 4970 lnterca,
1205 4901 1274 4957 duur
1301 4919 1352 4974 pro
1377 4906 1437 4958 tarn
1462 4901 1568 4959 sanctis
1596 4901 1830 4976 occupationibus

149 4998 291 5053 tormenta
317 4994 396 5050 varia
426 4993 607 5065 punirentur.
641 4989 748 5046 Fideles
775 5007 843 5063 ergo
874 4991 964 5046 mirlta
1014 5011 1096 5051 mora
1121 4996 1211 5064 lieret,
1236 5001 1264 5051 et
1290 4997 1411 5069 populus
1439 4997 1546 5053 multus
1572 5013 1654 5053 voces
1680 4996 1709 5052 in
1737 4997 1829 5054 altum

148 5089 320 5147 scrutatione
340 5106 357 5144 a
377 5085 515 5143 ministris
536 5084 698 5158 reipublice
716 5084 827 5158 quesiti
850 5089 917 5141 sunt
936 5088 965 5141 et
1014 5088 1166 5156 emitteret,
1186 5090 1257 5145 Nero
1282 5091 1466 5147 Parthenium
1485 5094 1513 5146 et
1534 5091 1668 5160 Peritum,
1690 5092 1789 5148 ridere
1807 5091 1829 5148 si

147 5183 256 5241 inventi
267 5179 485 5256 quamplurimi,
500 5182 586 5252 atque
598 5180 633 5236 ad
649 5180 833 5252 presentiam
847 5179 964 5237 Caesaris
1010 5183 1101 5255 jussio
1119 5184 1180 5256 ejus
1199 5187 1341 5256 completa
1361 5192 1446 5254 esset,
1469 5185 1558 5254 misit,
1580 5189 1609 5240 et
1628 5202 1680 5259 per
1701 5202 1750 5242 eos
1767 5203 1830 5258 pas·

147 5277 278 5354 perducti
293 5278 369 5332 sant.
1014 5276 1125 5334 sionem
1136 5279 1268 5350 apastoli,
1283 5280 1306 5335 si
1323 5279 1416 5335 adbuc
1426 5264 1548 5348 viveret,
1563 5280 1741 5337 acceleravit.
1761 5281 1830 5354 lpsis

184 5375 260 5428 luter
279 5387 328 5427 eos
347 5369 462 5438 Paulus,
482 5366 746 5426 consuetudinarias
764 5367 818 5426 sibi
836 5386 889 5443 pre
909 5387 963 5427 no·
1013 5389 1126 5445 quoque
1147 5374 1249 5429 Paulus
1271 5390 1373 5431 semen
1394 5374 1495 5432 salutis
1514 5374 1626 5443 obtulit,
1646 5374 1697 5431 sed
1718 5391 1830 5448 praera-

147 5464 227 5527 mina
248 5464 353 5523 Christi
374 5468 488 5537 gestans
509 5468 634 5532 catenas,
655 5464 757 5521 ductos
779 5469 821 5522 est
841 5465 961 5523 vinctus.
1012 5465 1089 5523 lente
1105 5468 1245 5541 nequitia,
1259 5468 1405 5525 obduratis
1419 5468 1552 5525 cordibus
1569 5468 1691 5525 minima
1709 5469 1829 5542 profuit.

147 5564 246 5635 lpsom
270 5575 372 5616 omues
391 5557 439 5615 alii
462 5558 540 5615 relat
563 5557 741 5616 didascalum
763 5558 963 5633 respiciebant,
1013 5562 1143 5635 Cumque
1156 5562 1194 5618 sd
1208 5562 1304 5621 locum
1318 5563 1450 5636 martyrii
1467 5578 1533 5621 cum
1546 5563 1706 5621 innumeris
1722 5563 1833 5621 eomiti-

147 5653 317 5729 meritoque,
332 5667 421 5729 quern
432 5652 569 5710 Marinus
580 5668 630 5709 vas
644 5652 791 5711 electionis
802 5659 963 5728 censuerat,
1012 5655 1066 5713 bus
1085 5656 1244 5729 incederat,
1263 5663 1292 5715 et
1313 5656 1475 5715 Plautillsm
1493 5657 1704 5721 nobilissimum
1726 5663 1832 5719 matro-

145 5745 465 5825 honorabanturque
480 5746 509 5805 iu
529 5744 882 5824 omnibuspraeterebaut.
895 5748 964 5809 tude
1013 5766 1082 5813 uam
1102 5751 1140 5811 ad
1159 5755 1273 5831 portam
1292 5751 1373 5817 uba
1393 5752 1496 5815 homas
1516 5752 1630 5817 ebriam
1649 5752 1799 5825 beheim
1820 5771 1829 5825 t
1862 5746 1869 5765 ⁸
