3750 6046
89 110 139 166 sot
515 110 674 168 tristatus
694 109 964 166 ecclesiastica,
979 106 1113 165 -reus
1133 110 1164 163 ll.
1182 137 1216 149 -
1233 109 1297 166 Llll.
1317 108 1349 164 Vl
1722 109 1776 165 502

89 236 166 297 cium
186 239 214 291 et
230 250 344 306 ponam
365 235 477 292 earrdere
497 236 600 299 anteat,
624 251 678 290 nan
701 251 782 291 cansa
798 236 911 290 atterius
922 233 1116 319 Aimpetrare
1128 232 1284 301 diffidebat,
1298 237 1428 289 sanetum
1437 233 1634 304 Benedictnm,
1650 233 1730 307 ciuus
1743 249 1774 289 se

91 329 193 385 salutis
218 329 411 386 monachatum
436 345 555 400 quarere
578 331 680 386 sciatis.
710 333 770 400 lpse
796 344 911 399 namque
961 326 1122 398 preceptis,
1139 327 1289 382 utdictum
1303 331 1354 396 est,
1369 326 1549 382 subditurum
1569 344 1627 384 nan
1642 327 1705 383 ficte
1721 327 1772 382 de·

94 423 256 480 tnesaurum
274 424 408 479 occuitum
427 426 542 486 incenit,
563 440 596 479 ea
613 439 666 495 qno
684 425 785 491 furtim
804 423 911 479 sublato
961 425 1086 488 voverat,
1101 436 1211 476 necnon
1234 426 1361 476 sanctam
1383 421 1523 492 virginem
1538 420 1730 494 Egeldridem,
1745 421 1774 477 in

93 519 239 585 tmerator
251 518 358 588 effectus
366 521 416 573 est.
426 520 575 573 Tantorum
583 520 676 588 itaque
685 532 746 573 reas
755 519 910 581 criminum,
962 514 1043 585 cnjus
1056 515 1227 570 monasterio
1241 515 1297 570 boc
1308 514 1383 571 idem
1398 531 1427 571 se
1439 515 1581 571 facturum
1596 515 1773 587 previderat,

95 610 913 682 trtroriniioideticetetusurae,praesentiarepisoetjudicnm
962 609 1046 664 corde
1068 608 1255 681 lacrymabili,
1278 613 1307 665 et
1326 625 1390 665 voce
1412 625 1470 681 qua
1490 613 1611 681 poterat,
1633 609 1774 665 incessan-

94 708 196 761 metuit
209 707 344 761 assistere.
361 706 531 776 Quapropter
544 706 595 760 truc
608 705 645 760 ad
657 720 703 760 uos
719 721 753 760 ea
771 707 842 774 regis
860 707 911 758 im·
963 706 1008 757 ter
1021 700 1181 756 advocabat.
1199 701 1267 757 ilinc
1288 702 1385 774 itaque
1405 707 1539 758 oneratus
1558 719 1591 757 ac
1609 701 1775 759 constrictas

92 802 174 870 perio
184 801 296 862 musas,
308 799 442 854 interdico
457 814 489 853 ne
500 799 578 853 ittam
592 801 622 853 in
636 803 724 854 aestro
740 799 848 868 callepio
863 813 913 851 irre·
964 795 1050 862 ferro,
1064 794 1132 849 hinc
1150 795 1255 867 frigore
1273 796 1426 865 eruciatus,
1445 796 1525 852 illinc
1543 796 1679 868 fatigatus
1694 796 1769 868 jeju-

97 893 189 948 deatis
200 895 344 963 suscipere.
356 893 410 946 Nos
422 895 530 962 antem,
542 891 638 947 audita
651 891 727 964 regis
739 891 914 959 defensione,
965 888 1024 956 nio,
1041 887 1230 944 miserabilem
1243 888 1343 958 ritem,
1358 889 1407 961 qni
1423 905 1474 961 pro
1487 895 1565 945 certo
1580 888 1652 944 mori
1666 889 1773 957 mallet,

97 987 237 1042 timentes
256 985 328 1040 iram
349 985 412 1057 ejus
430 985 586 1054 incurrere,
603 985 748 1040 notuimus
767 985 843 1040 bunc
861 984 914 1039 ho·
965 998 1051 1055 quam
1063 981 1215 1037 infeliciter
1229 981 1332 1050 virere,
1346 983 1428 1054 juxta
1442 983 1660 1039 estimationem
1680 999 1776 1039 meam

97 1079 212 1135 minem
229 1078 313 1134 caetui
334 1084 431 1133 nostro
447 1078 632 1149 conjungere.
650 1077 724 1143 Quid
743 1077 845 1149 plura?
865 1077 916 1132 snb
966 1075 1086 1148 integris
1106 1092 1123 1128 v
1146 1075 1291 1131 mensibus
1311 1077 1423 1147 lugens,
1438 1077 1467 1132 in
1489 1077 1613 1133 tenebris
1631 1077 1775 1132 sustinuit.

98 1171 316 1244 fidejussoribus
331 1173 442 1240 missus,
461 1172 573 1227 ducitur
593 1171 628 1226 ad
644 1171 796 1242 judicium.
811 1171 916 1227 Rednl-
967 1170 1000 1225 Et
1014 1169 1110 1224 videns
1125 1169 1237 1224 nullum
1254 1169 1366 1241 penitus
1379 1170 1537 1225 humanum
1547 1170 1600 1226 sibi
1612 1170 1711 1225 adesse
1726 1186 1775 1225 an·

100 1266 129 1321 fo
146 1268 246 1321 antem
265 1267 347 1321 Basso
369 1265 487 1320 sedente
509 1281 560 1337 pro
578 1263 724 1332 tribunali,
738 1263 919 1335 eorrgregatis
968 1261 1077 1328 xillum,
1096 1264 1226 1317 sanctum
1250 1262 1434 1318 benedictum
1457 1268 1487 1319 et
1505 1269 1630 1319 sanctam
1654 1262 1779 1334 Egeldri·

101 1359 192 1415 etiarn
211 1358 432 1431 provincialibus
445 1357 584 1413 universis
603 1358 679 1430 apud
698 1356 918 1425 linntedoniam,
970 1355 1036 1410 dam
1067 1355 1208 1410 continuis
1239 1356 1403 1428 gemitibus,
1428 1357 1566 1428 suspiriis,
1596 1356 1778 1428 singultibus,

100 1457 133 1508 ut
147 1469 212 1508 mos
225 1458 269 1508 est
280 1452 310 1507 in
324 1452 437 1524 Anglia,
452 1468 507 1524 ega
526 1453 586 1524 ipse
601 1453 734 1518 ilariaco,
751 1467 819 1507 cum
833 1450 920 1506 abba·
971 1448 1142 1521 quandoque
1157 1449 1290 1521 lacrymis
1309 1449 1394 1506 corde
1408 1450 1450 1506 sal
1467 1466 1515 1505 are
1533 1449 1706 1506 ruminanda
1719 1466 1782 1522 pro-

97 1547 176 1601 libus
200 1545 340 1603 itainaldo
365 1545 550 1611 Ramesiensi,
565 1551 595 1600 et
612 1545 756 1601 liodberto
772 1543 919 1609 l'ornensi,
971 1558 1069 1597 vocare
1091 1558 1149 1597 nan
1171 1543 1308 1599 cessabat.
1331 1543 1402 1608 Quid
1427 1544 1528 1615 plura?
1552 1548 1635 1599 nacte
1658 1544 1781 1616 quadam

101 1656 220 1696 necnon
241 1639 350 1694 clericis
371 1639 500 1711 pluribus
521 1642 550 1694 et
571 1638 720 1694 monachis
742 1637 865 1694 interfui.
887 1611 958 1693 ErB
971 1651 1037 1691 cnm
1052 1635 1133 1707 signa
1152 1652 1205 1708 per
1225 1636 1324 1692 urbem
1346 1636 1382 1692 ad
1399 1640 1550 1693 noeturnae
1572 1638 1670 1693 landes
1691 1638 1782 1710 pulsa·

101 1750 137 1789 ne
151 1750 202 1790 vos
220 1733 337 1805 longius
351 1733 525 1805 protraham,
540 1736 686 1788 aecusatus
699 1732 747 1787 ille
768 1748 833 1787 enm
852 1748 918 1786 uso·
970 1735 1080 1797 rentur,
1094 1734 1123 1784 et
1136 1729 1183 1784 ille
1197 1730 1226 1784 in
1241 1746 1353 1785 earcere
1377 1746 1443 1786 cum
1462 1730 1573 1786 caeteris
1586 1730 1725 1803 angustiis
1746 1730 1782 1786 ab

100 1844 131 1882 re
145 1829 356 1898 praesentatum
378 1826 497 1881 crimina
516 1826 570 1881 sibi
592 1826 662 1881 laiso
681 1826 814 1897 imposita
836 1840 919 1880 reno·
972 1823 1053 1879 amni
1065 1822 1127 1878 ciba
1142 1823 1267 1878 triduum
1284 1824 1474 1880 continuasset
1484 1825 1612 1896 jejunus,
1628 1825 1689 1897 jam
1707 1841 1782 1897 pene

99 1925 218 1976 vantur.
240 1920 289 1975 llle
312 1936 368 1974 nan
391 1923 455 1974 acta
478 1920 611 1991 negabat,
636 1919 713 1990 qrrod
735 1935 793 1974 nan
816 1919 921 1974 fecerat
971 1921 1115 1989 deficiens,
1130 1925 1190 1976 eta
1210 1922 1338 1993 corporis
1359 1922 1539 1994 reparatione
1552 1922 1665 1994 penitus
1685 1923 1782 1996 despa-

99 2013 235 2070 conllteri
254 2013 401 2085 nequibat.
415 2014 537 2068 licentra
556 2013 592 2068 de
613 2012 759 2068 mendacio
780 2011 919 2083 arguitur,
970 2031 1045 2082 rans,
1058 2013 1175 2069 nomina
1189 2017 1354 2071 sanctornm
1370 2014 1460 2070 flebili
1474 2031 1541 2071 roae
1556 2015 1714 2087 repetebat.
1729 2016 1784 2073 Sed

100 2106 267 2174 deridetur;
279 2111 342 2161 erat
351 2106 430 2160 enim
440 2107 650 2177 aliquantulum
658 2106 849 2178 corpulentus,
861 2120 920 2159 me·
971 2108 1042 2163 Deus
1056 2108 1184 2163 clemens
1200 2114 1227 2162 et
1242 2108 1410 2176 misericors,
1424 2109 1474 2180 qui
1489 2108 1552 2163 fens
1569 2109 1655 2164 totius
1673 2109 1786 2164 bonite·

101 2200 210 2256 diocris
230 2215 368 2272 personae,
386 2203 414 2254 et
431 2199 593 2267 honestam,
613 2205 644 2254 nt
669 2198 708 2253 ita
727 2199 832 2269 dicem,
851 2198 919 2252 che·
970 2201 1007 2255 tis
1020 2200 1186 2256 iudeficiens
1201 2205 1362 2272 permanet,
1380 2201 1429 2273 qui
1442 2201 1554 2256 nullum
1569 2202 1599 2256 in
1618 2201 1785 2258 necessitate

101 2294 177 2349 riem
194 2293 328 2348 habebat.
340 2294 406 2349 Post
417 2294 521 2348 multas
535 2308 601 2348 vera
614 2293 702 2348 illatas
716 2291 770 2347 sibi
784 2292 846 2346 sine
862 2307 921 2346 ma·
971 2293 1094 2366 positum
1109 2293 1231 2366 spernit,
1247 2294 1395 2349 neminem
1411 2311 1462 2366 pro
1479 2295 1604 2367 potentia
1619 2294 1664 2350 rel
1680 2293 1785 2351 divitiis

101 2388 161 2442 rito
175 2386 377 2455 contumelias,
391 2387 468 2441 velut
481 2387 641 2441 Susannam
661 2385 921 2457 praejudicaverunt
971 2388 1060 2458 eligit,
1076 2389 1143 2442 satis
1160 2391 1298 2458 optatam,
1315 2393 1343 2443 et
1362 2391 1479 2460 propter
1498 2387 1630 2444 desiderii
1644 2402 1783 2460 augmen·

101 2480 212 2552 ipsum,
226 2496 291 2534 cum
306 2478 385 2534 omni
399 2479 517 2534 omnino
531 2478 707 2549 possessione
724 2478 826 2533 ditioni
846 2477 921 2549 regis
970 2481 1118 2550 tationem,
1135 2486 1163 2536 et
1183 2486 1213 2536 ut
1234 2481 1335 2553 adepta
1353 2480 1444 2554 magis
1462 2480 1639 2553 diligeretur,
1653 2482 1784 2552 dilatam,

100 2572 290 2628 tradendum.
306 2573 433 2628 Postlale
443 2572 595 2644 judiciuin,
607 2588 670 2626 cum
683 2587 734 2626 sua
747 2571 865 2626 reddere
878 2588 921 2626 co·
971 2574 1085 2630 undem
1102 2574 1229 2646 poscenti
1240 2574 1466 2630 misericordiam
1480 2591 1560 2630 suain
1573 2575 1715 2631 exhibuit.
1730 2576 1784 2631 ad-

103 2674 235 2739 geretur‚
249 2683 314 2738 quse
328 2667 358 2721 in
375 2672 509 2738 promptu
528 2668 610 2721 erant
629 2665 772 2732 reddidit3
793 2664 922 2719 absentia
971 2672 1036 2723 sant
1060 2669 1138 2722 enim
1161 2668 1294 2723 clamanti
1319 2673 1432 2723 sanctus
1455 2669 1622 2724 Benedictus
1641 2672 1669 2723 et
1687 2672 1785 2724 sancta

102 2761 154 2816 nbi
176 2767 284 2828 essent,
300 2766 329 2815 et
350 2761 399 2831 qui
418 2765 513 2814 essent
536 2758 679 2814 debitores
701 2757 843 2813 indicarit.
867 2757 920 2813 Sed
972 2761 1133 2834 Egeldrida,
1145 2777 1210 2816 euni
1222 2777 1320 2817 sorore
1334 2778 1383 2816 sua
1397 2761 1665 2833 sanctaSexbnrga.
1679 2762 1727 2816 llle
1739 2779 1786 2816 ve·

100 2871 170 2910 carn
186 2855 268 2926 plura
282 2852 414 2920 reddere,
430 2857 459 2907 et
473 2852 583 2924 majora
599 2853 725 2907 indicare
738 2851 921 2922 compellere·
970 2872 1002 2910 ro
1017 2855 1155 2929 previum
1175 2856 1283 2921 lumen,
1303 2854 1380 2927 quod
1396 2860 1508 2910 sanctas
1525 2854 1723 2925 antecedebat,
1738 2855 1784 2911 in·

100 2954 161 3017 tur,
173 2947 291 3020 Angliea
308 2947 426 3018 lingua:
444 2946 512 3002 Tbnt
526 2952 581 3001 wart
590 2949 645 3002 min
660 2948 750 3001 trrrrert
762 2945 840 3015 godel
854 2946 922 3000 mitr-
931 2977 959 3051 C
972 2949 1086 3004 solitum
1104 2948 1202 3003 adesse
1218 2965 1416 3020 expavescens,
1431 2964 1518 3004 mann
1533 2964 1583 3003 sna
1603 2949 1700 3004 oeulos
1718 2965 1784 3005 snos

101 3045 145 3097 tin
157 3043 219 3097 tirat
240 3045 265 3096 ic
283 3056 344 3112 segc
356 3041 427 3104 sotir,
444 3039 646 3112 respondebat.
662 3039 741 3105 Quod
764 3056 816 3095 nos
832 3037 922 3093 Latini
972 3041 1094 3114 operuit.
1106 3042 1392 3097 Venientibnsautem
1403 3042 1506 3097 sanetis
1516 3058 1581 3097 cum
1592 3041 1653 3113 ipsa
1664 3042 1785 3111 lumine,

100 3136 248 3192 dicimus:
263 3136 303 3190 ili
319 3135 436 3197 domine,
452 3136 502 3190 scit
519 3137 589 3190 Deus
610 3136 779 3204 omnipotens
798 3136 863 3204 qaia
877 3148 921 3187 ee·
972 3137 1066 3190 sancta
1083 3134 1232 3207 Egeldrida
1247 3136 1324 3208 prius
1339 3136 1432 3191 locuta
1445 3140 1504 3191 est:
1521 3136 1593 3203 Quid
1605 3152 1663 3200 nos,
1679 3133 1783 3207 inquit,

99 3233 215 3285 rdetem
229 3229 300 3284 dico.
317 3229 375 3284 lloc
392 3228 479 3282 verbo
492 3227 594 3299 sepius
609 3228 742 3299 repetito,
758 3227 830 3282 nihil
845 3226 922 3282 alind
972 3231 1106 3291 briestan,
1123 3231 1201 3284 toties
1216 3229 1468 3300 lacrymispnisas?
1480 3230 1550 3296 Quid
1571 3245 1618 3285 nos
1634 3232 1718 3285 tantis
1730 3231 1786 3286 cia·
1869 3226 1873 3231 ’

101 3322 230 3378 dicebat.
247 3321 402 3394 Propalatis
417 3321 549 3376 omnibns
564 3337 629 3393 quoe
648 3321 781 3389 habebat,
796 3320 920 3375 alferun·
971 3323 1091 3378 moribus
1103 3325 1268 3378 commones?
1289 3323 1337 3377 lile
1352 3322 1479 3394 quidem,
1491 3323 1551 3393 jam
1568 3322 1729 3379 debilitatus
1740 3324 1783 3396 je·

99 3423 151 3472 tur
171 3415 313 3488 reliquiae.
328 3415 380 3480 oni
400 3431 465 3471 enm
485 3416 582 3486 jurare
605 3415 734 3483 deberet,
748 3414 820 3470 dixit
839 3414 922 3469 uxori
968 3415 1063 3487 junio,
1078 3432 1153 3470 nunc
1164 3416 1242 3487 quasi
1253 3415 1282 3471 in
1293 3432 1407 3470 excessu
1419 3415 1671 3485 mentisredditns‚
1681 3421 1709 3472 et
1718 3432 1786 3489 gau·

101 3527 185 3566 suae:
206 3511 289 3568 Soror
308 3525 378 3573 mea,
398 3525 448 3580 per
466 3510 538 3564 iliad
557 3510 630 3580 qnod
648 3525 694 3564 nas
712 3511 843 3579 astringit
859 3511 921 3563 ein·
972 3509 1019 3564 dio
1037 3509 1163 3581 repletus
1176 3525 1228 3581 pro
1249 3513 1329 3565 tanto
1342 3509 1492 3576 miraculo,
1509 3509 1578 3564 nihil
1601 3509 1719 3565 omnino
1737 3526 1783 3565 re·

99 3604 197 3660 catum
209 3603 368 3665 attentatis,
382 3609 407 3658 te
420 3602 528 3673 odjum,
543 3618 577 3657 ne
597 3618 638 3658 me
653 3603 810 3674 perjurium
828 3605 920 3656 incur·
972 3601 1114 3674 spondere
1127 3607 1247 3674 poterat.
1263 3603 1339 3657 Tunc
1354 3607 1453 3658 sancta
1467 3602 1643 3674 snbjungens
1655 3601 1712 3658 ait:
1730 3604 1786 3672 aaa

99 3713 162 3755 rere
174 3698 305 3768 patueris.
319 3697 385 3752 Pius
397 3699 468 3751 enim
480 3699 580 3751 animae
595 3697 747 3767 pericnlum
761 3712 844 3766 qnam
860 3710 921 3749 aar·
971 3711 1030 3751 sam
1051 3696 1210 3766 Epeitrida,
1230 3712 1312 3767 qnam
1328 3703 1358 3751 tn
1381 3698 1458 3751 toties
1476 3698 1618 3750 invocasti.
1638 3698 1689 3753 llic
1707 3696 1785 3752 adest

96 3794 178 3863 poris
190 3792 329 3845 namatus
340 3805 494 3860 capannas.
508 3792 634 3859 stipites
645 3789 922 3859 otiqnidresidaitua
970 3797 1079 3846 sanctus
1096 3789 1264 3858 Benedictus,
1278 3791 1326 3844 snb
1342 3789 1418 3859 cujus
1436 3789 1532 3844 tabita
1550 3789 1583 3845 de
1602 3791 1655 3845 Deo
1673 3792 1785 3845 seruitu-

100 3886 154 3940 tabi
166 3885 334 3939 couscientia
352 3883 528 3946 demonstrat,
544 3886 574 3937 in
591 3883 709 3938 medium
722 3885 848 3952 proferre
865 3898 921 3936 non
970 3898 1033 3938 rum
1049 3883 1188 3946 decrevisti,
1202 3888 1228 3936 at
1247 3898 1265 3938 a
1285 3898 1337 3952 qna
1355 3882 1490 3938 ancilium
1508 3883 1644 3937 multoties
1664 3885 1788 3954 poposci·

98 3978 224 4049 differas.
247 3978 314 4033 Pius
332 3979 403 4031 enim
427 3977 555 4031 inimicas
571 3981 661 4031 noster
678 3976 832 4046 spiritualis
862 3979 922 4030 ani·
970 3980 1016 4032 sti.
1039 3978 1086 4032 Vis
1106 3976 1235 4030 liberari?
1254 3977 1355 4032 Audita
1376 3976 1429 4031 hae
1448 3992 1525 4044 voce,
1548 3975 1651 4031 revixit
1668 3977 1784 4047 spiritns

99 4088 210 4128 marum
229 4070 443 4133 damnationem,
462 4086 543 4139 arram
562 4072 652 4124 curnis
670 4071 861 4125 detractionem
877 4070 921 4124 de·
970 4070 1042 4141 ejus,
1058 4073 1086 4124 et
1100 4069 1181 4141 qrrasi
1192 4069 1226 4125 de
1242 4085 1342 4125 somna
1356 4070 1502 4142 evigilans,
1514 4069 1554 4125 ait
1568 4086 1574 4125 :
1589 4072 1781 4134 Dominamea,

97 4166 216 4221 sidant.
232 4164 275 4220 Ad
290 4179 377 4236 quiem
394 4163 463 4218 illa:
479 4166 602 4226 Domine,
616 4163 718 4236 inquit,
738 4168 838 4234 practer
851 4163 920 4217 indi·
969 4166 993 4218 si
1006 4164 1098 4233 atiquo
1113 4164 1191 4218 modo
1205 4166 1293 4219 uicem
1304 4179 1415 4235 possen,
1431 4165 1464 4219 ab
1483 4166 1534 4219 isto
1553 4164 1710 4220 resonabili
1723 4180 1785 4219 aar·

100 4264 165 4315 cata
177 4259 222 4313 nil
233 4260 342 4314 omnino
357 4260 411 4313 nisi
425 4272 469 4311 rvr
482 4258 618 4313 setidcset
631 4258 700 4311 duos
714 4262 920 4312 tautumaamr-
970 4273 1027 4311 cere
1040 4258 1113 4311 caira
1133 4257 1237 4312 callem.
1254 4258 1309 4314 Sed
1322 4259 1382 4327 jam
1401 4273 1442 4313 me
1464 4258 1577 4312 dirersis
1598 4259 1732 4327 angustiis
1745 4259 1784 4313 sic

102 4355 152 4417 ias,
166 4369 195 4409 nr
208 4352 337 4408 denarim
349 4352 546 4422 appendentes.
562 4352 656 4406 tribea.
670 4351 777 4416 Quibus
794 4350 823 4404 in
846 4344 1104 4422 prae-Duffliatnm
1126 4350 1213 4412 rideo,
1237 4351 1320 4420 qaod,
1342 4353 1448 4406 amissis
1467 4351 1572 4404 uiribus
1592 4352 1711 4419 corporis
1729 4366 1783 4405 om·

101 4447 195 4502 sentia
216 4445 346 4517 prolatis,
367 4445 464 4517 virago
484 4445 650 4517 subjunxit:
677 4444 840 4501 Cirrrrissime
859 4460 919 4499 con·
969 4445 1062 4505 nitas,
1084 4443 1220 4497 euadendi
1238 4458 1311 4514 spem
1330 4443 1437 4498 nautium
1457 4445 1572 4499 atterius
1591 4444 1684 4498 iubeo.
1706 4444 1784 4498 Trina

96 4542 162 4609 jac,
185 4539 265 4594 modo
277 4538 345 4609 jara
362 4553 480 4604 securas,
503 4554 549 4609 ega
566 4544 660 4608 postea
679 4541 839 4607 confirmans
860 4554 919 4592 mea
969 4539 1065 4591 sanata
1090 4536 1170 4608 virgo
1195 4536 1231 4591 nd
1257 4542 1385 4591 sanctum
1413 4535 1597 4591 benedictum
1625 4551 1781 4604 conversa,

101 4639 166 4689 teste
180 4633 347 4687 conscientia
359 4636 384 4687 te
395 4647 488 4686 aarum
499 4632 614 4701 iurasse,
627 4630 705 4686 neda
719 4647 802 4686 mana
812 4632 919 4698 terrum
969 4629 1039 4685 dixit
1054 4646 1061 4684 ι
1076 4631 1175 4688 Sancte
1190 4630 1339 4692 Benedicta,
1354 4646 1439 4701 quam
1451 4646 1505 4684 nan
1519 4631 1590 4697 sacis
1610 4629 1682 4699 quod
1696 4629 1746 4684 tibi
1765 4645 1783 4683 n

100 4727 233 4789 calidam
247 4727 274 4779 si
280 4725 410 4794 jusseris,
427 4740 517 4780 coram
530 4725 653 4779 omnibns
666 4726 715 4794 qai
727 4725 817 4780 cidere
832 4725 919 4779 rotna-
968 4725 1081 4778 Domina
1093 4729 1256 4794 preceptum
1269 4726 1330 4778 est?
1344 4724 1387 4778 ild
1403 4724 1465 4778 hae
1480 4723 1565 4778 rerba
1578 4722 1621 4777 rir
1638 4722 1783 4778 uenerabi-

100 4823 166 4883 rint,
187 4819 316 4891 portabo.
331 4818 404 4883 onia
420 4818 528 4873 multat
547 4817 662 4889 jurarit,
683 4834 715 4872 aa
738 4817 842 4873 deinde
867 4817 918 4872 sub
969 4817 1003 4870 lis
1018 4817 1183 4872 Benedictus
1206 4834 1322 4872 manum
1344 4834 1424 4872 snam
1442 4817 1477 4872 ad
1496 4816 1577 4872 boias
1595 4816 1682 4886 misit,
1698 4819 1726 4872 et
1748 4832 1784 4873 ex

100 4913 231 4970 custodia
249 4912 366 4984 ligatus,
381 4928 413 4966 ae
430 4911 610 4966 lundoniam
626 4911 737 4978 duetus,
751 4909 790 4965 ibi
809 4911 838 4965 in
857 4927 918 4965 car·
968 4914 1090 4982 utraque
1105 4915 1184 4982 parte
1196 4911 1291 4983 fregit,
1310 4916 1397 4983 atque
1411 4911 1446 4966 de
1459 4908 1582 4983 pedibus
1594 4909 1731 4966 vinculati
1744 4910 1784 4967 sic

102 5023 196 5064 cerem
208 5006 363 5061 obscurum
379 5005 546 5060 retruditur.
564 5003 662 5077 Ibique
676 5003 795 5059 vinculis
808 5004 918 5073 ferreis,
970 5004 1102 5071 extraxit,
1119 5003 1195 5075 quod
1211 5006 1258 5059 ille
1274 5004 1477 5060 nihilomnino
1493 5003 1593 5073 sensit,
1609 5009 1637 5057 et
1652 5002 1715 5075 plus
1723 5003 1785 5076 jus·

101 5102 164 5173 plus
177 5116 267 5174 qnam
280 5098 349 5154 setis
361 5099 536 5170 ponderosis,
551 5098 663 5154 fortiter
673 5103 701 5153 et
714 5098 918 5153 contumeliose
969 5115 1001 5152 su
1023 5113 1111 5168 quam
1130 5100 1193 5152 actu
1212 5098 1272 5152 illas
1287 5097 1404 5170 fregisse
1424 5099 1499 5152 risus
1518 5100 1570 5152 est.
1587 5097 1651 5164 Qui,
1665 5113 1732 5152 eum
1746 5097 1783 5152 ab

102 5195 282 5260 constrictus,
301 5192 384 5247 famis
404 5194 432 5246 et
452 5192 566 5263 frigoris
587 5191 756 5247 cruciatibus
777 5191 919 5247 diuturnis
969 5207 1003 5247 ea
1018 5190 1081 5246 illas
1095 5191 1268 5258 removisset,
1284 5190 1317 5246 de
1332 5207 1417 5246 mann
1430 5190 1508 5263 qnasi
1522 5190 1677 5263 indignans
1691 5190 1784 5261 proje-

101 5305 157 5344 uon
172 5285 291 5343 madico
304 5290 433 5356 tempore
454 5287 625 5340 coarctatur.
640 5285 749 5340 l’asitus
770 5290 866 5341 autem
888 5285 918 5340 in
969 5285 1016 5352 ait,
1033 5285 1153 5352 trabem,
1177 5302 1241 5357 qnae
1260 5285 1398 5341 solarium
1417 5285 1491 5341 itlius
1512 5285 1648 5356 ergastuli
1666 5285 1784 5340 sustine·

101 5381 148 5437 leli
169 5379 301 5445 miseria,
324 5377 451 5433 divinem
472 5378 611 5433 auxilium
634 5394 685 5450 pro
709 5395 791 5450 posse
814 5395 866 5434 suo
890 5385 919 5434 et
969 5378 1026 5447 bat,
1044 5383 1100 5433 tam
1113 5378 1225 5435 fortiter
1239 5380 1389 5451 percussit,
1405 5379 1483 5452 quod
1496 5378 1626 5434 fissuram
1637 5379 1666 5433 in
1679 5394 1713 5433 ea
1723 5394 1781 5433 non

101 5473 231 5539 scientia,
247 5475 309 5527 tam
331 5470 408 5543 gravi
422 5473 591 5527 necessitate
606 5474 736 5543 cogente,
750 5472 849 5528 adesse
863 5472 918 5527 sibi
969 5473 1112 5527 modicam
1125 5473 1199 5543 fecit,
1215 5490 1247 5528 ac
1263 5473 1298 5528 de
1312 5473 1407 5529 sonitu
1429 5476 1516 5528 tantm
1530 5470 1720 5544 percussionis
1732 5488 1782 5525 ex·

99 5566 273 5642 postulabat.
295 5565 350 5622 Sed
363 5564 430 5639 qaia
449 5565 558 5621 meritis
578 5565 645 5636 suis,
669 5581 733 5639 quae
757 5567 919 5638 permodica
969 5565 1061 5622 territi
1071 5567 1214 5636 custodes,
1224 5567 1272 5639 qui
1283 5584 1370 5640 snper
1383 5566 1517 5622 solarium
1525 5565 1668 5638 jacebant,
1682 5580 1785 5620 omnes

100 5662 154 5739 rat,
176 5664 211 5721 at
231 5658 327 5725 rosiae
346 5659 451 5733 dicam,
471 5660 550 5722 nulla
567 5676 629 5721 asse
649 5659 790 5730 credebat,
815 5660 870 5719 boe
889 5678 919 5722 se
972 5660 1100 5735 evigilati
1122 5665 1199 5722 sant.
1223 5662 1288 5731 Qui,
1309 5662 1445 5721 timentes
1467 5656 1607 5732 attigisse
1621 5659 1801 5724 mactasse
