3750 6046
384 166 546 236 nrsrontx,
558 170 826 233 ECCLESlltS'lle.
841 199 875 218 -·
895 172 981 233 PARS
1000 172 1094 230 tlt-
1114 170 1177 233 tta.
1197 169 1253 233 llll.
1607 168 1660 229 802

72 338 74 354 .
98 296 216 369 propter
237 296 438 353 ecclesiasticas
459 316 505 354 res
524 314 596 370 quas
618 299 833 386 invaserantA
876 299 1028 366 Quondam
1038 304 1096 356 tres
1105 299 1253 372 oppidani,
1267 298 1442 367 Eustochiae,
1457 303 1487 355 at
1498 296 1657 369 llicherius,

72 390 220 447 imunicati
251 390 387 460 luerunt;
415 394 464 449 sed
490 393 554 465 ipsi,
579 409 630 465 pro
657 392 794 466 temporis
843 398 872 451 et
894 394 1060 450 Guillslmus
1086 393 1122 450 de
1149 393 1297 449 Firmitate
1318 392 1477 462 Porticena,
1499 410 1564 449 cum
1598 393 1656 450 suis

72 484 191 541 tunitate
210 489 238 540 at
258 502 345 541 causa
365 486 432 542 belli
452 486 636 559 pertinaciter
656 487 792 555 indurati,
843 488 932 561 copiis
953 492 1157 556 convenerunt,
1180 490 1209 543 et
1230 487 1374 560 usquead
1396 487 1506 543 fantem
1520 486 1660 543 Ternanti

72 578 135 634 ‚ndo
146 578 323 636 restiterunt.
341 580 478 636 llenricus
492 597 543 636 rex
557 588 659 637 cantra
673 582 793 637 Francos
842 583 1006 656 predantes
1028 583 1057 637 in
1084 581 1291 637 Narmenniam
1318 581 1472 650 irruerunt,
1500 582 1657 654 domosque

72 672 368 745 Nogionemcastrum
383 674 580 731 llrmissimum
596 675 728 744 munivit,
743 675 793 731 ibi·
844 675 1087 733 llemuciarumin
1102 680 1178 731 terra
1193 675 1287 731 Sancti
1301 675 1419 743 librulfi,
1435 674 1564 731 immissa
1578 674 1658 746 igne,
1753 676 1758 693 ¹

72 771 164 822 satum
182 767 298 837 milites,
315 767 417 840 quibru
430 768 561 841 princeps
584 769 695 825 militiae
714 769 791 826 Guil·
842 770 1072 826 combusserunt.
1084 769 1224 826 ltadullns
1238 772 1345 835 autem,
1362 768 1400 824 ad
1414 769 1534 825 Pontem
1552 769 1658 823 tircon-

72 878 86 928 ι,
100 860 267 916 Theudorici
282 861 367 933 filius,
381 863 682 933 praeratcanstituit.
842 865 915 921 iredi
941 862 1107 933 consistens,
1135 864 1249 919 fumum
1274 862 1355 930 vidit,
1380 869 1408 918 et
1432 878 1499 918 mox
1522 861 1660 917 militibus

72 954 171 1009 tardus
191 954 377 1024 Fraxinellus,
399 962 461 1011 octo
477 956 542 1012 filiis
562 956 724 1029 ampliatus,
742 957 791 1013 sed
841 958 1032 1030 undecunque
1043 956 1176 1025 collectis,
1188 955 1659 1029 inhostespugnatnrusperrexit.

72 1047 793 1123 e,uxariasuae,futilistimulationeintatuatus,con·
842 1053 900 1109 ltax
917 1051 1023 1125 quippe
1036 1066 1088 1107 xxx
1103 1051 1215 1123 equites
1230 1050 1327 1122 Sappi,
1341 1050 1521 1122 totidemque
1541 1047 1659 1105 orbecci

72 1143 453 1215 mmunempopulisalutem
469 1144 793 1216 tyrannidemcumliliis
842 1148 959 1218 propter
972 1145 1102 1201 incursus
1117 1144 1285 1216 predonum
1299 1143 1426 1199 adnotes
1442 1142 1568 1217 undique
1588 1158 1658 1199 oan-

72 1235 180 1308 rripuit,
194 1236 258 1308 jam
277 1237 361 1292 marti
386 1239 546 1311 contiguus.
571 1239 642 1294 llam
660 1239 690 1294 in
710 1239 793 1294 terri·
842 1238 993 1295 fluentium
1018 1237 1214 1294 constituerat.
1239 1239 1325 1292 Parra
1352 1236 1499 1305 liedulfus,
1525 1234 1660 1292 omnibus

72 1329 179 1386 lncinis
192 1329 228 1385 de
249 1346 338 1386 censu
353 1332 428 1404 regis
447 1331 611 1389 tirmitatcm
625 1333 790 1404 construxit,
843 1333 942 1390 illisio
967 1347 1057 1388 annm
1080 1331 1215 1402 collectis,
1243 1330 1280 1386 ad
1309 1330 1461 1387 transitum
1489 1329 1659 1386 Carantonus

75 1439 181 1497 umque
207 1441 291 1480 snum
323 1426 506 1482 Eustachium
532 1429 665 1497 sectatus,
687 1427 793 1483 vicino-
842 1444 890 1485 aaa
906 1425 1091 1501 equitescum
1105 1441 1192 1498 parva
1207 1441 1325 1480 suorum
1341 1440 1428 1480 manu
1440 1438 1592 1497 aggressus
1604 1429 1658 1492 est,

72 1533 152 1590 agros
176 1518 342 1591 depopulari
369 1520 485 1589 studuit,
511 1524 540 1576 et
564 1520 639 1576 inter
665 1520 793 1593 publicas
843 1525 881 1592 at,
910 1524 1010 1593 erepta
1032 1518 1135 1593 grandi
1160 1519 1257 1591 prada
1278 1534 1367 1590 quam
1389 1518 1429 1573 illi
1453 1517 1604 1588 ducebant,
1629 1521 1660 1572 et

72 1611 325 1684 ,quamvissenex,
339 1614 467 1669 denotari
483 1631 542 1671 nan
558 1614 684 1670 erubuit.
841 1615 1012 1689 quibusdam
1032 1612 1170 1669 militibus
1195 1612 1283 1685 captis
1308 1627 1396 1684 usque
1422 1611 1458 1666 ad
1478 1610 1655 1667 Firmitatem

72 1722 88 1761 c
112 1721 130 1760 a
153 1705 219 1761 liliis
241 1707 391 1762 hominum
418 1707 673 1780 quadragesimalis
699 1703 989 1776 obser-BFraxinelli
1004 1710 1170 1780 persecutus
1184 1713 1236 1777 est,
1252 1710 1290 1776 et,
1305 1705 1361 1761 nisi
1379 1703 1544 1777 praesidium
1566 1703 1656 1760 hosti·

86 1799 286 1855 damnabiliter
298 1800 487 1856 contaminatu
501 1804 553 1856 est.
569 1833 604 1843 -
622 1801 789 1871 Radbertus,
839 1804 893 1860 bns
914 1803 1108 1876 propinquum
1126 1800 1240 1869 luisset,
1261 1799 1419 1873 plurimum
1440 1798 1495 1855 illis
1517 1798 1659 1854 damnum

72 1893 95 1947 ni
130 1893 216 1951 Goelli
250 1893 334 1961 tilius,
368 1894 552 1950 inimicorum
577 1895 652 1967 regis
679 1895 791 1967 primus
840 1897 1027 1954 incubuisset.

73 1987 105 2058 it,
119 1992 147 2042 al
162 1988 301 2043 inchoatae
316 1987 446 2043 factionis
467 1989 617 2060 paenitens,
639 1989 791 2044 amicitiam
876 1994 936 2049 Non
963 1991 1053 2047 multo
1083 1996 1156 2062 post,
1184 1989 1260 2045 idem
1284 1988 1431 2045 animosus
1452 1987 1535 2043 miles
1557 2003 1658 2061 regem

71 2082 139 2152 igeri
164 2081 300 2155 principia
325 2082 448 2153 expetiit,
476 2087 504 2137 ct
529 2082 673 2138 obtentam
700 2098 790 2154 usque
841 2085 1031 2143 amicabiliter
1044 2083 1240 2151 circumvenit,
1255 2099 1287 2138 ac
1302 2084 1334 2137 ut
1351 2082 1536 2155 presentiam
1552 2082 1661 2139 solum·

72 2174 163 2243 atain,
177 2175 302 2246 quaesibi
316 2176 448 2248 proxima
463 2176 698 2246 erat,lldelitaret
710 2192 789 2232 com·
841 2180 925 2236 mado
946 2195 1028 2236 suam
1052 2183 1152 2234 cantra
1163 2176 1350 2245 Fraxinellos,
1365 2177 1416 2248 qui
1429 2174 1561 2232 imbelles
1575 2179 1604 2231 et
1617 2175 1659 2230 in·

81 2268 210 2324 servavit.
237 2270 333 2324 Plures
370 2271 431 2342 ejus
451 2270 617 2342 exemplum
642 2269 791 2326 salubriter
837 2274 938 2347 J'uriosi
963 2274 1139 2339 exstiterant,
1172 2271 1329 2334 exhiberet,
1355 2269 1504 2326 humiliter
1529 2268 1657 2341 expetiit.

77 2366 152 2418 sunt.
840 2369 970 2440 Denique
982 2383 1032 2423 rex
1041 2370 1105 2439 post
1117 2367 1301 2422 Pentecosten
1316 2365 1405 2420 multo
1417 2362 1529 2419 ltadulfi
1541 2365 1659 2437 precatu

72 2457 150 2513 ilrica
167 2474 283 2532 quoque
297 2474 345 2513 rex
369 2459 514 2514 mandavit
531 2462 562 2513 ut
576 2474 670 2514 secum
693 2474 791 2530 pacem
842 2462 980 2518 adductus
1006 2464 1049 2517 est
1070 2466 1101 2517 ut
1125 2457 1315 2530 municipium
1345 2457 1466 2528 videret,
1489 2474 1546 2530 quo
1564 2456 1659 2529 patria

71 2557 92 2619 t,
112 2556 149 2620 et,
172 2568 237 2607 arce
261 2553 313 2607 sibi
336 2552 455 2622 reddita,
474 2568 589 2608 amnem
621 2552 791 2607 comitatum
841 2556 979 2613 Uticensis
994 2555 1213 2629 profligatacst.
1229 2553 1405 2611 adveniente
1418 2568 1485 2607 vera
1497 2567 1576 2624 rege,
1592 2551 1659 2606 Fra-

72 2645 278 2717 :ensemquiete
289 2646 435 2717 reciperet.
451 2648 486 2700 at
497 2646 554 2715 illa,
569 2646 638 2717 quia
653 2645 790 2717 irrequie·
841 2649 950 2706 rinellii
964 2649 1049 2706 nimis
1071 2648 1164 2705 territi
1184 2651 1258 2718 sant,
1273 2646 1383 2720 etquid
1402 2646 1523 2718 agerent
1536 2643 1670 2700 vicissim·

72 2755 132 2795 ama
158 2742 228 2807 erat,
251 2739 352 2795 stolido
374 2739 484 2811 respuit
503 2739 580 2811 quad
604 2740 678 2795 ultra
703 2738 794 2809 reguli
841 2743 979 2815 indagare
991 2742 1094 2814 trepidi
1107 2746 1264 2814 coeperunt.
1289 2740 1363 2797 ltulo
1382 2744 1480 2794 autern
1494 2738 1530 2794 de
1545 2740 1661 2794 Pontor-

72 2837 106 2889 rto
137 2833 265 2888 oblatum
293 2835 397 2901 fuerat,
421 2836 459 2903 ct,
481 2834 548 2905 quia
566 2833 704 2905 majorem
726 2832 791 2888 belli
841 2836 994 2893 alrenlreda
1020 2835 1185 2891 bellicosum
1212 2834 1350 2890 assultum
1373 2832 1494 2888 viriliter
1525 2830 1657 2900 ineunte,

72 2944 92 2982 n
111 2944 162 3000 pro
173 2927 266 2984 ablate
280 2928 332 2982 sibi
347 2932 458 2998 patruni
476 2926 639 2982 hereditate
656 2926 790 2994 habebut,
841 2932 932 2987 claves
947 2935 1096 3003 partarum
1109 2929 1171 3002 regi
1185 2928 1385 2997 exbibuerunt,
1401 2931 1430 2982 et
1445 2924 1590 2982 sententia
1603 2939 1657 2996 pra

72 3038 95 3076 rs
124 3038 199 3093 sape
231 3038 282 3093 per
313 3021 419 3093 oppida
448 3020 578 3076 noctibus
605 3020 790 3087 discurrebat,
842 3024 1003 3080 rebellionis
1026 3025 1140 3096 incepto
1165 3023 1230 3079 data
1259 3026 1288 3077 et
1314 3036 1458 3089 concessa,
1482 3015 1658 3075 reconciliati

90 3115 278 3171 sollicitudine
300 3132 399 3170 amnes
424 3129 620 3183 commovens,
640 3073 830 3169 lcrsderatosC
843 3123 920 3175 sunt.

72 3227 85 3264 s
99 3209 286 3266 corroborans
310 3215 339 3264 et
352 3224 536 3264 commonens
565 3212 596 3263 ut
620 3207 793 3264 munitiones
877 3214 957 3269 Circa
969 3212 1057 3267 finem
1072 3210 1157 3280 lunii,
1173 3210 1331 3265 Richardus
1342 3225 1430 3264 senex
1442 3207 1553 3264 Uticam
1568 3204 1658 3277 venit,

72 3303 170 3359 >lenter
189 3310 343 3372 servarent,
365 3307 397 3357 ut
419 3301 572 3374 pervigiles
593 3305 693 3356 eontra
714 3301 795 3372 iugo·
843 3310 871 3362 et
886 3323 964 3378 aeger
975 3305 1178 3361 monachatum
1192 3303 1311 3377 accepit,
1326 3305 1356 3359 et
1376 3302 1461 3374 paula
1476 3304 1540 3374 post
1555 3300 1585 3355 in
1600 3299 1655 3355 ini·

78 3399 273 3471 exploratores
288 3397 472 3466 excubarent,
488 3396 645 3468 prudentor
659 3401 687 3450 et
703 3395 790 3466 impi·
842 3401 882 3457 tia
897 3400 961 3456 lulli
977 3398 1056 3469 abiit,
1071 3415 1103 3453 ac
1126 3398 1155 3453 in
1169 3397 1294 3470 capitulo
1314 3396 1521 3451 monachorum
1535 3392 1660 3449 tumula-

72 3492 153 3550 iainia
176 3492 378 3566 inquietarent,
395 3490 501 3560 omniu,
515 3489 641 3555 excuntis
657 3488 792 3556 ecelesiis,
842 3500 888 3552 tus
907 3492 1035 3567 quiescit.
1057 3491 1217 3547 Portionem
1241 3489 1366 3546 ecclesiae
1387 3489 1422 3545 de
1451 3486 1604 3544 Gunlredis
1631 3488 1661 3541 ct

72 3593 127 3656 ent,
150 3589 198 3642 aut
221 3587 272 3641 sibi
294 3578 414 3640 viriliter
438 3585 633 3657 subJugoreut·
658 3583 792 3638 Bellicum
843 3588 1025 3646 modiatatem
1052 3585 1169 3641 decima
1194 3600 1251 3638 suae
1270 3585 1371 3641 Sancto
1386 3581 1503 3639 Ebrulfa
1537 3578 1661 3644 donavit,

72 3681 225 3737 elaborem
235 3679 420 3754 pervicaciter
432 3679 581 3734 exercebat
603 3692 654 3749 pro
668 3675 791 3732 haeredi-
844 3699 877 3738 ac
889 3700 905 3737 a
918 3680 1078 3748 Guillelmo‚
1094 3678 1285 3751 primogenito
1300 3693 1361 3746 suo,
1377 3676 1495 3748 aliisque
1509 3672 1574 3730 liliis
1592 3672 1661 3741 suis,

72 3777 229 3843 consulatu,
252 3791 338 3848 quem
357 3773 409 3829 sibi
438 3789 488 3829 rex
513 3789 570 3827 non
591 3771 791 3844 permittebat.
844 3781 875 3831 ut
889 3774 1076 3831 concederent
1091 3772 1169 3845 quod
1179 3770 1347 3840 donaverat,
1364 3767 1540 3842 impetravit.

74 3870 118 3925 lus
135 3875 233 3925 antem
258 3869 347 3926 Rufus
374 3884 458 3940 grave
485 3866 539 3921 illis
561 3866 738 3921 obstaculum
764 3880 793 3921 se
881 3871 957 3924 inter
974 3869 1017 3923 tot
1037 3872 1064 3922 et
1082 3872 1142 3921 tam
1164 3881 1285 3937 magnas
1305 3868 1488 3936 tempestates
1504 3859 1662 3917 admodum

72 3980 123 4020 ‚um
139 3964 295 4036 praebebat,
312 3968 340 4019 et
353 3968 470 4018 conatus
487 3977 588 4017 aarum
606 3960 794 4015 vehementer
844 3963 1006 4031 sevientes,
1020 3960 1178 4033 sceptriger
1194 3958 1417 4030 ilenricasreqio
1429 3957 1584 4014 stemmate
1596 3954 1664 4029 rigi·

72 4059 163 4115 tiebat.
179 4059 330 4114 animosus
343 4055 792 4127 enimemt,militiaequegnarus,
845 4059 897 4114 dus
915 4055 1048 4130 perstitit,
1072 4058 1101 4110 et
1123 4069 1224 4110 amnes
1251 4054 1380 4125 proprias
1399 4051 1581 4122 munitiones,
1599 4049 1664 4106 lidis

73 4157 118 4209 ate
141 4153 315 4224 audaciaque
330 4151 451 4223 insignis
466 4157 492 4205 at
519 4150 653 4205 famosus.
668 4151 796 4220 taquon·
844 4149 1008 4208 custodibus
1035 4149 1088 4204 illic
1120 4148 1221 4204 callide
1254 4147 1365 4216 locatis,
1389 4147 1496 4219 optime
1521 4143 1659 4214 servavit3

72 4246 150 4317 dum,
165 4247 270 4302 familia
281 4247 355 4317 regis
367 4246 397 4300 in
410 4244 526 4316 regione
536 4242 693 4299 llilcassinae
706 4257 793 4313 expe·
845 4247 875 4302 in
888 4260 959 4318 quas
974 4243 1083 4300 hostilis
1093 4243 1219 4298 versutia
1234 4241 1397 4297 nullatenus
1409 4241 1444 4297 ad
1458 4239 1665 4295 libitumsnum

72 4358 116 4398 cm
132 4347 242 4413 aqcrct,
258 4344 287 4395 et
301 4341 472 4394 Francorum
485 4338 584 4406 virtus,
608 4340 641 4391 ut
663 4352 692 4391 se
707 4335 795 4391 habet
845 4339 964 4396 introire
979 4336 1081 4412 potuit.
1096 4337 1295 4409 ltathomagus
1308 4335 1385 4392 enirn
1396 4333 1561 4406 metropolis
1571 4337 1600 4388 et
1613 4332 1666 4387 lta·

72 4454 95 4492 rs
123 4435 189 4491 belli
222 4434 352 4506 superior
378 4434 472 4488 hostes
496 4433 629 4504 fugaret,
650 4429 932 4521 Richardi,Djocns,
962 4431 1124 4488 Constantia
1150 4435 1179 4485 et
1211 4429 1357 4499 Abrincas,
1383 4427 1483 4500 Sagius
1510 4431 1541 4481 et
1567 4431 1661 4493 Arcas,

72 4530 128 4598 lilii,
144 4530 236 4584 subito
255 4528 368 4599 sonipes
382 4528 433 4582 sub
450 4543 484 4581 eo
502 4531 669 4598 peremptus
691 4527 745 4591 ost,
767 4528 796 4579 et
846 4530 1010 4585 lt'onencors
1022 4524 1142 4595 etlllias,
1162 4523 1303 4581 Cedamus
1326 4528 1355 4579 et
1364 4521 1481 4589 Falesia,
1497 4518 1616 4575 oximus
1634 4519 1664 4573 et

72 4625 89 4680 ls
103 4624 139 4680 ab
152 4623 282 4679 hostibus
296 4638 370 4693 pena
382 4626 511 4677 retentus
526 4623 578 4675 est.
593 4619 675 4684 Quod
691 4616 797 4673 Radul-
847 4623 998 4677 Fiscannus
1011 4618 1329 4687 aclnliabona,Vernan
1342 4617 1577 4687 attagenlamus,
1593 4610 1663 4666 alia·

83 4717 162 4787 vidit,
178 4718 214 4773 de
229 4717 336 4772 caballo
351 4732 401 4770 sua
427 4716 524 4770 statim
549 4712 663 4783 exsiliit,
694 4717 724 4767 ot
737 4711 795 4766 lllia
847 4712 1180 4788 queoppidaquasregiae
1191 4710 1291 4766 ditioni
1305 4710 1446 4766 duntaxat
1458 4706 1664 4776 subdebantur,

78 4813 136 4869 ait:
152 4834 166 4863 u
193 4811 346 4867 Confestim
376 4809 508 4876 ascende,
537 4811 576 4876 ct,
602 4824 639 4862 ne
667 4806 795 4878 capiaris,
846 4809 881 4865 ab
897 4810 958 4881 ejus
973 4809 1051 4880 justo
1071 4805 1217 4862 dominatu
1241 4804 1325 4859 avelli
1341 4802 1530 4859 fraudulentis
1547 4816 1665 4874 persua-

77 4928 90 4958 »
104 4907 235 4961 Protinus
250 4906 299 4961 illo
313 4904 475 4973 recedente,
497 4901 635 4959 Radullus
658 4900 796 4956 abductus
847 4902 974 4959 sionibus
989 4918 1046 4956 non
1060 4900 1249 4973 patiebantur.
1264 4896 1394 4969 legitimi
1408 4912 1522 4969 quaque
1537 4894 1661 4967 optima·

72 5002 114 5057 red
140 5017 227 5074 usquc
250 4999 287 5055 ad
307 5016 341 5053 xv
363 4999 421 5054 dies
445 5014 495 5070 pro
521 4997 646 5051 Gualane
674 4995 708 5049 de
732 4993 797 5048 Trio
847 5002 891 5052 les
915 4995 1070 5054 Richardus
1092 5009 1187 5049 comes
1211 4990 1368 5048 Castrensis
1395 4995 1424 5047 ct
1449 4989 1608 5045 llannullus
1630 4988 1666 5045 de

72 5091 796 5163 rtusestldemenimmilcsllngelrannigermanus
849 5089 1010 5161 Bricaserd,
1043 5090 1181 5161 cognatas
1206 5092 1233 5142 et
1262 5101 1406 5142 successor
1435 5084 1505 5157 ejus,
1528 5082 1666 5140 liedulfus

72 5196 96 5246 et
115 5190 197 5263 paulo
211 5192 279 5244 anto
303 5193 411 5260 coptus,
438 5187 467 5241 in
490 5189 569 5241 arcto
592 5198 703 5239 carcere
721 5181 797 5254 regis
847 5187 882 5241 de
895 5183 1015 5243 Cauchis
1038 5186 1068 5237 el
1083 5181 1247 5236 Guillalmns
1267 5179 1303 5234 de
1324 5179 1483 5248 Gaarenna,
1499 5176 1665 5234 Guillelmus

72 5301 101 5339 us
123 5283 268 5357 gemebat.
297 5283 358 5337 Nan
379 5282 469 5336 multo
495 5284 569 5352 post,
591 5275 755 5332 vulneribus
768 5278 798 5330 et
847 5280 881 5335 de
898 5279 1029 5335 tietmare
1043 5274 1249 5332 etGuillelmns
1270 5274 1306 5329 de
1318 5272 1535 5343 tancardivilla,
1557 5270 1665 5327 Radal-

72 5395 153 5451 rques
167 5377 333 5450 pertulerat,
358 5376 507 5431 defunctus
520 5376 573 5441 est,
586 5377 615 5427 et
630 5370 796 5428 Rudultuso
846 5374 891 5429 lus
912 5373 948 5429 de
965 5373 1067 5429 Sancta
1090 5369 1202 5425 Victore
1225 5372 1254 5423 et
1268 5366 1432 5423 Gnalterius
1450 5366 1601 5436 Gillardns,
1617 5364 1664 5420 Ni·

73 5472 154 5531 ldelis
166 5471 305 5545 probatus
318 5476 347 5525 et
359 5471 515 5526 honoratus
532 5471 585 5523 ost.
601 5464 710 5522 Exinde
723 5465 798 5519 inter
849 5468 939 5541 gellus
954 5465 991 5521 de
1005 5462 1158 5520 albinneio
1179 5466 1209 5516 et
1226 5461 1396 5517 Guillelmus
1412 5460 1499 5515 irater
1515 5460 1586 5533 ejus,
1601 5458 1666 5515 alii·

71 5585 143 5642 pnos
156 5571 184 5623 et
197 5565 351 5622 familiares
375 5565 449 5636 ragis
473 5562 580 5617 arnicas
607 5559 721 5615 habitus
743 5563 794 5627 est,
848 5578 903 5634 que
918 5559 1054 5633 precipui
1077 5557 1181 5614 heroes
1196 5555 1224 5611 in
1241 5553 1366 5611 adversis
1381 5558 1410 5611 et
1435 5554 1578 5626 prosperis
1603 5551 1664 5623 regi

87 5663 191 5718 multos
216 5661 342 5720 honores
368 5660 404 5731 ei,
433 5657 456 5713 si
480 5655 646 5733 aliquandiu
667 5653 795 5723 vixisset,
848 5640 1690 5725 connectebantur,etopprobrii,prou'xtxoxixsauuetustis

72 5758 117 5810 tas
128 5761 178 5813 est
853 5747 950 5833 elogia
961 5744 1107 5811 natabiles
1119 5760 1185 5809 esse
1198 5726 1620 5819 bedaquaueutmtuuuemas
1628 5732 1707 5787 saxu·
