3750 6046
90 176 143 239 tto
779 188 938 247 OllOElllCl
960 186 1088 247 virttis
1721 194 1765 253 ‘tto

90 308 192 365 Vincas
205 308 282 366 enim
295 327 396 368 eorum
411 311 520 387 ingenti
534 317 716 374 multitudine
730 325 905 376 armatorum
916 328 946 404 Α
990 319 1075 375 Falco
1087 334 1181 377 comcs
1199 319 1235 378 de
1253 318 1402 377 obsidione
1413 320 1450 377 ed
1465 317 1570 376 urbem
1588 318 1766 393 confugerat,

91 404 263 477 exstirpavit,
279 411 389 478 segetes
407 409 589 479 conculcavit,
608 416 637 467 et
656 412 907 486 circumjacentem
957 417 986 471 et
995 414 1024 470 in
1038 414 1173 471 caenobiis
1187 417 1351 471 sanctorum
1364 414 1457 471 exitus
1470 430 1568 471 rernm
1579 414 1767 487 exspectabat.

90 497 266 569 provinciam
287 500 458 573 devastarit3
478 505 528 559 sed
550 505 714 562 diuturnam
730 508 907 565 obsidionem
957 508 1175 581 andegavenses
1201 512 1297 565 autem
1323 525 1389 565 cum
1413 507 1605 565 cenomannia
1632 507 1769 566 consiliati

90 593 190 647 mucre
205 593 343 665 nequivit.
357 596 427 650 Nam
443 601 555 669 egestas
570 599 659 655 rictus
674 601 768 673 gravis
781 602 906 659 bomini·
957 607 1032 672 sunt,
1047 605 1076 659 et
1086 619 1148 658 sese
1162 603 1332 660 ltormannis
1344 603 1374 659 in
1388 601 1522 659 omuibus
1536 601 1688 659 interiores
1701 618 1770 659 cona·

90 682 145 739 bus
160 688 190 740 et
205 686 286 758 equis
299 688 432 757 instabat,
451 691 519 762 quia
533 696 645 764 tempus
664 693 740 750 inter
754 701 865 752 veteres
881 702 909 753 et
957 701 1110 769 pereruut;
1129 697 1204 753 unde
1218 696 1392 770 colloquium
1412 697 1605 769 interregem
1624 702 1654 753 ct
1675 712 1772 753 consu·
1826 694 1829 701 '

93 794 180 833 novas
196 779 294 850 fruges
312 785 379 837 tunc
398 783 451 838 iter
464 784 577 855 agebat.
590 786 732 842 sextarius
745 805 842 844 avenae
857 788 906 844 dc·
958 790 1016 846 lem
1031 794 1265 861 procuraverunt.
1280 791 1321 847 lbi
1334 796 1411 856 tunc,
1426 790 1580 846 auxiliante
1595 790 1667 859 ileo,
1680 806 1772 847 neces

92 887 156 927 cem
173 872 270 929 solidis
283 876 562 933 cenomannensium
578 880 761 949 vendebatur,
776 882 837 938 sine
852 900 909 955 qua
958 884 1031 940 saria
1047 901 1100 956 pax
1114 884 1249 941 intereos
1263 885 1336 940 tacta
1349 888 1402 953 est,
1417 883 1525 940 atinde
1538 883 1773 957 multisproplu·

93 966 280 1038 cornipedum
298 968 380 1040 rigor
395 969 423 1025 in
437 970 596 1027 Occidentis
612 974 773 1030 climatibus
785 976 828 1030 vix
847 994 907 1032 sns-
958 978 1036 1034 ribus
1048 979 1142 1034 causis
1155 979 1303 1051 utriusque
1313 978 1410 1050 populi
1423 977 1563 1050 gaudium
1577 978 1685 1050 ingens
1698 993 1774 1034 exor-

93 1060 232 1116 tcntatur.
250 1061 426 1135 Quapropter
441 1082 490 1119 rex
503 1066 629 1138 legiones
643 1084 709 1124 suas
722 1071 866 1138 relaxavit,
881 1075 909 1126 et
958 1075 1020 1127 tum
1044 1077 1095 1129 est.
1119 1072 1297 1144 Reqnisitum
1318 1076 1361 1127 est
1385 1076 1413 1127 et
1435 1086 1603 1128 eoncessum
1630 1074 1663 1126 ut
1685 1071 1774 1128 Rebas

93 1168 198 1207 messes
216 1171 280 1210 suas
299 1155 327 1210 in
348 1156 457 1213 horreis
478 1160 595 1215 recondi
616 1163 760 1234 praecepit,
776 1170 863 1235 atque
879 1168 911 1220 ut
959 1182 1066 1234 comes,
1077 1171 1106 1223 et
1117 1182 1215 1222 omnes
1228 1165 1276 1239 qui
1289 1164 1365 1238 capti
1379 1166 1534 1222 fuerantex
1547 1170 1673 1238 utraque
1684 1170 1773 1235 parte,

92 1249 159 1319 post
178 1247 373 1306 collectionem
388 1251 503 1325 frugum
524 1253 653 1312 obsidere
674 1256 799 1313 hostium
820 1263 911 1313 castra
959 1259 1158 1328 redderentur,
1175 1262 1204 1315 et
1218 1259 1418 1328 cenomannis,
1434 1264 1463 1313 et
1481 1258 1578 1314 omnia
1596 1261 1694 1314 eastra
1713 1274 1775 1331 que

93 1340 183 1411 l>arati
198 1346 302 1410 esseni,
317 1347 503 1401 commonuit.
959 1353 1125 1410 Ouillelmus
1144 1369 1191 1409 rex
1211 1352 1359 1420 babuerat,
1375 1352 1458 1420 flato,
1473 1350 1532 1408 illio
1548 1352 1621 1425 ejus,
1636 1351 1773 1424 subjuga·

130 1434 204 1490 llario
222 1452 290 1508 rege
309 1454 374 1493 curu
389 1439 479 1496 valido
497 1442 621 1514 exercitu
640 1444 845 1501 Noemonniam
863 1463 909 1502 re·
960 1452 1068 1504 rentur.
1084 1445 1323 1503 Convanuonibus
1342 1446 1438 1518 itaque
1457 1444 1533 1518 pacis
1554 1444 1694 1501 decenter
1711 1462 1774 1501 con·

94 1533 222 1602 petente,
241 1530 324 1586 Falco
339 1549 435 1588 comes
450 1533 601 1592 Balaonem
618 1538 739 1606 obsedit,
754 1545 792 1607 ct,
806 1557 908 1613 aggrc-
960 1540 1090 1610 llrmatis,
1101 1556 1150 1597 rex
1164 1540 1332 1612 magistrum
1346 1538 1469 1595 militnm
1483 1539 1672 1608 liudbertum,
1687 1540 1776 1611 liugn

95 1622 170 1694 gatis
183 1623 435 1696 andegavensibus
453 1644 519 1684 cum
533 1629 729 1700 Cenomannis,
741 1649 793 1705 per
805 1634 912 1708 aliquot
961 1635 1006 1690 nis
1020 1634 1055 1691 de
1069 1633 1230 1690 lloutalorti
1243 1633 1343 1703 illium,
1357 1632 1494 1701 accersiit,
1507 1637 1537 1689 et
1553 1632 1582 1688 in
1598 1632 1705 1689 tumim
1724 1634 1775 1689 Ce-

96 1714 156 1771 dies
166 1717 330 1789 opprimere
341 1719 438 1776 hostes
451 1724 563 1794 sategit.
575 1725 739 1780 castrenses
748 1730 844 1782 autem
860 1698 950 1784 hoeB
963 1727 1165 1784 nomannicam
1178 1728 1305 1799 aliasque
1319 1726 1492 1782 munitiones
1507 1727 1663 1783 ascendere
1677 1742 1778 1798 praece

97 1809 195 1865 statim
218 1812 279 1884 regi
305 1814 524 1887 mandaverunt,
548 1822 586 1888 et,
608 1834 723 1876 rumore
747 1821 911 1892 hujusmodi
962 1823 1013 1895 pit,
1036 1821 1121 1893 eique
1141 1837 1189 1876 nco
1214 1820 1318 1875 milites
1338 1819 1454 1887 electos,
1477 1818 1570 1874 loricis
1591 1823 1621 1876 et
1641 1819 1732 1891 galeis
1751 1823 1779 1875 et

97 1903 208 1976 diffuso,
224 1905 345 1963 animosi
360 1909 511 1980 optimates
529 1912 735 1968 contribulibus
750 1915 807 1970 suis
821 1915 913 1971 admi·
962 1915 1042 1971 omni
1063 1918 1209 1970 armatura
1231 1912 1371 1986 fulgentes
1390 1912 1546 1968 associavit.
1569 1912 1706 1969 Protinus
1726 1913 1777 1981 illi,

96 1998 216 2054 nicularl
243 2017 425 2074 summopere
451 2003 665 2061 festinaverunt.
693 2008 812 2077 interea,
841 2009 912 2065 dum
962 2008 1125 2065 custodibus
1145 2007 1275 2080 egressis,
1292 2009 1408 2063 cunctas
1427 2005 1490 2061 urbi
1511 2005 1687 2064 munitiones
1707 2006 1779 2063 nacti

97 2106 192 2147 comes
207 2097 236 2148 et
254 2095 395 2151 exercitus
415 2096 445 2151 in
464 2098 591 2153 tentoriis
606 2100 662 2155 suis
677 2101 863 2173 pranderent,
884 2108 914 2159 et
962 2107 1038 2172 sunt,
1063 2107 1092 2157 et
1115 2101 1145 2156 in
1172 2099 1319 2173 principali
1345 2102 1423 2155 turre
1448 2099 1586 2156 vexillum
1613 2100 1694 2173 regis
1715 2117 1780 2156 cona

98 2185 223 2242 mendici
237 2187 272 2243 de
287 2189 392 2261 oppido
410 2197 523 2264 accepta
540 2192 612 2264 stipe
630 2193 749 2250 obsessis
764 2197 911 2252 renuntia·
963 2195 1073 2269 ingenti
1093 2200 1200 2267 tropaeo
1221 2194 1393 2250 levaverunt.
1412 2195 1444 2250 ln
1467 2193 1623 2250 crastinum
1644 2210 1696 2251 rex
1717 2197 1781 2267 post

96 2284 163 2335 rent
177 2281 253 2352 quod
274 2281 436 2339 obsidentes
451 2289 529 2356 tune,
546 2287 678 2344 videlieet
693 2288 768 2344 eirca
786 2290 912 2361 tertiam,
963 2289 1026 2345 illos
1046 2288 1121 2344 mille
1139 2287 1290 2360 praeclaros
1309 2287 1414 2343 milites
1436 2286 1549 2356 direxit,
1565 2292 1604 2355 et,
1625 2303 1679 2359 pro
1696 2287 1781 2344 libitu

97 2372 291 2446 comederent,
306 2376 335 2432 in
347 2377 433 2433 armis
446 2379 582 2436 ordinata
595 2381 670 2436 acies
683 2383 805 2438 militum
821 2383 913 2439 subito
964 2399 1014 2439 suo
1035 2383 1107 2439 datis
1125 2382 1246 2455 legibus,
1262 2385 1354 2438 totam
1375 2380 1520 2437 civitatem
1540 2380 1678 2453 possedit.
1694 2381 1782 2454 Regia

97 2466 290 2540 prosilierunt,
308 2474 337 2525 ct
356 2471 480 2527 inermes
497 2473 535 2528 ad
554 2490 685 2530 inensam
704 2475 859 2532 residentes
880 2494 914 2532 cx
963 2476 1049 2535 turris
1077 2481 1105 2532 et
1131 2475 1381 2542 lions-Barbatus,
1407 2480 1494 2546 atque
1521 2474 1782 2531 lions-Barbatulus

98 2558 244 2633 insperato
264 2564 512 2637 proturbaverunt,
527 2572 556 2623 et
571 2567 699 2639 pluribus
711 2570 800 2641 captis
815 2587 914 2627 omnes
964 2572 1026 2643 regi
1040 2569 1239 2643 subjiciuntur,
1255 2572 1282 2624 et
1301 2568 1414 2638 merito,
1429 2567 1497 2640 quia
1510 2584 1526 2623 a
1541 2572 1622 2639 patre
1635 2567 1700 2640 ejus
1712 2585 1780 2624 con·

99 2653 168 2708 alios
188 2654 367 2728 fugaverunt.
388 2659 427 2714 lbi
446 2660 603 2716 Ouolterius
622 2662 657 2717 de
674 2663 864 2720 llontesorelli
885 2670 914 2720 et
965 2664 1024 2720 dita
1038 2666 1204 2719 noscuntur.
1220 2662 1326 2718 Omnes
1344 2677 1458 2734 quoque
1477 2661 1552 2716 cives
1568 2661 1599 2717 iu
1616 2677 1688 2733 pace
1708 2677 1782 2717 noro

99 2746 262 2804 Goislredus
281 2749 317 2805 de
338 2751 470 2820 Brioleto,
485 2756 606 2809 loannes
622 2754 656 2811 de
672 2756 791 2813 blazone
805 2760 834 2813 et
848 2758 913 2813 Ber·
964 2757 1085 2831 principi
1102 2755 1337 2828 congratulantur
1354 2753 1509 2827 plausibus,
1523 2753 1664 2823 cautibus,
1681 2754 1781 2810 aeriis·

99 2838 154 2895 lais
168 2841 203 2896 de
216 2843 375 2913 llosterolo,
390 2848 419 2901 ct
431 2845 477 2902 alii
492 2847 554 2903 lere
572 2865 621 2904 oxu
632 2848 737 2904 milites
750 2866 815 2906 enm
828 2851 914 2906 innu-
965 2868 1020 2924 que
1035 2849 1171 2923 gestibus.

99 2934 188 2989 meris
214 2935 355 3008 peditibus
381 2940 455 3012 capti
482 2946 559 3008 sunt,
587 2948 615 2997 at
642 2943 753 2998 exuuias
779 2944 914 3013 hostium,
1000 2946 1078 3000 Turro
1094 2942 1270 3000 Hildebertus
1282 2942 1385 3014 praesul
1399 2947 1426 2997 et
1440 2941 1533 2997 clerus
1545 2944 1573 2997 et
1591 2941 1688 2997 omnis
1701 2940 1783 3014 plebs

98 3044 178 3083 arnae
197 3035 225 3085 et
240 3035 341 3101 restes,
358 3033 614 3108 multimodamque
630 3037 844 3109 supellectilem,
862 3039 953 3137 vic-C
966 3038 1080 3095 obviarn
1099 3037 1160 3108 regi
1180 3052 1245 3092 oum
1266 3035 1377 3106 ingenti
1399 3033 1504 3106 gaudio
1524 3039 1736 3107 processerunt,
1756 3038 1785 3091 et

99 3127 175 3177 tores
192 3123 382 3196 diripuerunt.
399 3129 476 3183 lntcr
496 3128 559 3185 illos
578 3129 626 3201 qui
648 3130 721 3203 copti
741 3134 914 3203 sunt,multi
964 3133 1113 3206 psallentes
1142 3131 1171 3186 in
1198 3129 1344 3185 basilicam
1371 3127 1468 3185 Sancti
1495 3126 1618 3184 Gerrasii
1648 3127 1784 3198 martyris

99 3216 210 3273 nobiles
223 3218 359 3291 oppidani
378 3223 468 3289 erant,
483 3223 544 3294 qni,
558 3239 728 3295 magnorum
741 3242 914 3296 possessores
965 3225 1170 3298 perduxerunt,
1187 3223 1234 3279 ubi
1255 3226 1417 3278 sanctorum
1435 3221 1604 3293 pontilloum
1624 3223 1654 3277 et
1673 3221 1784 3277 cuntes·

99 3310 265 3380 fundorum,
285 3312 315 3368 in
329 3314 479 3386 praecipuis
497 3315 652 3373 baronibus
672 3318 774 3373 nativae
789 3320 915 3390 regionis
965 3336 1062 3376 sorum
1086 3317 1187 3374 tuliani
1211 3323 1239 3373 et
1260 3315 1368 3372 Turibii
1392 3332 1425 3371 ac
1449 3314 1577 3386 Victoris,
1600 3314 1784 3387 aliorumque

100 3404 254 3476 pollebant,
273 3408 302 3461 ct
323 3407 419 3463 multis
440 3425 554 3481 maguae
573 3410 748 3467 strenuitatis
769 3413 914 3483 militibus,
966 3413 1157 3486 plurimorum
1170 3426 1288 3482 corpora
1303 3409 1496 3482 requiescunt.

100 3498 281 3556 haereditario
293 3500 359 3572 jure
374 3503 611 3572 praeeminebant.
1000 3505 1152 3561 Absolutus
1176 3505 1266 3560 Helias
1293 3502 1455 3575 eajocensis
1479 3502 1515 3559 de
1538 3518 1652 3559 carcere
1678 3503 1786 3574 prodiit

136 3594 229 3649 Tertia
250 3594 317 3651 tulii
340 3596 446 3651 mensis
470 3597 654 3654 hebdomada
678 3597 780 3673 [¹⁰⁰⁸ls
801 3600 914 3657 Ouillel-
967 3602 1022 3672 (36)
1034 3599 1070 3654 ad
1083 3614 1178 3671 regem
1194 3597 1277 3669 niger
1289 3600 1318 3652 et
1331 3596 1459 3668 hispidus
1473 3596 1785 3669 llothcmagumaenit,

101 3703 166 3742 mus
186 3704 234 3744 ren
252 3690 311 3745 suis
328 3690 473 3762 suppetias
492 3692 577 3759 venit,
594 3698 623 3748 et
638 3693 779 3749 terribiles
794 3695 916 3750 inimicis
967 3695 1051 3766 eiquo
1069 3692 1216 3748 humiliter
1230 3690 1321 3746 dixit:
1337 3691 1391 3758 Qus·
1408 3691 1532 3763 pluribus
1548 3691 1724 3761 suffringam,
1738 3707 1786 3747 rec

102 3787 278 3838 armatorum
298 3783 395 3855 globos
413 3801 510 3840 secum
527 3786 655 3841 adduxit.
669 3786 846 3844 Adveniente
864 3805 915 3843 au·
965 3789 1076 3858 inclyte,
1091 3787 1168 3850 mibi,
1181 3800 1280 3857 queso,
1295 3786 1408 3841 subveni
1417 3800 1470 3855 pro
1485 3788 1534 3840 tuo
1550 3786 1652 3854 ireiprrt
1665 3787 1785 3841 strenui-

100 3878 159 3931 tem
176 3891 253 3947 rego,
269 3878 405 3949 oppidani
418 3895 483 3933 cum
502 3879 629 3951 tripudio
645 3880 737 3951 ipsum
754 3880 915 3937 introduxe·
968 3884 1110 3938 totalem
1127 3881 1456 3951 diaconesnuncupotua
1472 3880 1625 3949 sum,qutu
1636 3878 1786 3935 baeredita-
1821 3908 1825 3914 ·

100 3972 176 4023 runt.
196 3969 274 4033 Quod
295 3970 445 4026 audientes
464 3972 609 4040 vinculati,
630 3989 694 4029 cum
714 3973 917 4031 vociteratione
966 3979 1007 4032 ra'o
1016 3976 1080 4047 jare
1093 3973 1203 4046 possedi
1217 3973 1333 4029 nobilem
1346 3973 1530 4041 comulatam
1544 3972 1601 4036 scd,
1617 3974 1708 4028 oraine
1724 3988 1786 4029 mu·

101 4076 207 4132 magna
226 4062 334 4133 puriter
347 4063 541 4120 clamaverunt
560 4082 567 4120 z
582 4066 730 4131 Oailletma
747 4083 796 4123 reu
808 4070 916 4133 nobilis,
968 4077 1035 4137 tato,
1051 4070 1165 4125 nominis
1182 4072 1208 4124 et
1226 4068 1333 4123 macris
1351 4067 1431 4122 titulo
1443 4068 1571 4137 privatus
1583 4081 1653 4122 sum.
1672 4066 1787 4124 Obsecro

102 4154 188 4209 litera
199 4158 262 4211 nos!
275 4156 353 4221 Quod
370 4158 490 4214 audieus
505 4159 563 4227 ille,
575 4158 660 4230 jussit
673 4177 773 4215 omnes
788 4162 918 4233 protinus
966 4167 1051 4235 igitar
1065 4169 1097 4218 ut
1113 4178 1174 4218 cum
1189 4163 1316 4232 pristine
1329 4160 1473 4228 dipna'totia
1486 4159 1616 4215 cocubalo
1633 4160 1664 4215 in
1682 4164 1733 4215 tuo
1745 4176 1787 4216 nae

101 4247 221 4317 absolvi,
237 4250 333 4322 cisque
351 4267 416 4307 cum
437 4252 495 4307 suis
512 4252 542 4307 in
562 4253 640 4309 curia
658 4254 727 4309 loris
746 4255 783 4311 ad
798 4256 918 4311 manda·
966 4259 1097 4329 suseptae
1108 4256 1230 4324 tramitte,
1243 4260 1268 4310 et
1285 4269 1333 4324 epo
1351 4253 1401 4308 tibi
1414 4253 1552 4322 condigno
1566 4252 1694 4308 eebibebo
1706 4256 1789 4309 serci-

102 4342 225 4398 candum
250 4344 365 4416 copiose
389 4345 460 4413 dori,
485 4352 514 4401 et
537 4363 588 4419 per
611 4346 697 4403 tidem
722 4365 803 4404 stram
827 4366 917 4422 usque
969 4355 1017 4409 tto.
1037 4351 1267 4407 Oenomannoram
1288 4363 1342 4404 non
1363 4349 1471 4418 requiro
1490 4346 1593 4416 urbem,
1612 4346 1656 4402 cel
1672 4347 1786 4419 oppido,

102 4439 169 4509 post
193 4437 345 4509 prandium
373 4440 476 4495 liberos
508 4440 624 4497 dimitti.
651 4444 781 4515 Curiique
811 4434 1052 4506 satelli-Ildonec
1064 4445 1161 4501 idoneo
1174 4445 1302 4500 seruitute
1314 4442 1365 4497 illo
1376 4443 1787 4512 promeneruataomognill·

103 4533 146 4586 tos
159 4532 221 4603 ejus
235 4532 393 4604 objicerent
405 4534 483 4606 quod
502 4534 531 4588 io
550 4539 629 4590 tanta
644 4535 742 4608 populi
756 4536 918 4610 frequentia
967 4543 1065 4597 centio.
1079 4542 1154 4596 lutet·
1167 4538 1236 4594 duos
1249 4537 1388 4593 duntaxat
1401 4534 1499 4591 anbelo
1511 4534 1666 4603 lumiliurcs
1679 4534 1788 4599 baberi,

101 4624 181 4682 facile
195 4626 377 4699 aufugerent,
390 4644 438 4683 rex
462 4627 576 4683 illorum
602 4630 716 4686 duritiae
737 4630 858 4702 obstitit,
879 4636 917 4701 et,
969 4640 994 4691 et
1013 4633 1101 4703 repuli
1122 4633 1243 4687 seminatio
1260 4632 1378 4702 perleui.
1400 4627 1535 4685 Liberalis
1556 4644 1605 4683 rex
1625 4628 1682 4685 boc
1703 4626 1789 4684 facile

101 4735 152 4791 pro
176 4719 274 4776 vinctis
295 4738 342 4776 cos
364 4723 549 4794 redarguens,
570 4722 642 4778 dixit
664 4740 671 4778 ι
692 4726 806 4780 Atetta
826 4741 867 4781 me
887 4730 919 4780 ut
969 4742 1096 4784 annuere
1117 4725 1256 4794 decrevit;
1279 4723 1329 4780 sed
1351 4721 1520 4791 Radbertus,
1538 4720 1717 4778 llelleuticus
1738 4737 1788 4778 oo·

102 4813 209 4869 ercalom
230 4815 303 4885 quod
320 4816 422 4886 probus
440 4817 514 4871 mins
534 4818 615 4872 violet
632 4816 711 4886 fidem
728 4820 821 4873 suom!
841 4818 919 4887 Quod
970 4838 1040 4891 mes,
1060 4836 1111 4893 pro
1130 4819 1197 4875 fello
1216 4818 1313 4874 livoris
1334 4816 1475 4873 dissuasit.
1493 4815 1620 4874 Callidus
1641 4815 1721 4872 enim
1741 4832 1788 4872 se-

102 4909 128 4962 si
155 4911 259 4978 feccrit,
286 4912 359 4965 omni
383 4914 509 4980 tempore.
535 4912 610 4966 celat
634 4912 722 4975 cclcc,
748 4912 919 4984 despicabilis
969 4933 1025 4971 nex
1041 4913 1182 4988 regalibus
1196 4913 1318 4969 consiliis
1330 4911 1482 4984 etjudiciis
1495 4915 1629 4983 praeerat.
1640 4910 1792 4983 Quaprop-

104 5003 167 5057 erit.
970 5016 1013 5066 ter
1030 5010 1060 5066 in
1075 5008 1208 5082 praetorio
1221 5005 1371 5080 principali
1385 5020 1485 5079 parem
1498 5020 1546 5062 seu
1562 5003 1706 5077 potiorem
1720 5021 1788 5077 per-

136 5125 185 5187 (36)
200 5128 224 5177 Α
235 5127 307 5178 Maio
323 5141 419 5180 menae
434 5127 469 5179 ad
483 5128 654 5193 usquelulit
667 5127 751 5179 tinem
766 5129 920 5181 incarcere
970 5148 997 5187 aa
1009 5132 1111 5197 positus
1129 5136 1154 5181 et
1173 5128 1308 5181 obuncans
1324 5126 1448 5178 Helium:
1469 5144 1484 5174 a
1504 5128 1549 5187 Te,
1569 5127 1670 5192 inquit,
1684 5126 1792 5187 monto,

105 5196 249 5248 detentum
276 5199 361 5250 tuisse
390 5200 501 5251 Heliam
524 5200 626 5251 diserte
650 5200 734 5251 tradit
755 5199 918 5262 Ordericus;
970 5210 999 5255 ta
1016 5202 1081 5268 qaid
1095 5198 1217 5265 luceres?
1240 5198 1357 5258 Discede,
1378 5196 1433 5258 ubi,
1451 5198 1535 5263 [lagu
1555 5196 1668 5249 maceda
1690 5197 1740 5248 tibi
1764 5202 1793 5249 ut

104 5271 226 5319 attamen
241 5269 334 5333 ipsum
348 5272 442 5322 statim
457 5271 543 5323 tuisse
557 5271 703 5322 dimissum
718 5285 733 5321 a
746 5284 810 5336 rege
824 5270 921 5323 scribit
970 5274 1054 5338 [ocios
1073 5271 1207 5338 quidquid
1223 5268 1332 5335 poteria,
1346 5273 1370 5319 et
1389 5281 1438 5332 per
1451 5266 1551 5319 cubam
1569 5267 1601 5319 da
1621 5268 1692 5319 lucu
1710 5267 1792 5327 nibil,

103 5339 272 5391 Ouillelmus
292 5340 556 5406 blalmesburtansis,
575 5346 656 5409 cujus
674 5342 736 5394 brec
755 5346 821 5394 sunt
836 5343 921 5395 rerba
970 5346 994 5396 ai
1003 5358 1043 5394 ma
1054 5344 1160 5402 oi'cera'a,
1174 5354 1224 5408 pro
1235 5342 1283 5392 boo
1294 5340 1374 5391 venio
1388 5347 1469 5391 uuam
1481 5338 1614 5403 maur.
1624 5354 1640 5385 s
1650 5340 1703 5390 Neu
1717 5338 1794 5402 inla-

105 5410 154 5463 lib.
163 5423 201 5473 1v,
214 5424 240 5475 p.
256 5412 301 5463 til
314 5426 319 5460 :
332 5414 587 5471 ductorturboram,
597 5414 699 5480 lnquit,
709 5413 821 5479 quidum
831 5411 922 5465 Helius
971 5418 1029 5468 rius
1046 5415 1146 5480 [ectum
1166 5413 1245 5466 uerbo
1266 5412 1328 5477 suit,
1342 5411 1388 5464 ud
1407 5410 1530 5462 cortinam
1552 5408 1655 5461 dimicat
1667 5408 1791 5473 eandm,

102 5485 218 5552 copitar,
231 5488 276 5537 cui
295 5493 356 5538 utus
369 5501 397 5539 re
410 5487 522 5539 udducto
545 5502 592 5539 reu
612 5486 788 5539 ludibundus:
804 5504 819 5535 a
834 5487 921 5538 Habeo
971 5490 1087 5539 miratus
1113 5485 1201 5552 potius
1232 5497 1313 5549 quom
1338 5483 1481 5533 innotatur
1506 5478 1657 5546 sapientam.
1684 5481 1792 5534 Verum

105 5561 140 5616 te,
166 5559 302 5623 magister,
324 5578 338 5605 s
361 5560 456 5623 inquit.
478 5562 510 5609 At
540 5558 594 5622 ille,
617 5560 694 5622 caque
717 5558 776 5609 otto
796 5558 922 5609 nobilitor
973 5556 1104 5610 Orderico
1117 5557 1208 5622 potior
1217 5554 1296 5617 tides,
1309 5555 1355 5606 cui
1366 5550 1622 5617 concordantgerta
1634 5548 1793 5605 Cenoman-

103 5629 215 5679 nasairet
228 5630 307 5681 etiam
322 5631 351 5680 in
365 5634 440 5680 tacito
452 5629 573 5694 periculo
588 5643 681 5696 supera
696 5630 811 5680 bomilia
824 5628 898 5695 leqai
914 5644 920 5678 ι
973 5630 1103 5681 uenatum
1119 5628 1324 5695 episcoporum.

105 5718 120 5751 a
136 5702 264 5762 Fortuita,
280 5701 381 5767 lnquit,
394 5716 434 5751 mc
447 5701 557 5763 capeti,
571 5704 594 5753 ai
608 5715 708 5766 possam
723 5702 845 5761 strodere,
860 5702 924 5752 noni
1197 5709 1269 5760 Dom
1282 5708 1433 5769 Bouquar,
1444 5703 1492 5757 lib.
1506 5716 1538 5766 x,
1550 5716 1578 5770 p.
1590 5702 1648 5755 O'lt.

97 5773 308 5841 quidforet-em!
319 5792 333 5818 υ
348 5772 419 5825 Teano
437 5770 586 5825 Wiltelraos
597 5786 648 5839 pro
663 5771 755 5836 [urere
769 5770 825 5835 [era
840 5778 922 5824 cetra
