3750 6046
91 185 143 241 raa
778 183 1087 242 reuerterentur
1717 182 1765 243 nt
1812 168 1814 175 '

91 312 288 386 inquisitiones
318 314 413 370 subtili
442 313 592 385 lucidaque
616 312 719 368 Graecis
740 316 769 367 et
799 312 905 368 Latinis
915 315 1056 401 Afuerat,
1076 315 1268 388 impugnaret,
1289 320 1328 383 et,
1353 314 1510 372 baronibus
1531 314 1690 387 cupiditate
1717 332 1766 372 aua

91 409 274 481 responsione
295 408 437 464 satisfecit.
454 411 581 480 Cumque
595 408 730 479 profatus
748 423 821 478 papa
835 408 902 477 Deo,
954 410 1056 466 timore
1068 410 1102 466 ad
1116 426 1183 465 eum
1199 408 1287 479 flexis,
1300 426 1434 489 magnpm
1452 411 1614 482 portionem
1631 410 1765 467 Normau·

92 502 294 575 catholicaeque
311 503 388 574 plebi
401 503 587 575 apostolicam
601 501 765 557 servitutem
782 501 905 573 peregis-
954 504 1009 558 niae
1017 507 1125 574 nactus,
1136 504 1337 577 triumpharet,
1346 504 1508 575 bajocensis
1515 502 1575 560 Ode
1586 503 1655 560 totis
1662 503 1766 561 viribus

92 599 144 665 set,
158 599 187 651 et
200 596 229 650 in
243 595 392 651 Gallicanis
406 596 578 668 regionibus,
594 595 666 650 unde
677 594 831 666 prodierat,
847 593 904 648 suis
955 597 995 652 illi
1007 598 1056 653 diu
1077 598 1189 669 restitit,
1210 614 1264 653 nec
1292 597 1410 668 consuli,
1435 598 1526 654 donec
1544 598 1604 670 ipse
1624 597 1680 653 sibi
1701 596 1766 654 defi·

92 689 275 761 spiritualiter
298 691 437 761 proficere
456 690 635 756 decrevisset,
657 689 805 761 ingentem
818 704 904 759 syno·
955 696 1041 760 earet,
1059 691 1196 748 auxilium
1210 691 1311 747 defuit.
1327 691 1407 747 Unde
1424 692 1540 764 praesul,
1555 694 1707 764 postquam
1723 708 1767 749 rex

22 790 26 797 '
93 783 162 839 dum
177 785 251 857 apud
263 784 519 851 Clarummontem,
533 783 672 838 alverniae
682 781 903 850 urbem,tenuit,
954 785 1134 853 Guilelmus,
1156 789 1188 841 ut
1214 786 1321 841 dictum
1344 788 1396 854 est,
1416 785 1573 856 praevaluit,
1590 785 1767 859 peregrinari

91 880 228 951 pupulum
252 880 362 935 Domini
389 882 488 933 contra
509 877 638 933 ethnicos
660 877 784 949 praeliari
806 875 903 930 admo·
955 897 1042 952 quam
1060 880 1176 935 inimico
1197 880 1296 952 subjici
1316 879 1427 935 maluit.
1450 881 1549 936 Remea
1572 896 1639 935 cum
1658 879 1767 936 Urbano

93 974 187 1028 nendo
200 973 343 1044 pracepit,
358 978 386 1028 et
398 989 511 1028 crucem
526 971 647 1039 Domini,
664 987 728 1042 qum
753 969 865 1025 diabole
878 975 906 1024 et
955 990 1029 1046 papa
1041 974 1142 1045 presul
1155 981 1183 1030 et
1198 974 1256 1029 dux
1275 974 1361 1029 loerrti
1374 977 1450 1043 sunt,
1465 979 1503 1042 et,
1518 980 1655 1047 percepta
1678 973 1767 1029 bene·

94 1067 174 1122 enini
198 1066 368 1137 malignitati
394 1066 542 1121 formidini
567 1069 619 1133 est,
644 1065 675 1119 in
697 1064 825 1119 lrurneris
847 1063 905 1117 suis
955 1068 1078 1123 dictione
1092 1067 1183 1137 abeo,
1205 1068 1328 1123 Tiberim
1351 1068 1534 1138 transierunt,
1560 1071 1590 1123 et
1616 1066 1647 1123 in
1669 1067 1769 1140 Apulia

93 1161 168 1216 ferre
182 1160 313 1215 instituit.
329 1163 406 1215 Tunc
416 1161 505 1215 nimia
516 1161 602 1215 motio
614 1159 744 1230 gentium
765 1159 837 1212 lacta
852 1162 903 1228 est,
955 1163 1165 1217 hienraverunt.

94 1255 204 1310 sieutiu
219 1255 389 1326 praecedenti
402 1254 497 1309 libello
517 1255 585 1309 satis
601 1254 707 1308 dictum
729 1255 781 1307 est.
990 1256 1058 1310 lude
1083 1255 1210 1327 pontifex
1237 1256 1266 1310 in
1288 1255 1387 1312 urbem
1414 1256 1654 1326 panormitanam,
1685 1273 1770 1329 quam

182 1351 226 1404 lll.
243 1350 344 1405 irritares
356 1351 544 1417 crucesignati,
561 1350 686 1419 episcopi,
702 1347 819 1401 oliberes.
955 1351 1039 1422 vulgo
1057 1351 1205 1405 Paternam
1220 1354 1330 1419 vocant,
1350 1350 1472 1418 secessit,
1493 1350 1591 1423 ibique
1617 1351 1769 1407 Februario

128 1444 206 1498 'franc
232 1442 410 1513 Godefridus,
438 1441 630 1512 Letharingiae
658 1441 726 1507 dux,
756 1441 904 1496 Bellonam
954 1460 1051 1499 mense
1074 1461 1108 1499 ex
1127 1445 1179 1499 hac
1204 1444 1260 1498 vita
1280 1443 1468 1515 migravit‚et
1493 1444 1522 1499 in
1549 1445 1770 1517 metrepolitana

93 1543 216 1594 castnrm
244 1553 308 1591 cum
329 1536 462 1591 omnibus
484 1535 659 1607 appendiciis
688 1534 745 1588 suis
771 1534 905 1605 episcope
955 1539 1061 1594 Sancte
1080 1537 1129 1593 Dei
1151 1537 1297 1608 genitricis
1322 1536 1415 1592 hieriae
1442 1536 1558 1592 basilica
1582 1538 1769 1609 Gisleberlus,

92 1631 269 1698 leodicensi,
285 1630 402 1686 domino
412 1629 645 1697 suo,invadiavit,
660 1633 688 1683 et
702 1628 736 1682 ab
746 1645 780 1682 eo
793 1631 904 1699 septem
956 1631 1131 1687 Ehroicensis
1146 1631 1310 1703 episcopus,
1332 1647 1399 1686 eum
1423 1630 1561 1703 sepelivit.
1575 1631 1635 1700 llic,
1654 1632 1691 1687 ah
1704 1633 1771 1688 ado·

93 1725 184 1781 millia
199 1742 308 1780 marcos
323 1725 434 1796 argenti
449 1723 566 1795 recepit.
590 1722 635 1779 Sic
649 1722 695 1777 alii
709 1722 815 1794 plures,
832 1737 902 1793 opu·
914 1704 943 1776 B
956 1726 1090 1781 lescentia
1117 1741 1168 1780 sua
1193 1730 1357 1796 promotus,
1388 1725 1515 1782 eeclesia
1542 1726 1771 1798 gubernaculum

92 1820 162 1875 lenti
181 1823 210 1875 et
223 1835 370 1891 pauperes,
392 1817 500 1890 praedia
512 1815 694 1888 redditusque
709 1833 774 1871 suos
798 1814 903 1869 distra-
955 1820 1086 1892 suscepit,
1105 1819 1164 1876 fere
1179 1836 1205 1874 rr
1222 1819 1303 1874 annis
1322 1820 1425 1887 tenuit,
1449 1819 1545 1875 multis
1568 1820 1729 1877 honoribus
1743 1829 1770 1876 et

93 1917 205 1982 xerunt,
216 1930 247 1968 ae
260 1913 410 1985 pecuniam
420 1913 455 1967 ad
466 1911 625 1968 ineundum
636 1912 690 1966 iter
703 1911 730 1965 in
744 1909 903 1965 Jerusalem
955 1915 1131 1969 ornamentis
1150 1913 1338 1986 episcopalem
1356 1914 1504 1969 eeclesiam
1529 1914 1639 1985 ditavit,
1662 1915 1771 1971 clerum

92 2011 328 2080 procuraverunt.
954 2008 1112 2076 honoravit,
1127 2012 1156 2062 et
1168 2008 1273 2063 multos
1286 2008 1344 2062 suis
1362 2007 1537 2081 exspoliavit,
1552 2008 1772 2081 aliisqueablata

130 2098 290 2153 Rodbertus
317 2112 428 2169 quoque
451 2098 483 2163 ll,
505 2096 562 2150 (lux
587 2096 832 2163 liormannorum,
856 2095 904 2166 qui
955 2101 1090 2174 prodigus
1105 2100 1229 2157 donavit.
1243 2102 1329 2173 Cujus
1345 2102 1455 2157 obitum
1475 2118 1524 2156 rex
1551 2102 1722 2158 Guillelmus
1742 2107 1773 2158 ut

92 2192 284 2249 Curta-Ocrea
290 2192 387 2263 jocose
403 2189 622 2262 cognominatus
633 2194 684 2257 est,
700 2192 785 2244 totam
797 2192 903 2244 terram
954 2195 1071 2264 audivit,
1094 2196 1224 2265 Turoldo,
1245 2196 1327 2251 fratri
1342 2196 1467 2268 llugonls
1486 2196 1521 2251 de
1543 2196 1698 2265 libramen,
1713 2196 1772 2268 epi-

94 2303 186 2356 suam,
213 2302 300 2357 usque
325 2285 359 2340 ad
387 2286 515 2357 quinque
540 2300 639 2353 annos,
661 2283 809 2340 Guillelmu
831 2282 902 2355 regi,
955 2294 1101 2361 scopatum
1114 2289 1267 2355 deditum
1283 2295 1347 2360 post
1361 2305 1501 2345 annosve
1516 2291 1706 2361 presulatum
1721 2308 1774 2363 pre

95 2381 175 2437 fratri
187 2397 247 2449 auo,
263 2379 379 2450 dimisit,
397 2382 425 2434 et
440 2379 538 2434 decem
553 2379 641 2434 millia
657 2394 765 2433 marcos
781 2377 902 2448 argenti,
954 2384 1124 2457 quibusdam
1148 2385 1260 2440 areanis
1288 2385 1361 2439 ultro
1384 2382 1509 2456 reliquit,
1532 2387 1561 2439 et
1589 2383 1620 2440 in
1645 2385 1773 2441 coenohio

93 2476 128 2530 ad
158 2475 326 2546 explendam
350 2473 615 2545 peregrinationem
640 2473 783 2543 cupitam,
810 2471 846 2526 ab
871 2487 904 2526 00
955 2477 1084 2534 Beccensi
1099 2478 1151 2532 sub
1164 2476 1423 2533 Guillelmoabbate
1440 2476 1594 2533 monachili
1607 2477 1728 2550 llegnlae
1742 2496 1772 2533 se

94 2569 212 2641 accepit,
232 2567 396 2623 Gnillelmus
417 2571 513 2621 nutem
535 2583 594 2634 rex,
612 2582 689 2621 nono
703 2582 779 2621 anno
795 2580 829 2620 ex
847 2581 904 2636 quo
954 2572 1092 2641 submisit,
1107 2572 1204 2643 ibique
1217 2572 1343 2644 plurimo
1364 2576 1492 2643 tempore
1508 2588 1597 2644 usque
1621 2571 1657 2627 ad
1686 2572 1772 2628 finem

92 2663 232 2735 regnavit,
254 2662 405 2717 exhaurire
429 2662 577 2716 thesauros
595 2677 660 2715 suos
684 2659 791 2727 nolens,
819 2676 902 2714 orna·
953 2666 1018 2721 vitre
1037 2666 1207 2737 regulariter
1220 2666 1275 2722 Deo
1289 2665 1436 2721 militavit:
1451 2666 1496 2721 cui
1510 2665 1680 2738 Richardus,
1696 2667 1768 2723 San-

92 2761 190 2813 menla
199 2757 379 2813 ecelesiarum
392 2755 567 2827 exspoliavit,
577 2771 641 2827 qum
655 2754 784 2808 studiosa
799 2753 903 2825 prisco·
954 2759 1029 2816 sonis
1041 2759 1126 2827 tillus,
1141 2775 1193 2831 per
1205 2776 1296 2815 anuos
1310 2776 1375 2814 χιιι
1388 2759 1530 2815 suecessit,

89 2870 154 2909 rum
169 2851 362 2908 benevolentia
376 2865 478 2921 regum
492 2854 520 2904 et
532 2849 703 2920 optimatum
725 2864 794 2902 auro
809 2853 838 2903 et
857 2865 903 2903 ar·
990 2854 1154 2909 Guillelmus
1178 2854 1274 2925 itaque
1289 2870 1338 2908 rex
1358 2853 1563 2909 hermanniam
1584 2853 1728 2925 possedit,
1741 2860 1770 2911 et

94 2953 190 3019 gente,
205 2945 381 3017 gemmisque
390 2947 510 3009 texerat,
520 2943 605 3007 ac,ad
614 2942 781 2998 laudemDei
792 2959 903 2997 memo·
954 2948 1078 3003 dominia
1093 2947 1182 3020 patris
1196 2948 1248 3013 sui,
1273 2964 1338 3019 quae
1351 2947 1440 3002 frater
1454 2963 1522 3002 suus
1535 2947 1707 3019 insipienter
1719 2947 1773 3003 dis·

92 3047 222 3117 riamque
249 3044 302 3111 sui,
331 3048 434 3098 seneen
463 3042 548 3096 matri
584 3040 715 3096 Ecclesiae
738 3041 902 3112 reliquerat.
955 3045 1089 3111 traxerat,
1117 3041 1171 3096 sibi
1197 3041 1378 3113 mancipavit,
1405 3045 1433 3096 et
1453 3042 1585 3097 ecclesias
1607 3041 1771 3113 pastoribus

92 3133 903 3209 MenseSeptembri,Guillelmusmaretransfretavit,da·
956 3136 1081 3190 viduatas
1102 3136 1198 3190 electis
1219 3152 1270 3208 pro
1296 3135 1411 3191 modulo
1437 3152 1488 3190 suo
1516 3135 1673 3191 rectoribus
1699 3153 1773 3191 com·

91 3240 179 3306 teque
203 3232 322 3304 pecunia
344 3230 501 3286 Neustriam
528 3229 645 3301 recepit,
660 3233 689 3284 et
706 3229 765 3285 fere
781 3228 903 3297 vannis,
953 3231 1041 3285 misit.
1060 3231 1130 3285 Nam
1155 3230 1384 3286 Gemmeticense
1404 3229 1567 3285 eoenobium
1593 3236 1624 3286 et
1650 3230 1771 3286 Divense

94 3329 172 3384 emrri
185 3326 351 3382 scilicetvila
364 3341 424 3393 sua,
439 3324 736 3379 fortitereoneuleavit.
748 3322 903 3388 TnncOdo,
954 3325 1103 3379 vacabant.
1125 3323 1286 3379 Guntmdus
1307 3324 1396 3392 enim,
1409 3324 1681 3379 Gemmeticensium
1702 3329 1771 3380 stre-

93 3422 252 3494 ltajocensis
273 3420 428 3492 episeopus,
450 3434 515 3473 eum
539 3418 680 3472 liudberto
696 3417 778 3483 duce,
799 3420 905 3488 nepote
955 3436 1029 3472 riuus
1060 3418 1158 3487 abbas,
1183 3419 1256 3490 apud
1284 3418 1544 3486 clarummontem,
1566 3418 1636 3473 dum
1663 3418 1773 3475 famosa

92 3535 152 3585 sno,
178 3516 374 3589 peregrinatus
399 3519 451 3568 est.
479 3513 583 3567 Tantus
611 3512 688 3567 enim
719 3515 781 3567 erat
804 3527 905 3565 rancor
954 3512 1080 3584 synodus
1116 3512 1154 3567 ihi
1188 3512 1389 3581 celebraretur,
1406 3528 1433 3568 vr
1448 3513 1591 3568 Kalendas
1607 3513 1770 3569 Decembris

93 3613 168 3668 inter
183 3611 275 3683 ipsum
289 3612 317 3664 et
328 3625 424 3680 regem
433 3625 484 3679 pro
497 3607 646 3662 transactis
656 3605 859 3671 simultatibus,
873 3610 904 3659 ut
955 3606 1035 3661 obiit.
1052 3608 1083 3661 ln
1104 3606 1184 3678 eujus
1198 3607 1261 3662 leco
1277 3622 1323 3661 rex
1339 3606 1528 3674 tancardum,
1551 3607 1771 3663 fiscannensem

55 3686 58 3691 ’
91 3704 399 3776 nullatenuspacitieari
409 3702 569 3774 possentab
579 3702 641 3756 ullis
654 3699 903 3755 caduceatoribus.
954 3701 1148 3771 praepositum,
1174 3700 1350 3772 subrogarit.
1376 3700 1439 3768 eoi,
1465 3703 1529 3772 post
1542 3701 1651 3773 aliquot
1670 3718 1770 3770 annos,

92 3804 152 3858 llex
167 3799 308 3871 siquidem
327 3797 526 3868 magnanimus
539 3799 566 3851 et
585 3794 737 3850 iracundus
752 3798 780 3848 et
795 3796 903 3848 tenacis
954 3798 1015 3848 orto
1035 3794 1108 3849 inter
1133 3793 1227 3865 ipsum
1251 3800 1279 3849 et
1299 3793 1453 3850 nronachos
1478 3794 1618 3866 probrose
1633 3796 1771 3865 tumultu,

93 3902 153 3953 crat
186 3893 354 3960 memorien,
386 3908 439 3945 nee
474 3889 608 3960 injuriam
644 3888 758 3943 sibimet
791 3889 902 3958 irroga·
954 3903 1019 3941 eum
1037 3887 1154 3942 iufamia
1174 3886 1300 3954 recessit,
1327 3887 1410 3958 eique
1423 3887 1659 3959 Rothonragansis
1673 3890 1771 3956 Ursus,

91 3996 150 4046 tam
180 3987 262 4043 facile
291 3983 511 4039 obliviscebatur
532 3982 592 4037 sine
622 3982 738 4036 ultione.
766 3981 902 4036 Tumidus
954 3981 1258 4052 ahinfantiaejusdem
1283 3980 1405 4036 ecclesie
1426 3981 1594 4049 monachus,
1611 3998 1772 4054 perennes

91 4082 227 4139 nimirum
242 4080 373 4151 princeps
386 4076 591 4132 acerbeseoum
602 4074 745 4129 recolebat
756 4075 831 4145 quod
842 4074 903 4128 Ddo
954 4092 988 4131 xx
1001 4074 1144 4130 successit.
1168 4075 1277 4130 interea
1297 4075 1390 4143 Falco,
1411 4075 1548 4130 Uticensis
1567 4076 1726 4132 menachus
1745 4082 1774 4133 et

92 4175 205 4249 praesul,
221 4174 270 4245 qui
285 4178 401 4243 patruus
414 4187 481 4223 suus
501 4173 572 4236 erat,
589 4168 617 4222 in
640 4167 800 4238 primordio
821 4168 903 4238 regni
954 4170 1115 4225 Divensium
1130 4167 1225 4236 abbas,
1239 4169 1383 4223 Urbanum
1397 4185 1503 4242 papam
1517 4169 1637 4240 adierat,
1653 4175 1683 4226 et
1696 4172 1771 4243 apud

92 4265 312 4341 suiprimusilli
329 4265 481 4330 restiterat,
497 4268 524 4317 et
542 4262 687 4334 ingentem
703 4266 902 4333 magnatorum
953 4264 1099 4321 cassinum
1131 4266 1260 4317 montem
1291 4264 1444 4318 exsulabat.
1486 4263 1573 4335 Cujus
1612 4280 1772 4333 successor,

90 4362 283 4436 frequentiam
297 4360 326 4414 in
337 4358 522 4414 rebellionem
534 4360 634 4411 contra
648 4356 742 4427 ipsum
754 4359 901 4411 coutraxe-
953 4357 1069 4412 nourine
1083 4355 1261 4423 Benedictus,
1275 4357 1368 4411 Sancti
1388 4357 1514 4412 audoeni
1535 4357 1774 4431 Rothemagensis

91 4463 146 4515 rat.
173 4457 239 4529 Ejus
265 4454 423 4521 instinctu,
448 4451 616 4518 Radbertus,
643 4450 772 4506 lloritolii
798 4449 1158 4522 cemes,1)arelriepiscopi
1180 4451 1344 4517 inonachus,
1367 4451 1485 4506 obierat.
1512 4450 1677 4507 Divensibus
1703 4470 1773 4526 crgo

90 4550 305 4609 Ponevesellnm
328 4546 433 4615 tenuit;
457 4545 504 4600 sed
533 4545 715 4616 postmodum
744 4560 808 4598 cum
836 4560 904 4615 rege
954 4543 1772 4613 GuillelmusrenEtardum,Gemmenticensemhortula-

90 4647 245 4711 ebsidente,
275 4643 322 4716 qui
347 4658 434 4713 nepos
456 4656 523 4695 suus
545 4644 615 4708 erat,
636 4654 735 4709 pacem
759 4637 835 4707 fecit,
864 4640 902 4706 et,
953 4654 1033 4708 ιιιιιιι,
1059 4637 1093 4692 ab
1113 4637 1234 4692 infantia
1254 4638 1436 4705 monachum,
1455 4638 1589 4694 abbatem
1608 4640 1698 4711 dedit,
1723 4643 1772 4714 qui

90 4742 199 4797 reddita
213 4738 380 4804 munitione,
398 4736 427 4789 in
445 4734 599 4789 amicitiam
612 4732 706 4787 rediit.
728 4732 904 4787 Gislebertus
954 4748 1006 4803 per
1022 4732 1130 4802 aliquot
1149 4747 1238 4785 arruns
1257 4747 1374 4803 gregem
1397 4731 1444 4785 Dei
1472 4732 1624 4804 diligenter
1638 4735 1770 4790 serravit.

90 4851 211 4908 quoque,
237 4833 310 4886 Dlius
335 4830 477 4895 Richardl,
501 4844 567 4882 eum
589 4826 711 4898 Rogerio
733 4826 820 4880 fratre
841 4842 901 4895 suo,
954 4825 1068 4880 Frrlceni
1082 4841 1148 4878 vere
1163 4824 1294 4880 redeunti
1309 4841 1375 4879 cum
1398 4825 1526 4897 apicibus
1550 4843 1643 4898 papae,
1674 4845 1771 4884 eoeno·

89 4927 317 4996 Tonnebrugiam
344 4922 479 4988 nrrvuivit3
501 4921 548 4977 sed
576 4919 700 4974 Pascholi
725 4919 903 4974 hebdomada
952 4919 1056 4974 bialern
1076 4919 1271 4990 magistratum
1291 4923 1437 4991 gratanter
1452 4919 1575 4991 reliquit,
1591 4937 1633 4989 ac,
1650 4922 1686 4977 ad
1707 4940 1775 4978 cun-

89 5040 138 5078 rex
155 5023 290 5095 oppidum
304 5019 422 5085 obsedit,
439 5017 516 5088 qnod
528 5015 554 5070 ei
568 5031 633 5069 mor
645 5015 675 5069 in
689 5014 781 5085 primo
795 5012 902 5068 assultu
953 5012 1088 5067 versionis
1109 5029 1168 5067 sure
1188 5012 1283 5067 locum
1304 5028 1449 5079 reversus,
1471 5014 1499 5067 in
1524 5013 1669 5087 decrepita
1689 5022 1773 5072 mtote

90 5116 180 5171 (ussit.
197 5115 322 5186 fieritque
339 5111 464 5184 pontifex
479 5110 553 5181 ipse,
571 5126 636 5163 cum
652 5107 804 5163 Eustachio
820 5107 900 5161 Dele-
953 5106 1101 5162 hominem
1114 5106 1206 5160 exivit.
1226 5107 1309 5162 l'uleo
1324 5111 1431 5176 autem,
1446 5106 1566 5179 quiante
1580 5108 1773 5180 dejectionem

88 5209 181 5266 niensi
198 5215 226 5264 et
237 5207 380 5262 liudberto
402 5203 576 5259 Delesnrensi
594 5209 623 5258 et
638 5202 744 5275 insigni
759 5201 901 5274 phalange
953 5217 1034 5256 snam
1064 5201 1180 5256 Divense
1206 5201 1367 5256 coeuebium
1393 5218 1426 5256 xx
1457 5202 1540 5256 aunis
1565 5201 1660 5275 rigide
1682 5205 1769 5273 rexit,

89 5309 273 5368 armatorum,
294 5299 415 5357 hoiense
435 5304 558 5353 castrum
583 5297 685 5364 tenuit,
706 5296 811 5368 ibique,
835 5297 903 5351 dite·
953 5294 1122 5367 solertiaque
1132 5310 1181 5349 sna
1194 5310 1348 5349 numerum
1369 5295 1492 5351 fratrum
1505 5295 1594 5363 auxit,
1614 5296 1770 5370 multisque

88 5399 142 5454 bus
169 5394 341 5466 municipiis,
369 5408 432 5465 qua
457 5408 506 5446 rex
536 5394 751 5457 construxerat,
778 5391 807 5444 in
831 5406 902 5461 gyro
953 5387 1048 5443 raedis
1070 5388 1220 5445 Ecclesiam
1242 5388 1382 5460 provexit,
1405 5388 1551 5444 invidente
1570 5394 1599 5445 et
1615 5389 1772 5463 instigante

90 5494 223 5559 arctatus,
239 5505 303 5544 cum
317 5488 457 5544 dedecore
470 5486 561 5555 cessit,
577 5492 615 5555 et,
635 5486 670 5541 de
692 5488 749 5540 teto
775 5483 902 5539 rtllrionis
951 5483 1064 5551 Setaea,
1079 5482 1183 5552 injuste
1201 5482 1369 5538 criminatus
1390 5488 1418 5538 et
1443 5482 1598 5555 depositus,
1618 5500 1657 5539 vn
1688 5485 1774 5541 annis

88 5604 179 5659 reguo
224 5580 492 5654 irrecuperabiliter
527 5580 738 5647 exhaeredatus,
777 5577 900 5633 recessit.
951 5576 1096 5632 exsulavit.
1120 5576 1226 5632 Deinde
1241 5592 1377 5646 resersus,
1398 5576 1544 5633 abbatiam
1563 5594 1645 5633 suam
1666 5578 1772 5635 iterum

88 5680 196 5737 Deinde
211 5678 240 5732 in
264 5676 447 5744 h'orrmmnin,
467 5692 531 5729 evim
557 5693 616 5729 sese
630 5692 679 5729 rex
695 5674 858 5741 vindicaret,
874 5675 903 5727 et
951 5671 988 5724 rit
1011 5669 1093 5725 arrrris
1120 5686 1252 5742 prospere
1272 5670 1450 5743 gubernarit,
1471 5678 1501 5727 et
1519 5686 1603 5727 senex
1619 5672 1649 5727 in
1667 5672 1772 5749 Anglia

65 5778 203 5845 ‚fratrem
223 5788 317 5839 suurn,
333 5788 348 5826 a
364 5786 420 5844 qno
435 5767 538 5841 injuste
555 5774 582 5825 ct
596 5768 700 5823 frustra
719 5768 903 5841 impugnatus
954 5782 984 5824 ut
996 5767 1092 5821 Nonas
1103 5762 1208 5838 Aprilis
1222 5765 1340 5823 Guentoe
1355 5764 1434 5822 obiit.
