3750 6046
106 202 175 261 ists
640 204 671 260 B·
692 202 817 259 meost
837 200 1088 257 messanensis
1106 198 1256 256 tst’tsoort
1749 195 1806 253 lili

103 327 185 393 letio,
201 326 337 381 continua
354 328 497 394 exaltatio,
510 328 575 383 lelix
592 331 619 381 et
636 327 809 399 sempiterna
822 324 918 380 lauda·
932 323 1074 412 Alegitur
1084 323 1160 395 quod
1171 329 1273 378 antcet
1285 326 1372 390 retro,
1383 321 1460 377 intus
1474 318 1711 392 etius-isatqne
1723 318 1754 373 in
1763 318 1807 374 cir-

105 420 163 475 tio!
180 421 257 475 Beati
270 421 320 493 qui
333 421 422 475 edunt
434 421 528 476 cibum
545 422 574 476 in
588 437 678 493 regno
692 427 740 476 too
758 437 764 475 :
782 422 860 475 Beati
873 422 922 490 qut
971 417 1048 473 cuitu
1064 417 1147 488 {viena
1163 422 1229 472 sunt
1242 414 1670 484 oculis31aboreshonsiuum,
1687 420 1718 468 et
1732 412 1804 470 dolo·

103 513 230 570 debitunt
245 518 277 570 tn
296 516 374 570 dorne
389 522 448 577 tua,
464 518 582 579 llomine,
599 518 627 570 iu
644 515 742 571 seculo
762 516 921 571 seculorum
969 528 1025 579 res,
1041 528 1134 579 casus,
1151 510 1448 579 deiectus,caecitates,
1464 507 1706 575 invaletudines,
1720 512 1802 563 extre·

102 608 260 664 inridebunt
275 617 300 665 te
312 610 396 678 (Prot.
412 610 534 682 txxxrn).

139 701 169 754 ln
194 703 222 753 te
242 699 326 754 etiarn
346 699 516 768 laudabitur,
534 718 591 755 riou
609 702 675 768 Eva,
692 700 760 755 lethi
784 698 917 771 propina-

103 787 170 855 trix,
192 787 240 843 sed
260 788 355 855 llario,
377 789 440 843 vttae
461 790 650 860 propinatrix,
667 795 769 859 mater,
789 792 817 843 et
836 788 919 844 altrix

104 882 325 952 conjunctorum
345 883 403 937 vita
425 882 588 938 virentium.
604 887 636 938 ln
649 890 673 939 te
691 884 852 939 laudabitur
873 899 920 953 ge·

104 975 192 1030 nitrix
203 980 260 1030 toa.
272 976 400 1032 Audierit
408 981 543 1033 nitrosucti
550 984 575 1033 et
583 979 707 1033 latentur
716 978 799 1047 (Psoi.
811 976 917 1047 xxxin).

105 1069 215 1124 Lucifer
238 1069 378 1141 gloriosus
405 1077 434 1126 et
455 1088 592 1141 arrogans
614 1071 778 1126 vulneratus
802 1071 837 1125 ad
860 1071 919 1126 ima

102 1168 221 1235 corruit,
236 1169 355 1225 audiant
371 1170 496 1240 superbi,
512 1177 541 1225 et
553 1170 750 1226 hrrnrilientnr.
765 1170 848 1239 Virgo
864 1168 919 1223 hu-

101 1259 179 1314 milis
198 1260 234 1314 ad
251 1261 385 1315 thronum
411 1261 509 1332 glorios
528 1266 661 1315 coronata
681 1259 856 1328 conscendit,
871 1275 919 1313 atr-

102 1353 183 1408 diant
193 1354 318 1409 humiles
332 1358 361 1409 et
373 1356 514 1409 latentur.
526 1355 638 1411 Corruit
652 1354 697 1409 ille
712 1354 802 1409 elatus
815 1369 918 1423 magna

102 1446 138 1502 de
159 1464 189 1502 se
213 1448 413 1519 presumendo
424 1466 432 1516 ;
448 1448 574 1503 introivit
592 1448 680 1503 Maria
699 1448 727 1501 iu
748 1446 918 1501 holocaustis

969 621 1016 659 rna
1030 604 1164 676 pericula,
1189 605 1310 659 incertos
1334 604 1426 659 exitus
1446 604 1525 671 vitae,
1543 604 1577 657 et
1591 602 1677 657 mala
1690 617 1803 674 queque

969 697 1087 753 humani
1096 697 1219 770 generis,
1229 715 1285 752 non
1297 714 1378 769 aque
1389 701 1421 752 ut
1429 696 1476 752 lici
1485 695 1629 752 Genitrix
1640 696 1803 751 valentem-

970 792 1092 860 minare,
1103 792 1295 847 examinando
1308 791 1411 846 coelesti
1421 790 1529 846 auxilio
1545 789 1682 858 diluere,
1697 794 1728 845 et
1742 807 1799 861 pro·

968 887 1090 958 pulsare.
1108 885 1169 951 Quo
1183 886 1261 940 enirn
1274 885 1423 941 sublimius
1443 884 1587 939 immensi
1600 883 1686 956 regis
1702 900 1798 939 coru·

969 978 1045 1050 picit,
1056 996 1088 1034 eo
1101 978 1379 1049 prolundinsdivinar
1393 977 1618 1050 gratiapietatis
1627 977 1797 1033 afflictorum

969 1080 998 1127 ct
1008 1073 1146 1142 misereri,
1159 1079 1187 1128 ct
1196 1073 1307 1127 miseris
1320 1089 1484 1128 succurrere
1494 1071 1592 1127 norit.
1611 1072 1699 1127 Unde
1710 1072 1795 1137 Haris,

969 1161 1054 1216 idest
1075 1163 1160 1216 maris
1181 1162 1262 1216 stella
1275 1161 1394 1232 provido
1413 1160 1465 1216 [tei
1480 1161 1609 1216 consilio
1632 1166 1738 1216 vocata
1749 1170 1794 1221 est.

969 1258 1000 1310 ut
1008 1256 1122 1310 nomine
1134 1255 1299 1323 declararet,
1309 1254 1384 1327 qum
1395 1258 1422 1310 te
1433 1254 1440 1308 i
1444 1271 1494 1326 pso
1503 1253 1615 1310 elarius
1624 1254 1792 1310 manifestat

968 1350 1039 1404 Nani
1065 1366 1098 1404 cs
1122 1366 1180 1421 quo
1199 1349 1284 1404 coelos
1302 1365 1367 1403 cnm
1386 1349 1443 1403 filio
1465 1364 1517 1404 suo
1534 1352 1707 1420 regnatura
1723 1366 1793 1404 cons

968 1442 1080 1510 cendit,
1097 1442 1198 1498 induta
1215 1443 1336 1509 decore,
1354 1443 1452 1497 induta
1471 1443 1583 1513 pariter
1606 1442 1792 1509 fortitudine,
1809 1454 1812 1459 ’

101 1543 191 1596 totam
214 1557 244 1596 sc
258 1542 433 1612 plenitudine
452 1543 549 1613 gratian
569 1540 780 1596 connnittendo.
797 1540 916 1594 indura·
966 1539 1109 1606 praecinuit
1121 1553 1158 1604 se,
1172 1537 1448 1592 intrabileselotv'oucs
1460 1538 1647 1604 morisiPsat.
1665 1542 1732 1607 xcu')
1743 1539 1793 1592 solo

101 1637 147 1689 tus
174 1634 220 1689 illc
248 1636 362 1703 malitia,
388 1636 460 1690 oltra
485 1652 541 1690 non
567 1635 681 1706 adjiciet
709 1640 739 1689 ut
769 1637 914 1703 resurgat3
967 1634 1038 1685 nutu
1055 1630 1273 1701 compescitura.
1298 1631 1491 1703 llarequippe
1518 1630 1682 1702 praesentis
1706 1632 1792 1687 saculi

101 1728 269 1783 couiirmata
291 1728 339 1783 illa
363 1730 509 1795 charitate,
532 1746 588 1784 non
613 1729 773 1783 movebitur
797 1727 917 1797 amplius
929 1709 955 1780 Β
969 1726 1143 1793 navigantes,
1154 1740 1276 1794 seseque
1288 1723 1370 1794 plena
1381 1723 1436 1778 lide
1445 1723 1629 1791 invocantes,
1639 1724 1679 1779 ab
1689 1725 1791 1797 impetu

102 1824 134 1876 ut
154 1822 245 1877 cadat.
259 1824 361 1878 Centro
374 1823 481 1895 quippe
496 1823 638 1877 immobili
657 1823 768 1877 liareus
787 1822 924 1891 inexpug·
973 1818 1103 1888 procella
1124 1824 1152 1873 et
1172 1822 1319 1871 seniorum
1339 1816 1415 1872 rabie
1443 1818 1527 1885 eruit,
1556 1834 1676 1891 eosque
1702 1836 1791 1874 secum

107 1915 195 1969 nubili
213 1916 445 1983 tirmiiatc‚rrulla
466 1934 594 1989 unquam
616 1916 724 1971 moveri
745 1914 849 1986 poterit
863 1929 921 1967 mn·
973 1918 1086 1966 ovantes
1100 1912 1134 1965 ad
1157 1911 1235 1965 littus
1257 1911 1427 1965 felicissima·
1447 1910 1550 1982 petrice
1567 1912 1721 1983 perducit.
1742 1915 1793 1969 ttici

101 2008 253 2065 tabilitate.
271 2011 320 2065 lile
343 2011 491 2081 dignitatis
509 2010 644 2081 angelicae
668 2010 836 2065 clarissimos
851 2008 921 2062 lines
971 2020 1028 2059 nou
1045 2007 1144 2074 potest,
1160 2004 1328 2071 charissimi,
1343 2004 1454 2076 quotics
1464 2003 1493 2058 hi
1508 2004 1686 2077 asperrimis
1696 2023 1792 2079 scopu-

101 2098 247 2166 excedens,
259 2098 327 2153 dum
344 2100 454 2161 nititur,
466 2099 500 2154 ad
523 2116 595 2171 quos
609 2106 719 2154 creatus
730 2099 843 2169 spiritus
859 2117 917 2154 nou
970 2098 1005 2153 lis
1020 2098 1215 2169 naufragaturi
1230 2098 1418 2166 oilenderent,
1434 2098 1473 2152 illi
1489 2098 1519 2152 iu
1544 2103 1644 2171 syrtes
1658 2102 1794 2171 pessimas

100 2191 219 2259 accedit,
234 2193 319 2247 inane
334 2200 465 2259 sectatus,
482 2211 531 2264 per
548 2194 705 2265 praecipitia
721 2194 841 2264 rapitur,
855 2194 919 2248 hor·
970 2209 1027 2246 non
1058 2192 1199 2246 reversuri
1230 2191 1407 2260 inciderent,
1440 2192 1493 2246 hos
1528 2192 1658 2264 Scyllae
1693 2210 1793 2266 vorago

99 2301 163 2340 rore
185 2287 339 2341 tenebroso
360 2287 477 2358 tegitur,
493 2288 528 2342 ad
552 2288 686 2342 interiora
705 2287 759 2341 laci
779 2287 917 2354 defluens,
968 2285 1047 2341 hiatu
1074 2286 1201 2341 horribili
1228 2289 1382 2357 mergeret,
1409 2286 1469 2340 illos
1498 2285 1674 2343 sirenarum
1696 2300 1793 2344 ceruus

100 2383 131 2433 ut
145 2378 173 2432 in
190 2384 329 2434 aeteruum
344 2379 449 2442 doleat,
465 2386 493 2434 et
507 2380 671 2451 justissime
686 2379 875 2434 damnationis
888 2381 917 2434 iu
967 2379 998 2433 in
1021 2379 1138 2434 exitium
1162 2380 1256 2434 dulces
1279 2379 1485 2451 pertraherent,
1510 2379 1567 2434 nisi
1593 2381 1686 2437 stella
1711 2384 1794 2437 maris

102 2473 255 2527 tormentis
276 2473 592 2544 permonstratum
616 2475 718 2528 nierito
734 2473 874 2541 diabolus,
891 2474 917 2528 id
967 2478 1108 2545 perpetua
1131 2473 1214 2544 Virgo
1236 2473 1324 2528 llaria
1348 2490 1402 2545 ope
1421 2472 1600 2528 validissima
1625 2475 1792 2547 obstitisset,

102 2568 147 2618 est
162 2566 284 2622 deorsum
306 2570 393 2635 triens
415 2569 583 2639 appellatur,
598 2568 665 2639 quia
687 2566 803 2622 delinxit
823 2584 853 2622 cr
874 2585 917 2622 su·
966 2583 1090 2639 suosque
1109 2568 1170 2639 jam
1185 2568 1275 2622 tracto
1300 2567 1504 2637 gubernaculo,
1516 2571 1545 2621 et
1562 2571 1628 2624 rate
1649 2587 1792 2643 conquen-

99 2664 249 2734 pernis‚et
268 2666 404 2720 stantibus
424 2666 647 2738 inridens,qnos
669 2668 741 2721 valet
759 2666 853 2721 adhuc
876 2683 915 2721 se·
966 2667 1035 2729 sate
1066 2662 1146 2715 orrrni
1181 2661 1307 2717 hurnauo
1336 2660 1455 2716 consilio
1483 2661 1654 2732 destitutos,
1688 2666 1793 2721 calesti

99 2757 366 2813 eomedinferiora
382 2759 534 2831 demergit.
965 2754 1069 2809 ducatu
1110 2754 1146 2808 ad
1185 2758 1300 2825 portum
1337 2757 1451 2808 eternae
1489 2754 1569 2825 pacis
1601 2758 1793 2829 applicandos

136 2851 271 2923 Suggerit
297 2852 484 2908 creditoribus
508 2853 566 2908 sois
594 2854 725 2920 honores,
752 2853 914 2924 dignitates,
966 2848 1113 2903 eveheret.

99 2945 279 3002 excellentias
298 2950 444 3018 appetere,
459 2948 516 3003 alta
536 2964 644 3019 sapere,
663 2948 693 3001 in
717 2948 806 3002 altum
825 2965 915 3003 cornu
1001 2942 1083 2997 Novis
1105 2942 1200 3013 itaque
1223 2942 1385 3013 triumphis,
1407 2957 1480 2996 nova
1501 2943 1791 3018 perditorumjerep·

98 3039 242 3108 extollere,
278 3040 355 3111 vulgi
389 3041 613 3108 acclamationes,
638 3041 692 3096 tori
721 3041 912 3107 salutationes,
964 3034 1789 3113 tione,norispopnlorumincrementisexsultans,gratu-

98 3133 208 3204 primas
229 3134 258 3188 in
278 3134 463 3189 conventibus
478 3135 559 3191 sedcs
582 3153 690 3204 amare,
705 3136 828 3191 minores
847 3154 912 3191 con-
963 3130 1038 3184 latiur
1055 3130 1084 3182 i11
1108 3129 1237 3196 Domino,
1254 3144 1306 3183 nce
1327 3131 1462 3183 corticula
1485 3129 1577 3200 partis
1601 3134 1718 3203 spoliis,
1744 3134 1791 3189 sed

97 3229 237 3296 temnere,
253 3228 367 3299 paribus
385 3246 414 3283 se
438 3229 581 3300 preferre,
597 3229 751 3301 majoribus
773 3230 910 3296 invidere,
961 3222 1096 3278 humanm
1120 3222 1219 3277 salutis
1242 3222 1354 3293 cupida,
1372 3222 1454 3277 liidie
1476 3221 1565 3279 livido
1591 3225 1715 3298 longius
1729 3246 1789 3300 pro-

98 3314 197 3386 gloriae
220 3316 270 3371 hei
298 3317 433 3385 oblivisci,
458 3318 529 3373 alios
552 3318 706 3384 blanditiis,
730 3319 800 3374 alios
826 3318 912 3373 urinis
961 3315 1167 3388 pulsato,alias
1193 3319 1279 3388 atque
1300 3316 1369 3371 olias
1391 3315 1444 3371 sihi
1468 3316 1588 3372 exuvias
1610 3336 1735 3393 semper
1748 3339 1789 3377 ac·

96 3416 146 3464 aut
159 3410 250 3481 poenis
265 3410 419 3483 subjugare
431 3411 496 3479 sibi,
507 3411 615 3467 idolum
630 3429 660 3467 sc
670 3412 762 3484 ipsum
775 3416 910 3482 statuere,
962 3410 1059 3482 quirit.
1076 3410 1167 3482 igitur
1190 3410 1220 3464 in
1243 3426 1331 3465 nranu
1355 3411 1464 3482 potenti
1484 3415 1514 3466 et
1528 3411 1655 3469 brachio
1679 3416 1787 3472 excelso

99 3504 197 3560 omnia
207 3505 299 3559 iacere
311 3503 348 3559 ad
358 3505 579 3561 ostentationem
588 3506 736 3561 lrorniuum
747 3513 774 3561 ct
785 3506 910 3562 laudern.
962 3509 1149 3575 tyrannorum
1173 3504 1245 3558 fines
1267 3503 1424 3575 egreditur,
1448 3504 1647 3561 munitissima
1671 3525 1788 3583 queque

101 3600 173 3655 Cum
198 3614 268 3670 ergo
297 3598 425 3669 miseros,
450 3600 546 3668 elatos,
570 3600 692 3663 inflatos,
716 3600 859 3667 attonitos,
883 3602 912 3653 et
962 3598 1101 3653 domuum
1125 3598 1302 3670 aggreditur,
1324 3597 1437 3653 inferna
1457 3598 1511 3652 sub
1526 3598 1657 3670 pedibus
1679 3604 1788 3659 saisis-

98 3697 195 3747 mentc
217 3697 313 3763 captos
335 3709 424 3764 nsque
446 3694 480 3748 nd
506 3693 595 3748 nubes
618 3694 758 3763 extulerit,
780 3698 845 3749 tunc
867 3695 912 3748 de·
961 3695 1037 3750 ciens
1066 3696 1296 3765 contremiscere,
1329 3699 1358 3750 et
1380 3696 1538 3767 principem
1571 3700 1682 3755 mortis
1707 3702 1789 3757 nimio

98 3801 180 3840 mum
202 3786 316 3841 eosdem
335 3787 370 3841 ad
391 3787 617 3858 turpiaquuquo
631 3791 660 3842 et
681 3788 911 3843 inhonesta-cru·
961 3792 1071 3844 terrore
1095 3806 1259 3861 permissum
1275 3789 1396 3844 resilire.
1418 3789 1545 3862 lienique
1569 3790 1634 3863 ipsa
1655 3794 1789 3866 iubente,

96 3878 197 3935 daliter
231 3885 381 3934 enervatos
413 3880 542 3948 inclinat,
577 3880 724 3936 inclinatos
760 3881 821 3936 sino
856 3883 910 3937 tilla
960 3883 1787 3955 vehementerevomitpraedarn,quameuminreutrern

94 3973 280 4028 miseratione
295 3990 391 4028 secum
408 3973 444 4027 ad
460 3973 571 4029 inferna
586 3974 723 4030 interiora
741 3975 907 4047 precipitat.
961 3977 1071 4032 militiae
1083 3977 1243 4048 trajecerat,
1259 3976 1391 4048 rejiciens
1405 3993 1472 4032 curn
1487 3976 1598 4048 dolore,
1615 3998 1709 4052 quarn
1726 4000 1787 4037 curn

95 4067 132 4119 nt
154 4065 370 4135 gloriosissima,
390 4083 474 4122 carne
499 4068 696 4140 integerrima,
719 4072 814 4124 ruente
839 4088 911 4125 sere·
961 4071 1069 4142 ingenti
1094 4071 1225 4142 superbia
1246 4070 1402 4126 detinebat.
1420 4070 1548 4143 Surgunt
1562 4073 1650 4143 lapsi,
1669 4077 1788 4133 redeunt

96 4158 220 4226 nissims,
237 4159 391 4214 virentium
407 4160 563 4229 mitissima,
582 4180 638 4234 quo
653 4163 761 4217 curretis
776 4163 911 4218 humilior
959 4166 1129 4237 poeuitontes
1144 4181 1150 4219 :
1168 4167 1293 4220 Peccator
1306 4164 1404 4219 ridebit
1419 4170 1444 4220 ct
1468 4167 1602 4221 irusmtur
1617 4167 1710 4237 [Psoi.
1725 4174 1787 4241 cui.

94 4257 122 4306 et
141 4252 266 4307 sanctior
284 4253 401 4321 exstitit,
414 4272 448 4309 co
468 4271 554 4325 super
575 4273 673 4311 ouiries
695 4257 810 4325 elevata,
830 4260 858 4311 et
880 4257 909 4311 in
960 4258 1069 4315 llarilla
1083 4258 1144 4330 ejus
1158 4259 1244 4314 hamo
1263 4258 1416 4313 [lominica
1429 4258 1520 4314 crucis
1539 4260 1707 4333 periorata,
1724 4265 1787 4321 red-

93 4347 194 4401 ccelnm
209 4363 225 4401 a
242 4346 303 4402 cosli
318 4347 768 4418 civ-'ibushonorificentissime,ct
780 4368 815 4405 ex
831 4367 909 4406 more
960 4352 1002 4407 dit
1016 4352 1131 4421 liberos,
1155 4369 1226 4425 quos
1245 4358 1331 4407 antea
1346 4352 1468 4406 detinuit
1489 4352 1632 4424 captivos,
1653 4357 1789 4414 dentibus

93 4440 239 4511 imperiali
252 4445 410 4513 susceptae
427 4444 509 4498 Patre
522 4461 667 4514 supremo,
682 4444 710 4498 in
724 4462 814 4515 reguo
829 4445 909 4500 clari·
920 4454 948 4525 D
961 4447 1017 4501 suis
1030 4447 1156 4500 frervreus
1169 4452 1198 4500 et
1212 4446 1358 4501 tabescens
1375 4446 1476 4518 (ibit).
1490 4448 1542 4501 l'er
1564 4448 1691 4506 llutrem
1707 4453 1786 4520 Filio,

91 4534 158 4589 tatis
177 4541 302 4605 uterere,
316 4540 346 4590 ct
365 4534 394 4590 in
418 4536 521 4592 throno
542 4537 780 4593 excellentissimo
802 4537 904 4609 gloriae

92 4627 186 4700 primo
204 4635 267 4700 post
286 4628 398 4699 Filium,
412 4648 497 4701 quem
513 4648 546 4686 ex
566 4648 595 4687 se
609 4632 707 4703 gennit
721 4631 913 4687 iucaruetumr

90 4721 170 4793 jussa
192 4729 234 4777 est
255 4723 389 4779 residere.
403 4725 502 4795 ldagno
524 4726 605 4792 licus,
621 4726 753 4781 terribilis
775 4729 802 4781 ct
821 4725 911 4794 fortis,

91 4814 221 4871 bonitate
254 4816 415 4887 ineffabilis,
445 4818 582 4873 hurnilcm
609 4819 739 4874 arreillam
771 4819 857 4891 erigis
883 4824 909 4874 et

93 4910 204 4979 exaltas,
233 4911 307 4965 nude
334 4911 445 4966 hostem
475 4913 609 4967 mirtulam
639 4914 706 4968 olim
741 4913 909 4983 ospnlcras!

93 5002 260 5074 Trimnphet
281 5005 426 5059 humilitas
444 5006 605 5077 augmentis
626 5007 796 5077 gratiarum,
819 5012 847 5062 ct
866 5024 910 5061 eo·

92 5111 163 5149 roua
185 5096 290 5167 inclyta
309 5114 325 5151 a
347 5102 373 5152 te
394 5098 545 5165 decorata;
566 5100 697 5170 superbia
718 5117 783 5154 vero
803 5100 907 5168 inatus,

92 5193 120 5241 et
143 5189 295 5245 tenebrosa
318 5191 454 5247 dehiscat.
476 5195 554 5248 sistat
576 5208 647 5264 crgo
669 5193 833 5247 beatissima
855 5195 911 5248 siu·

91 5280 184 5352 golari
200 5284 302 5339 merito
324 5286 463 5358 praecipua
477 5285 564 5341 vultui
583 5286 745 5342 conditoris
760 5304 843 5359 preco
860 5304 907 5359 po-

86 5373 248 5430 tentissima
261 5393 380 5450 semper
394 5379 580 5452 interpellans
593 5397 645 5452 pro
659 5380 751 5436 nohis.
765 5381 815 5436 lllo
832 5381 909 5437 enirn

87 5466 186 5523 edocta
209 5468 331 5539 lumine,
357 5472 403 5528 eui
428 5473 504 5528 nuda
526 5476 556 5529 et
579 5478 680 5546 aperta
704 5478 771 5532 sunt
797 5474 907 5546 omnia,

87 5566 190 5616 cerreta
209 5567 308 5618 nostra
322 5564 400 5621 videt
416 5566 592 5634 discrimina,
606 5567 754 5643 nostrique
770 5566 907 5638 clemens,

86 5658 116 5712 et
130 5654 221 5711 duleis
234 5654 357 5713 liornina
371 5663 501 5715 materno
516 5660 616 5716 ellectu
629 5661 791 5719 miseretur.

124 5749 232 5809 Sancta
242 5749 386 5825 animalia,
397 5753 432 5812 de
442 5752 545 5830 quibus
562 5754 592 5812 in
602 5754 746 5815 Ezechiele
759 5756 876 5831 (Erech,
888 5756 908 5833 t)

965 4557 1017 4612 pcr
1042 4539 1185 4612 Virginem
1209 4540 1406 4595 reconciliatur
1428 4541 1484 4595 lieo
1505 4540 1572 4595 ritae
1597 4542 1670 4615 dati,
1702 4547 1785 4602 morti

964 4634 1076 4706 penitus
1106 4633 1252 4689 subtracti.
1285 4634 1452 4689 llesirterium
1482 4640 1658 4704 perstiterunt
1689 4641 1789 4711 peribit

964 4728 1062 4799 (ibid),
1074 4727 1247 4783 desiderium
1261 4728 1365 4783 veroli.
1381 4727 1473 4783 llarire
1486 4729 1647 4800 perficitur,
1672 4733 1788 4805 quando

964 4823 1123 4877 educuntur
1146 4821 1270 4892 quotidie
1295 4821 1427 4877 vinculati
1450 4820 1485 4876 de
1513 4822 1576 4877 lacu
1607 4825 1735 4883 miseriae
1762 4833 1789 4882 et

963 4916 1020 4970 luto
1035 4916 1111 4971 trecis
1138 4916 1222 4986 tl'sut.
1240 4916 1344 4981 xxxix),
1367 4919 1397 4969 ut
1417 4916 1575 4987 deponenti
1594 4922 1747 4991 ergastulo
1761 4928 1788 4977 et

962 5008 1102 5082 proluudo
1131 5008 1296 5080 iniquitatis,
1321 5008 1505 5079 indulgentia
1531 5009 1607 5065 dono
1639 5018 1787 5087 respirent

960 5103 991 5159 in
1004 5120 1087 5157 auras
1102 5102 1236 5174 perennis
1249 5102 1396 5157 libertatis.
1412 5102 1457 5159 Sic
1471 5103 1521 5158 illa
1544 5104 1659 5177 colligit
1673 5108 1786 5181 disper·

960 5214 1014 5263 sos,
1036 5201 1151 5251 revocat
1170 5213 1293 5263 aversos,
1314 5213 1418 5252 eruens
1443 5196 1559 5269 eosqui
1579 5199 1730 5256 ducuntur
1751 5203 1785 5258 ad

959 5293 1093 5357 mortem,
1105 5306 1232 5362 quosque
1247 5289 1320 5344 trahi
1335 5291 1429 5345 cernit
1444 5289 1481 5344 ad
1496 5292 1635 5362 supplicia
1651 5293 1779 5351 liberare

960 5399 1017 5438 non
1030 5389 1130 5439 cessat.

994 5479 1055 5534 lton
1070 5477 1162 5532 solum
1178 5479 1275 5532 antem
1289 5474 1451 5531 animarum
1466 5475 1560 5545 saluti,
1577 5494 1682 5537 rerum
1698 5481 1786 5539 etiam

958 5570 1156 5625 humanorum
1185 5585 1337 5641 corporum
1366 5568 1480 5625 sanitati
1507 5574 1595 5644 atque
1619 5575 1786 5633 necessitati

958 5662 1005 5739 pia
1018 5662 1168 5735 diligentia
1190 5662 1328 5735 procidet,
1343 5664 1373 5717 et
1386 5662 1526 5719 medetur.
1540 5664 1573 5719 lu
1588 5664 1658 5723 iocis
1671 5668 1782 5743 quippe

960 5757 1112 5817 memorie
1130 5755 1286 5815 sanctitatis
1303 5756 1365 5831 ejus
1386 5756 1495 5830 dicatis,
1511 5756 1622 5819 muas
1636 5776 1784 5837 grauem,
