3750 6046
89 126 158 187 tres
566 134 569 139 ·
782 136 921 193 innrrrn
942 136 975 192 1v
995 136 1090 193 rura
1715 138 1774 198 nu
1817 126 1820 183 ἑ

86 254 175 310 fultus
194 254 372 325 auctoritate,
395 258 469 328 quod
490 260 649 330 postulatur
670 259 825 332 indulgeat.
841 260 897 315 Ob·
912 260 994 346 Abia
1023 259 1179 330 vestrisque
1211 259 1428 328 suecessoribus,
1456 263 1486 317 et
1513 261 1631 318 illibata
1659 278 1775 336 perma-

90 355 248 405 enutevero
265 354 302 419 te,
319 368 395 406 nunc
413 352 541 423 ejusdem
563 353 616 408 loci
638 354 749 421 abbate,
772 355 815 408 vel
841 361 902 410 tuo·
952 356 1049 408 neant.
1065 354 1096 408 ln
1111 352 1213 424 quibus
1226 352 1286 408 berc
1300 354 1423 426 propriis
1437 355 1575 412 duximus
1586 357 1776 428 exprimenda

88 458 151 496 rum
168 443 292 513 quolibet
304 461 510 513 successorum,
529 447 624 501 nullus
641 447 678 501 ibi
690 448 816 518 qualibet
835 447 899 502 sub·
951 447 1104 502 vocabulis.

87 537 226 608 reptionis
252 539 355 593 astutia
382 555 432 594 seu
461 540 595 595 violentia
624 548 821 612 preponatur,
848 541 901 596 nisi
987 543 1019 595 ln
1046 540 1210 611 episcopatu
1236 542 1407 613 Augusteusi
1440 544 1592 598 ecclesiam
1625 545 1776 616 ingenried

86 647 173 701 quem
189 631 288 686 iratres
301 633 449 687 communi
462 650 611 701 consensu,
631 636 673 689 vel
696 635 819 689 fratrum
836 651 901 706 pars
951 650 1015 688 eum
1031 634 1147 689 decimis
1166 640 1194 688 et
1208 635 1269 689 aliis
1289 637 1324 689 ad
1336 652 1398 690 eane
1415 637 1642 707 pertinentibus,
1657 654 1676 692 a
1692 655 1774 694 vene·

88 725 200 779 consilii
227 727 358 793 sanioris,
378 728 536 782 secundum
558 730 646 783 ileum
666 732 695 783 et
713 732 745 785 tt.
758 730 901 784 Benedicti
952 726 1033 782 rabili
1048 727 1135 781 tratre
1155 731 1251 782 nostro
1278 729 1409 784 Conrado
1435 731 1610 802 Angustensi
1641 731 1775 803 episcopo

87 819 237 889 Regulam,
261 822 332 875 sicut
352 822 490 877 haetenus
506 823 687 878 observatum
702 830 752 891 est,
768 823 899 895 provide·
951 820 1085 877 canonice
1102 821 1180 876 vobis
1203 839 1382 887 concessam;
1404 824 1545 894 praedium
1566 825 1650 896 qnod
1673 824 1775 881 dicitur

87 913 325 983 rinteligendam.
952 915 1097 971 Siblcnich
1112 915 1228 971 Plebem
1242 921 1271 971 et
1285 916 1434 974 dccimasa
1448 923 1613 974 memorato
1629 918 1773 991 episcopo,

125 1008 309 1062 llecernimus
322 1025 390 1081 ergo
402 1016 432 1065 ut
447 1011 515 1065 nulli
529 1012 646 1065 omnino
659 1011 807 1066 bominum
821 1012 903 1066 liceat
951 1008 1080 1079 legitime
1096 1009 1174 1063 vobis
1188 1025 1348 1075 concessas;
1363 1014 1475 1082 partem
1488 1028 1608 1084 quoque
1624 1012 1774 1084 eujusdam

87 1101 237 1172 prefatum
253 1105 453 1158 monasterium
467 1110 575 1159 temere
586 1106 765 1176 perturbare,
779 1109 827 1159 aut
841 1106 902 1176 ejus
951 1101 1095 1167 beneticii,
1121 1102 1147 1156 id
1171 1109 1211 1157 est
1234 1109 1296 1158 octo
1319 1119 1430 1158 mansos
1449 1105 1479 1158 in
1502 1106 1566 1160 loco
1595 1106 1647 1177 qui
1677 1106 1775 1161 dicitur

87 1196 278 1266 possessiones
292 1197 414 1265 anferre,
432 1199 473 1252 vel
490 1199 596 1253 ablatas
611 1200 745 1264 retinere,
761 1200 900 1267 minuere,
951 1196 1191 1267 llorchlortquam
1213 1201 1252 1265 tn,
1269 1197 1371 1251 dilecte
1394 1196 1434 1252 tili
1452 1199 1590 1255 Anselme
1614 1200 1774 1271 praeposite,

89 1305 137 1343 seu
157 1291 328 1360 quibuslibet
355 1292 551 1348 venationibus
572 1293 701 1363 fatigare,
726 1293 776 1347 sed
796 1293 902 1347 illibata
952 1288 988 1343 de
1011 1306 1095 1343 mann
1123 1289 1289 1345 Theoderici
1313 1291 1347 1346 de
1376 1292 1485 1360 Pounb,
1510 1308 1633 1347 assensu
1657 1300 1689 1349 et
1711 1310 1775 1348 eon·

88 1379 185 1434 omnia
196 1384 223 1434 et
236 1379 349 1451 integra
368 1385 575 1436 conserventur
588 1398 699 1449 eorum,
714 1398 765 1453 pro
781 1398 902 1454 quorum
952 1381 1077 1437 niventia
1109 1387 1167 1437 tam
1200 1384 1371 1439 venerabilis
1397 1385 1495 1440 fratris
1528 1386 1622 1441 nostri
1649 1388 1775 1444 Conradi

88 1474 296 1545 gubernatione
315 1479 344 1530 et
369 1475 570 1530 sustentatione
595 1492 727 1531 concessa
750 1482 826 1543 sunt,
848 1475 903 1530 usi·
951 1475 1137 1546 augustensis
1159 1477 1293 1549 episcopi,
1316 1495 1404 1550 quam
1430 1479 1640 1535 canonicorum
1671 1487 1702 1537 et
1730 1482 1777 1537 mi·

87 1567 141 1622 bus
155 1568 329 1623 omnimodis
356 1569 514 1639 profutura,
537 1571 612 1624 salva
639 1569 712 1624 sedis
740 1569 902 1639 apostolicae
957 1569 1143 1624 nisterialium
1161 1570 1248 1641 ipsius
1259 1571 1383 1626 ecclesiae
1407 1576 1589 1644 septuaginta
1604 1574 1726 1629 talentis
1738 1592 1777 1629 re-

87 1661 256 1717 auctoritate
283 1666 311 1716 et
344 1662 496 1717 dioecesani
526 1662 649 1734 episcopi
682 1663 819 1717 canonica
842 1643 1078 1733 jus-Bdemisse
1092 1664 1279 1735 dignosceris,
1295 1665 1365 1720 sicut
1382 1666 1413 1720 iu
1433 1666 1538 1738 scripto
1559 1667 1699 1739 ejusdem
1724 1669 1777 1723 tra·

92 1754 168 1810 titia.
368 1790 382 1805 s
954 1757 1005 1811 tris
1019 1757 1109 1812 nostri
1135 1757 1260 1829 episcopi
1283 1759 1454 1828 continetur,
1478 1760 1555 1814 vobis
1583 1761 1776 1817 nihilominus

123 1850 151 1904 Si
165 1848 332 1921 quaigitur,
348 1854 401 1904 etc.
954 1852 1166 1906 confirmamus.
1189 1851 1261 1906 Sane
1290 1852 1433 1908 novalium
1455 1858 1592 1922 vestrum,
1618 1871 1687 1926 quas
1711 1873 1776 1928 pro·

122 1943 182 2013 Ego
196 1942 337 1997 Adrianus
350 1944 496 1998 catholicae
513 1944 643 2000 Ecclesiae
657 1945 817 2015 episcopus·
954 1944 1022 2015 priis
1056 1944 1185 1999 manibus
1210 1945 1318 2012 vestris,
1335 1951 1384 2003 aut
1403 1947 1565 2014 sumptibus
1591 1949 1704 2016 colitis,
1721 1950 1776 2004 sire

123 2037 224 2090 Datum
253 2038 403 2092 beneventi
427 2054 478 2108 per
504 2054 621 2092 manum
641 2038 771 2108 Rolandi,
800 2043 903 2094 sanctie
955 2037 989 2093 de
1016 2038 1197 2094 nutrimentis
1227 2039 1394 2095 animalium
1427 2044 1605 2109 vestrorum,
1631 2043 1734 2099 nullus
1762 2060 1777 2098 a

88 2132 225 2186 Romame
243 2130 370 2185 Ecclesia.
391 2132 549 2203 presbyteri
566 2132 718 2187 cardinalis
746 2138 775 2189 et
797 2134 905 2187 cancel·
954 2131 1778 2204 vobisdecimasexigereproesumet.Porroconsecratio·

87 2223 160 2291 larii,
176 2240 204 2279 m
218 2225 310 2279 Nonas
321 2225 396 2292 uati,
411 2225 567 2280 indictione
581 2242 617 2293 iv,
634 2227 840 2282 incarnationis
851 2228 902 2282 llo·
954 2243 1005 2281 nes
1030 2226 1163 2280 altarium
1186 2243 1235 2280 seu
1260 2227 1454 2293 ecclesiarum,
1471 2229 1675 2295 ordinationes
1689 2233 1775 2286 cteri-

89 2317 204 2372 minica‘
218 2334 293 2372 anno
309 2320 386 2386 1156,
403 2319 580 2390 pontificatus
593 2336 661 2375 vero
676 2320 774 2375 domni
790 2320 904 2376 Adriani
953 2336 1063 2388 eorum,
1079 2320 1126 2391 qui
1143 2319 1178 2374 ad
1193 2320 1284 2374 sacros
1309 2321 1423 2376 ordines
1438 2321 1546 2376 tuerint
1570 2325 1779 2394 promovendi,

93 2428 175 2484 papae
186 2413 216 2467 lV
233 2428 309 2467 anno
326 2429 354 2466 u.
954 2430 971 2469 a
996 2413 1150 2469 dioecesano
1168 2413 1325 2485 suscipietis
1348 2416 1492 2486 episeopo,
1516 2417 1667 2488 siquidem
1682 2420 1779 2474 cattle

446 2494 544 2550 XCVII·
953 2504 1134 2574 licnstuerit,
1158 2510 1187 2561 et
1205 2525 1238 2561 ea
1265 2508 1354 2577 gratis
1380 2525 1412 2563 ac
1436 2509 1497 2563 sine
1525 2514 1668 2579 pravitate
1699 2512 1777 2566 vobis

137 2606 296 2660 nonasterii
308 2605 521 2675 striapadienets
534 2609 726 2675 protectionem
742 2609 857 2676 suscipit
955 2600 1075 2655 voluerit
1090 2599 1233 2655 exhibere.
1254 2601 1389 2672 Alioquin
1408 2602 1492 2656 liceat
1509 2602 1589 2657 vobis
1606 2605 1779 2660 catholicum

348 2689 470 2758 bonoque
489 2691 641 2758 confirmet.
964 2710 1049 2765 quem
1069 2694 1226 2749 malueritis
1253 2695 1330 2749 adire
1355 2696 1523 2764 antistitem,
1553 2697 1605 2767 qni
1635 2697 1774 2753 nimirum

341 2802 587 2870 (genevenggpqaij
600 2802 656 2870 51.)
955 2793 1052 2843 nostra
1072 2786 1159 2841 tultus
1186 2788 1361 2856 auctoritate,
1384 2788 1461 2859 quod
1487 2789 1655 2860 postulatur
1684 2789 1778 2847 indul·

232 2914 321 2983 [ΗΜΘ
346 2913 403 2968 ΟΝ)
431 2917 515 2970 Praem
541 2916 605 2969 Arm
642 2915 760 2985 {1336}
955 2885 1030 2952 geat.
1047 2880 1228 2951 sepulturam
1243 2898 1357 2953 quoque
1380 2883 1468 2952 ipsius
1481 2882 1537 2937 loci
1563 2883 1693 2940 liberam
1721 2903 1779 2941 esse

324 2957 330 2984 ’
408 2955 414 2968 ’
520 2957 526 2968 ’
609 2957 627 2983 ”
668 2957 674 2984 ’
742 2957 746 2969 ’
954 2974 1143 3040 concedimus,
1171 2980 1201 3028 ut
1223 2991 1322 3029 eorum
1345 2977 1393 3047 qni
1420 2976 1476 3030 illie
1498 2977 1614 3047 sepeliri
1639 2978 1780 3034 delibera-

124 3069 262 3122 Annranes
280 3065 437 3136 episeopus,
465 3082 561 3120 servus
580 3083 727 3121 servorum
755 3067 803 3122 liei
820 3016 942 3123 dilec·C
959 3067 1061 3135 verint,
1086 3067 1227 3122 devotioni
1250 3072 1278 3124 et
1300 3073 1433 3124 extreme
1459 3069 1610 3139 voluntati,
1636 3071 1692 3127 nisi
1709 3073 1779 3128 forte

89 3159 125 3214 tis
147 3159 211 3213 tiliis
232 3162 362 3216 Ansenno
377 3160 530 3230 praeposito
554 3161 679 3216 eeclesiae
703 3161 796 3217 Sancti
821 3163 906 3217 toan·
960 3161 1199 3217 excommunicati
1212 3162 1256 3216 vel
1275 3162 1418 3218 interdicti
1435 3163 1501 3231 sint,
1525 3165 1624 3219 nullus
1645 3166 1778 3234 obsistat,

87 3254 133 3310 nis
148 3253 277 3325 baptistae
298 3252 332 3308 de
355 3253 526 3325 Stengaden,
548 3250 664 3326 eju'sque
690 3254 825 3310 iratribus
849 3259 907 3309 tam
960 3255 1035 3309 salva
1059 3261 1154 3309 tamen
1172 3255 1284 3326 justitia
1309 3256 1435 3311 matricis
1461 3256 1636 3313 ecclesiae...
1661 3259 1705 3315 Ad
1728 3261 1779 3315 boc

88 3347 277 3420 praesentibus
300 3363 387 3419 quarn
411 3347 524 3417 futuris,
548 3348 711 3419 regularem
735 3348 823 3403 vitem
846 3364 909 3421 pro·
959 3348 1120 3420 adjicientes
1146 3364 1296 3404 censemus
1331 3353 1360 3404 ut
1393 3350 1510 3405 ecclesia
1537 3354 1636 3407 vestra
1664 3354 1778 3409 nullum

88 3441 177 3508 sessis,
194 3442 424 3513 inperpetuum.
959 3441 1062 3497 habeat
1081 3442 1261 3498 advocatum,
1287 3443 1418 3498 Obennte
1431 3461 1497 3499 vero
1511 3448 1537 3499 te
1552 3461 1632 3500 nunc
1647 3448 1779 3517 ejusdem

122 3536 296 3606 Religiosam
309 3536 395 3590 vitam
411 3535 585 3607 eligentibus
603 3535 792 3606 apostolicum
809 3552 910 3592 conre—
959 3535 1013 3590 loci
1043 3535 1204 3606 praeposito,
1232 3536 1327 3591 nullus
1356 3536 1393 3590 ibi
1422 3537 1552 3608 qnalibet
1580 3539 1779 3611 subreptionis

89 3630 132 3685 nit
150 3631 247 3685 adesse
269 3629 445 3701 presidium,
460 3646 497 3684 ne
522 3629 594 3684 forte
622 3629 772 3701 cujuslibet
800 3630 911 3686 temeri·
959 3630 1061 3683 astutia
1075 3644 1124 3683 seu
1137 3628 1271 3684 violentia
1287 3633 1479 3701 praeponatur,
1496 3631 1552 3685 nisi
1566 3647 1658 3702 quem
1677 3634 1779 3689 tratres

89 3725 156 3779 tatis
184 3724 322 3792 incursus,
349 3727 399 3778 ant
426 3740 473 3778 eos
500 3739 516 3777 a
544 3723 688 3794 proposito
714 3731 835 3793 revocet,
861 3730 910 3778 ant
959 3721 1105 3778 communi
1136 3738 1293 3789 consensu,
1326 3724 1370 3778 vel
1407 3724 1529 3778 fratrum
1564 3741 1632 3796 pars
1672 3727 1781 3782 consilii

89 3817 368 3889 rebur,quodabsitt
380 3832 467 3871 sacrae
478 3816 910 3889 religionisintringat.Eeprop·
960 3816 1080 3871 sanioris
1101 3816 1258 3871 secundum
1276 3817 1324 3871 bei
1340 3817 1472 3872 timorem
1487 3821 1516 3871 et
1534 3819 1612 3873 Beati
1628 3822 1779 3892 Augustini

93 3915 147 3980 ter,
162 3912 256 3967 dilecti
272 3912 299 3965 in
315 3911 436 3966 nomino
454 3911 515 3981 tilii,
528 3911 628 3965 vestris
644 3911 725 3980 justis
745 3912 909 3982 postulatio·
960 3910 1110 3981 Regulam,
1133 3909 1184 3964 sibi
1208 3910 1381 3981 providerint
1399 3911 1573 3982 eligendum.
1598 3915 1743 3969 Prrnterea
1759 3915 1780 3970 si

90 4006 344 4061 nibusclementer
366 4005 532 4066 annuimus,
546 4008 574 4059 et
593 4004 741 4076 praelatam
761 4005 908 4060 eeclesiam
960 4004 1094 4075 generale
1117 4002 1303 4060 interdictum
1326 4004 1354 4058 in
1376 4005 1510 4075 parochia
1536 4005 1622 4061 fuerit
1650 4010 1780 4080 promul-

90 4100 126 4155 eb
146 4099 246 4154 illustri
260 4098 331 4154 duce
348 4098 510 4169 Guelpbone
531 4098 561 4153 in
589 4098 704 4170 proprio
726 4099 831 4154 allodio
846 4099 910 4153 inn-
961 4105 1068 4168 gotum,
1095 4097 1280 4152 nihilominus
1309 4098 1411 4152 clausis
1435 4098 1542 4167 januis,
1575 4116 1634 4154 non
1663 4102 1782 4171 pulsatis

90 4193 194 4261 daem,
212 4193 242 4246 in
262 4209 318 4264 qna
343 4191 437 4246 divino
453 4192 605 4263 mancipati
623 4193 691 4246 estis
707 4192 855 4264 obsequio,
875 4193 910 4247 ad
960 4190 1174 4258 tintinnabulis,
1202 4191 1323 4246 exclusis
1349 4193 1602 4247 excommunicatis
1636 4198 1665 4248 et
1696 4194 1780 4249 inter·

89 4288 234 4358 exemplar
248 4286 462 4358 praedecessoris
476 4287 564 4341 nostri
578 4287 667 4341 felicis
685 4288 831 4341 memoriae
853 4289 908 4342 Eu-
960 4284 1052 4351 dictis,
1073 4284 1212 4339 submissa
1238 4302 1305 4340 voce
1326 4286 1423 4340 divina
1437 4286 1604 4341 celebrandi
1621 4288 1719 4344 officia
1742 4291 1780 4345 ta-

90 4381 165 4454 genii
183 4397 272 4452 pape,
289 4381 340 4436 sub
355 4381 433 4436 Beati
452 4381 527 4435 Petri
554 4387 583 4436 et
607 4384 704 4435 nostra
729 4380 907 4452 protectione
919 4386 948 4459 D
960 4374 1094 4429 cultatem
1109 4374 1228 4429 liberam
1242 4374 1381 4429 habeatis.

89 4476 267 4548 suscipimus,
282 4479 311 4530 et
325 4476 471 4546 praesentis
487 4475 585 4546 scripti
609 4474 759 4546 privilegio
781 4491 908 4529 commn-
997 4468 1255 4538 tleccrnimusergo
1271 4475 1302 4523 ut
1315 4467 1511 4522 nulliomnino
1525 4470 1680 4526 hominum
1699 4473 1783 4528 liceat

89 4568 194 4625 nimus.
211 4569 353 4641 Imprimis
370 4569 513 4641 siqnidem
532 4574 689 4623 statuentes
714 4573 744 4623 ut
768 4569 835 4623 ordo
861 4585 907 4623 ca·
959 4561 1107 4617 eeclesiam
1122 4569 1230 4617 temere
1247 4561 1426 4634 perturbare,
1442 4567 1491 4617 eut
1506 4564 1568 4632 ejus
1585 4566 1783 4635 possessiones

90 4664 220 4727 nonicus,
243 4664 291 4736 qui
316 4664 473 4717 secundum
499 4662 573 4718 lteati
598 4662 746 4733 Augustini
771 4663 907 4733 ltegulem
958 4655 1140 4722 u¹¹seuu02Vel
1161 4656 1269 4710 ablatas
1298 4656 1432 4721 refluere,
1460 4654 1603 4725 minuere,
1636 4674 1690 4713 eeu
1719 4660 1782 4731 uui·

90 4761 121 4812 et
139 4755 907 4824 institutionemPramonstratensium,tneodemtoco
958 4748 1081 4804 buslibet
1108 4748 1299 4804 vexationibus
1331 4748 1461 4819 seligere,
1485 4748 1536 4803 sed
1572 4750 1681 4806 illibate
1720 4770 1781 4807 om·

92 4851 218 4907 noscitur
240 4850 403 4918 institutus,
431 4850 577 4922 perpetuis
602 4850 708 4904 ibidem
733 4849 908 4921 temporibus
957 4843 1003 4899 nie
1020 4848 1047 4897 et
1069 4844 1179 4915 integra
1203 4848 1410 4897 conserventur
1438 4858 1549 4909 eurum,
1575 4860 1629 4915 pro
1656 4862 1782 4917 qnorum

90 4944 292 5002 inviolabiliter
321 4944 497 4999 observetur.
523 4944 579 4999 Nec
598 4944 680 4998 alicui
704 4944 825 4998 fratrum
845 4948 909 5014 post
960 4936 1166 5008 gubernatione
1183 4953 1215 4991 ee
1233 4936 1439 4991 sustfflttutiuue
1459 4952 1592 4992 concessa
1619 4947 1698 5008 sunt,
1724 4942 1782 4996 usi-

89 5040 194 5096 factam
206 5039 276 5094 inibi
287 5037 490 5111 professionem
504 5037 610 5109 absque
631 5037 781 5109 propositi,
797 5037 909 5093 licentia
957 5030 1011 5084 hus
1022 5030 1200 5085 omnimodis
1215 5030 1374 5101 pt'ufuiutu,
1397 5029 1472 5084 suile
1497 5029 1638 5086 nimitum
1668 5040 1782 5106 eleustu-

89 5134 118 5189 in
146 5133 248 5188 eodem
274 5134 396 5188 elaustro
420 5130 583 5198 discedere,
610 5131 806 5187 discedentem
840 5147 908 5186 cero
957 5124 1300 5192 licresedisauctoritrte,
1322 5128 1351 5178 ct
1371 5122 1522 5178 dioecesani
1543 5123 1671 5197 episcopi
1693 5144 1782 5184 cano·

90 5227 186 5283 nullus
200 5227 303 5282 audeat
324 5227 455 5282 retinere.
482 5227 622 5281 Praeterea
643 5242 825 5298 quaecunque
845 5241 907 5297 pos·
961 5217 1154 5290 uieejustiliu·

91 5320 241 5387 sessiones,
258 5336 436 5393 quecunque
448 5320 644 5390 hona,eadem
661 5320 777 5375 ecclesia
792 5319 907 5392 imprae·
996 5321 1024 5377 Si
1040 5336 1097 5393 qua
1111 5318 1209 5393 igitur,
1222 5321 1277 5374 ete.

91 5413 330 5486 sentiammjuste
344 5417 373 5471 et
386 5414 520 5470 canonice
545 5414 680 5486 possidet,
697 5416 748 5469 aut
770 5413 800 5468 in
829 5414 907 5469 futu·
993 5416 1053 5488 Ego
1069 5413 1208 5469 Adrianus
1220 5429 1296 5486 papa
1310 5414 1353 5468 lV.

90 5523 157 5565 rum
171 5508 350 5565 concessione
364 5509 543 5581 pontificum,
564 5508 716 5581 largitione
737 5524 842 5582 regum
866 5507 910 5565 vel
997 5508 1056 5581 Ego
1069 5506 1213 5564 tiebaldus
1224 5506 1374 5581 presbyter
1385 5506 1541 5564 cardinalis
1566 5506 1695 5567 ecclesie
1720 5528 1784 5568 san·

89 5600 265 5676 principum,
282 5601 423 5659 oblatione
436 5601 576 5672 fldelinm,
590 5619 640 5659 seu
654 5602 716 5658 aliis
735 5602 821 5674 justis
852 5618 909 5659 mo·
961 5607 1014 5659 etse
1027 5600 1169 5659 Praxedis.

88 5696 141 5768 dis,
161 5697 313 5773 prestante
326 5696 456 5768 uomina,
472 5697 580 5771 poterit
595 5696 727 5773 adipisci,
754 5696 837 5755 firma
859 5712 907 5753 vo·
999 5696 1060 5771 llgo
1082 5695 1172 5755 tulius
1191 5694 1284 5773 presb.
1301 5694 1453 5755 cardinalis
1471 5693 1597 5757 selene
1610 5695 1637 5757 S.
1655 5696 1784 5759 ueneni
