3750 6046
59 181 130 242 lter

534 184 706 246 arrarum:
726 183 988 248 111111111111.
1008 212 1043 231 -
1061 190 1117 246 11.
1139 142 1291 246 rrae-ea„

1677 191 1745 249 laet

58 310 155 365 tiones
168 325 221 382 per
233 310 462 383 quinquennium
475 327 617 369 annorum
630 314 763 386 spatium,
775 317 804 369 11
820 331 876 370 non
889 317 974 402 Acet
986 313 1101 380 invitus,
1112 313 1202 370 multa
1212 316 1311 369 tamen
1321 328 1406 385 prece
1417 317 1445 369 11
1454 313 1645 385 postulatione
1655 314 1745 370 devic-

58 402 183 475 amplius
197 403 326 460 teneatis.
337 404 474 468 Quocirca
488 405 664 462 universitati
680 410 781 463 vestrae
795 424 877 464 man-

58 496 163 551 damus
178 500 328 569 quatenus,
341 496 421 553 finito
443 499 650 572 quinquennio,
665 501 753 556 altare
775 501 878 573 peredi-

57 597 137 645 ctum
151 594 179 645 et
193 590 350 646 oblationes
369 591 398 647 in
412 608 499 647 manu
513 592 616 665 prioris
629 595 754 650 ecclesiae
775 595 806 650 B.
820 596 877 650 lla-

57 683 111 738 riae
133 669 269 755 reddatis,
285 691 317 742 ut
330 685 364 741 de
379 685 447 757 ipsis
468 685 540 743 sicut
553 686 589 742 de
603 687 666 742 aliis
686 674 879 744 ecclesiasticis

58 777 147 833 rebus
169 777 288 834 liberam
308 779 479 851 disponendi
502 780 605 836 babeat
626 781 803 838 facultatem.
824 784 878 838 Vos

57 871 158 943 igitur,
173 874 205 927 ut
218 872 253 927 de
272 889 359 946 opere
373 879 466 929 vestro
482 879 511 929 et
525 874 623 930 labore
636 875 748 947 possitis
761 879 878 932 aeterne

57 964 203 1021 felicitatis
215 966 322 1037 gaudia
335 968 505 1038 promereri,
518 967 554 1023 de
568 967 636 1040 ipsis
647 968 839 1025 oblationibus
849 972 879 1024 at

58 1057 94 1114 de
109 1059 235 1131 propriis
248 1058 431 1115 facultatibus
444 1060 522 1116 vobis
535 1078 552 1116 a
566 1062 622 1117 [teo
640 1062 776 1134 praestitis
788 1062 876 1135 agite,

56 1156 87 1207 et
99 1153 138 1207 ila
153 1152 309 1208 efficaciter
320 1153 355 1209 ad
368 1153 572 1225 perficiendum
586 1171 657 1227 opus
668 1156 799 1212 Ecclesire
812 1157 878 1213 iusi·

57 1245 133 1314 stite,
143 1246 220 1317 quod
234 1245 263 1300 in
273 1245 352 1302 brevi
366 1246 488 1303 termino
500 1247 605 1317 valeat,
616 1252 730 1305 auctore
744 1250 875 1319 Domino,

56 1339 265 1395 consummari.

94 1433 196 1487 Datum
210 1432 353 1501 Laterani,
368 1450 394 1488 vr
410 1433 475 1489 ldus
487 1435 661 1492 Novembris.

458 1547 478 1600 V
508 1587 514 1602 .

54 1639 111 1695 Ad.
134 1639 164 1695 S.
184 1640 334 1695 nemausam
357 1547 585 1711 regalique
606 1646 632 1696 et
656 1641 715 1711 ejus
738 1641 874 1712 suffraga-

930 410 984 473 tus,
996 408 1100 463 illaesus
1124 407 1242 463 taudem
1257 406 1293 462 ad
1308 407 1422 479 propria
1441 407 1588 463 remeavit.
1600 409 1743 464 Caeterum

928 501 1060 574 praedicti
1081 503 1181 559 1111111
1195 517 1248 574 pro
1269 500 1373 556 Christi
1391 501 1509 556 nomine
1522 505 1550 556 et
1569 501 1744 558 Christiano·

929 611 992 650 rum
1006 595 1108 659 salute,
1123 594 1234 650 animas
1248 609 1356 666 ponere
1369 594 1534 650 nullatenus
1546 593 1743 663 formidantes,

929 688 1018 744 etalii
1031 688 1080 760 qui
1096 705 1160 744 cum
1176 688 1217 743 ais
1236 690 1442 756 remanserant,
1459 703 1526 743 cum
1541 687 1745 745 innumerabili

927 782 1113 838 multitudiue
1128 798 1307 855 paganorum
1321 781 1464 852 congressi
1478 787 1555 852 sunt,
1571 785 1600 837 et
1612 781 1742 853 pralium

927 876 1074 948 ingerunt.
1085 877 1116 932 ln
1132 875 1193 947 ipso
1205 878 1302 931 autem
1313 874 1413 948 praelio
1426 874 1547 930 dilectus
1559 874 1634 930 lilius
1646 877 1745 931 noster

928 968 958 1024 B.
972 969 1110 1041 magister
1131 968 1242 1024 militiae
1259 968 1358 1040 templi
1380 968 1415 1023 eh
1432 968 1558 1025 hostibus
1580 972 1677 1039 captus
1691 971 1741 1038 est,

928 1066 957 1117 et
979 1078 1044 1118 cum
1066 1078 1101 1117 eo
1121 1062 1265 1135 octoginta
1283 1067 1392 1134 septem
1415 1061 1448 1117 da
1470 1077 1591 1117 numero
1608 1061 1741 1130 iretrum,

928 1156 1051 1211 trecenti
1069 1173 1135 1212 vero
1150 1157 1186 1212 de
1200 1155 1263 1211 aliis
1281 1154 1428 1223 militibus,
1441 1157 1503 1210 tum
1518 1154 1593 1227 capti
1614 1154 1740 1224 fuerunt,

926 1251 988 1304 tum
1001 1249 1030 1304 in
1047 1265 1095 1305 ore
1112 1248 1202 1321 gladii
1217 1248 1362 1318 trucidati,
1377 1252 1406 1303 et
1422 1251 1482 1304 tam
1497 1263 1587 1319 equos
1598 1264 1684 1320 quam
1698 1263 1741 1305 ar-
1842 1326 1845 1333 Ι

926 1358 975 1398 ma
986 1347 1014 1399 et
1025 1343 1081 1398 alia
1095 1343 1188 1415 spolia
1202 1342 1408 1398 incredibiliter
1425 1341 1594 1397 emiserunt.
1609 1342 1665 1398 Sed
1677 1345 1743 1414 post

926 1434 1010 1507 hujus
1034 1434 1206 1492 diversitatis
1230 1434 1382 1506 caliginem
1404 1438 1433 1490 11
1455 1451 1584 1490 errorem
1605 1435 1742 1507 temporis

926 1529 1071 1585 tenebrosi
1083 1527 1283 1601 prosperitatis
1296 1531 1411 1600 tempus
1430 1529 1558 1597 emicuit,
1571 1531 1601 1584 et
1613 1529 1675 1584 dies
1688 1545 1740 1601 op-

926 1621 1740 1694 1111111111111111111111111111111111111111111111-
1835 1608 1838 1615 '

92 1734 163 1775 aeos.
177 1721 277 1774 -Pro
299 1720 408 1775 ecclesio
423 1720 651 1790 ierosolymitano
669 1726 758 1792 cipro
776 1722 874 1777 mititi—
886 1693 914 1767 B
928 1721 969 1772 ter
987 1732 1046 1785 rex,
1062 1716 1186 1772 exercitu
1208 1718 1341 1787 reparato
1374 1718 1405 1770 et
1423 1714 1541 1770 collecta
1563 1715 1687 1771 militum
1707 1733 1740 1774 ec

94 1801 143 1854 has
158 1799 269 1870 Templi.

308 1892 464 1965 (Laterani,
477 1894 545 1949 Nor.
562 1894 616 1964 13.)

215 1985 360 2058 1111111111,
373 1987 466 2056 Ampt.
482 1986 563 2051 cett,
578 1989 610 2055 ll,
623 1987 696 2061 617.)

923 1808 1055 1881 peditum
1066 1808 1262 1878 multitudine,
1273 1808 1358 1863 simul
1368 1824 1434 1864 cum
1445 1807 1553 1865 dilectis
1562 1808 1628 1864 liliis
1636 1809 1741 1866 nostris

923 1902 1069 1959 nubilibus
1081 1901 1151 1958 viris
1162 1903 1193 1957 Τ.
1211 1901 1265 1974 (81)
1279 1901 1421 1958 Flandrioe
1439 1902 1544 1958 comite
1560 1906 1588 1957 et
1601 1901 1739 1958 ltaiueldo

924 1996 959 2052 de
974 1998 1075 2053 Sancto
1090 1995 1227 2052 Walcrico
1240 1998 1269 2051 et
1283 1996 1351 2065 suis,
1364 2012 1434 2068 quos
1444 2000 1511 2051 tunc
1522 1995 1559 2050 ad
1572 2001 1666 2067 partes
1676 1996 1740 2052 illas

91 2092 232 2146 1111111111
245 2090 407 2162 episcopus,
419 2106 516 2145 servus
529 2106 676 2146 servorum
685 2090 746 2160 liei,
756 2106 875 2146 venera·
924 2105 957 2145 11
984 2090 1128 2161 insperato
1153 2089 1313 2161 contigerat
1340 2089 1493 2161 applicare,
1515 2089 1740 2162 superbientium

53 2184 104 2239 bili
127 2183 210 2239 fratri
233 2183 263 2239 S.
284 2185 441 2239 Remorum
465 2183 689 2256 archiepiscopo,
712 2185 873 2256 apostolicae
924 2182 1048 2239 hostium
1071 2183 1182 2239 rabiem
1207 2182 1398 2238 truculentam
1418 2181 1530 2250 invasit,
1546 2188 1576 2238 et
1594 2183 1740 2239 nonnullis

53 2277 131 2333 sedis
145 2278 248 2348 legato,
263 2277 382 2349 ejusque
397 2276 583 2348 suffraganeis
595 2277 742 2349 episcopis,
754 2278 874 2334 salutem
924 2293 1024 2333 eorum
1045 2277 1144 2349 captis,
1161 2275 1305 2332 nonnullis
1320 2276 1486 2343 interfectis,
1503 2275 1538 2331 de
1556 2275 1625 2348 ipsis
1639 2276 1737 2349 utique
1839 2296 1842 2301 ’

54 2374 85 2425 et
100 2370 287 2442 apostolicam
300 2369 539 2426 benedictionem.
924 2371 1045 2427 feliciter
1057 2370 1264 2443 triumphando
1280 2370 1437 2425 exercitum
1453 2370 1551 2442 procul
1564 2386 1581 2425 a
1595 2369 1739 2441 praedicta

90 2466 233 2529 Quantum
248 2463 357 2519 streuui
371 2468 398 2518 et
413 2463 521 2536 egregii
532 2463 641 2519 domini
650 2464 809 2532 bellatores,
822 2463 873 2519 mi·
923 2464 1044 2520 civitatis
1056 2463 1205 2520 obsidione
1218 2463 1339 2535 fugavit.
1352 2463 1470 2519 Interim
1483 2463 1518 2518 ad
1533 2463 1672 2535 majorem
1687 2465 1737 2520 lae-

53 2559 118 2614 lites
143 2557 271 2613 videlicet
292 2558 415 2628 Templi,
428 2556 492 2612 novi
514 2556 566 2612 sub
581 2558 672 2629 gratia
692 2556 871 2626 llaechabaei,
923 2557 1017 2614 titiam
1033 2562 1061 2614 et
1073 2558 1243 2629 ampliorem
1257 2556 1403 2612 cumulum
1415 2556 1593 2629 gaudiorum,
1605 2558 1641 2612 ad
1653 2558 1741 2630 majo·

56 2651 195 2707 universa
218 2650 422 2706 Christianitati
445 2651 594 2722 proficiant
618 2654 647 2706 et
668 2651 790 2723 qualiter
814 2651 873 2706 loca
923 2651 1152 2723 remquoquede
1165 2650 1739 2708 adversitateconsolationemhabendam

56 2751 165 2812 sancta,
183 2761 246 2816 qua
261 2745 389 2801 Salvator
402 2746 499 2799 noster
516 2745 658 2817 corporali
674 2744 825 2818 praesentia
838 2746 871 2800 il·
923 2745 1031 2802 milites
1046 2746 1148 2817 templi
1168 2745 1241 2800 circa
1265 2743 1389 2816 triginta,
1403 2743 1541 2800 ducentos
1558 2761 1739 2817 paganorum

54 2839 194 2903 lustravit,
209 2844 238 2894 et
260 2854 278 2893 a
298 2853 479 2909 paganorum
493 2839 616 2893 versutia
636 2844 664 2895 et
676 2839 873 2910 persecutione
923 2838 1739 2911 11111111111111111111111111111131111,11(1111111111-

56 2931 225 2999 defendant,
242 2948 299 2987 non
324 2932 415 2988 solum
438 2934 474 2990 ad
487 2949 601 3002 eorum,
616 2932 665 3004 qui
688 2932 774 2988 vicini
796 2937 871 3003 11111,
923 2932 995 2989 sidio
1021 2932 1186 3000 comitante,
1211 2946 1310 2987 omnes
1335 2932 1438 3003 partim
1465 2935 1610 3004 ceperunt,
1634 2932 1739 3004 partim

55 3025 106 3081 sed
129 3031 157 3081 et
176 3026 225 3096 qui
247 3031 407 3082 extremum
428 3027 505 3082 orbis
525 3042 608 3082 axem
627 3026 798 3095 inhabitant,
816 3042 872 3082 nou
882 3062 910 3138 C
923 3027 1020 3099 gladio
1039 3026 1230 3083 trucidarunt.
1245 3026 1325 3081 Nune
1347 3031 1441 3081 autern
1461 3027 1595 3097 quoniam
1611 3027 1640 3081 in
1661 3029 1739 3084 tanta

55 3118 230 3191 ambigimus
241 3120 416 3189 pervenisse.
428 3121 508 3176 Unde
523 3125 630 3191 quanto
641 3120 750 3191 maiora
763 3120 873 3174 univer·
922 3121 1098 3177 desolatione
1112 3123 1141 3176 et
1152 3119 1329 3175 imminentis
1344 3119 1520 3175 necessitatis
1533 3120 1654 3176 articulo
1667 3136 1739 3193 pree·

55 3212 94 3268 sis
108 3212 212 3268 Christi
227 3212 359 3268 lldelibus
372 3229 424 3284 per
437 3230 486 3269 eos
498 3213 670 3285 proveniunt
682 3213 871 3281 incrementa,
921 3214 1004 3270 dietis
1027 3213 1161 3270 iratribus
1176 3217 1206 3268 et
1222 3213 1284 3268 aliis
1304 3213 1366 3268 loca
1377 3213 1425 3268 illa
1446 3218 1545 3269 sancta
1559 3214 1671 3285 pietatis
1690 3214 1737 3269 in·

55 3311 137 3362 tanto
149 3307 287 3361 attentius
297 3306 506 3379 providendum
517 3307 599 3362 uobis
611 3306 741 3361 imminet
751 3311 778 3362 et
788 3322 873 3377 agen·
922 3308 998 3363 tuitu
1024 3307 1251 3374 defendentibus,
1272 3323 1325 3362 nec
1349 3307 1495 3375 debemus,
1517 3322 1569 3362 nec
1590 3323 1739 3378 possumus
1839 3354 1859 3389 .·

55 3401 136 3470 dum,
152 3404 183 3454 ut
202 3415 301 3455 eorum
323 3399 506 3456 necessitates
518 3400 665 3456 sublevare
687 3415 828 3467 curemus,
845 3402 872 3454 et
922 3401 981 3456 ulla
1003 3400 1112 3455 ratione
1134 3399 1241 3468 deesse,
1261 3399 1470 3455 fraternitatem
1492 3404 1569 3455 tuem
1593 3416 1737 3472 rogamus,

55 3493 126 3565 ipsis
147 3496 277 3565 paterne
298 3493 445 3548 charitatis
459 3493 562 3549 affectu
575 3492 606 3547 in
619 3492 677 3547 suia
696 3491 872 3547 adversitati·
922 3509 1073 3550 monemus
1086 3495 1115 3548 et
1124 3492 1347 3548 exhortamuriu
1363 3492 1493 3560 Domino,
1507 3498 1649 3564 quatenus
1662 3509 1739 3551 corn·

54 3588 111 3643 bus
121 3586 464 3642 condolentesconsilium
479 3592 507 3643 et
520 3586 657 3642 auxilium
668 3584 871 3641 ministremus.
922 3589 1041 3644 missum
1076 3586 1155 3642 vobis
1182 3585 1321 3658 populum
1354 3585 1489 3641 studeatis
1522 3585 1738 3659 diligentissime

54 3680 170 3737 Naviter
183 3685 290 3748 autem,
303 3679 379 3752 quod
395 3680 457 3736 sine
470 3680 574 3753 3111111
583 3695 703 3736 moerore
717 3684 747 3736 11
760 3680 871 3736 111111-
923 3696 1120 3750 commonere,
1131 3683 1160 3735 et
1171 3680 1212 3735 eis
1223 3680 1254 3735 in
1263 3695 1382 3735 suonam
1395 3680 1507 3735 veniam
1522 3679 1692 3736 delictorum
1703 3697 1738 3738 ax

54 3775 167 3831 ratione
182 3790 238 3829 non
254 3774 375 3829 dicimus
386 3775 519 3846 quaedem
530 3774 570 3830 eis
583 3773 736 3830 infortunia
751 3789 873 3830 emerse-
921 3775 1051 3848 iniuncto
1067 3774 1143 3830 vohis
1156 3774 1250 3830 olllcio
1262 3773 1430 3847 iujungatis,
1446 3779 1476 3829 ut
1490 3773 1514 3830 si
1526 3773 1575 3846 qui
1587 3773 1684 3831 idonei
1695 3773 1739 3832 iu-

54 3875 133 3936 runt,
154 3871 184 3924 et
203 3868 393 3924 invalescente
416 3867 525 3924 11111111
546 3883 733 3941 paganorum,
753 3867 873 3939 peccatis
923 3869 1000 3926 erint
1009 3875 1037 3925 et
1046 3868 1157 3924 strenui
1166 3868 1202 3923 ad
1213 3867 1561 3936 bellandum,adlocaille
1570 3885 1623 3940 pro
1634 3884 1737 3925 eorum

55 3962 247 4035 erigentibus,
263 3964 322 4017 tam
336 3978 432 4017 rerum
446 3978 531 4034 quam
544 3977 731 4034 personarum
746 3976 803 4017 non
817 3976 874 4017 me-
923 3963 1091 4019 liberatione
1104 3979 1137 4018 ac
1159 3962 1326 4019 defensioue
1340 3962 1485 4020 festinant.
1500 3963 1532 4018 lli
1555 3979 1621 4019 vero
1642 3963 1738 4036 quiin

56 4056 154 4113 diocre
169 4057 296 4128 perpessi
317 4061 383 4112 sunt
394 4056 574 4127 dispendium
588 4061 616 4112 et
632 4056 785 4128 jacturam.
801 4055 872 4112 Cum
923 4056 1047 4130 propriis
1059 4056 1189 4130 personis
1201 4073 1260 4113 non
1273 4059 1411 4129 poterunt
1424 4056 1564 4125 laborare,
1580 4072 1676 4130 equos,
1690 4073 1738 4113 ar·

57 4150 136 4206 anim
146 4151 220 4205 lilius
231 4150 380 4222 sanguinei
394 4150 429 4205 ad
440 4149 629 4206 obsidendam
644 4148 798 4218 Bellinacii,
809 4166 873 4222 quaa
923 4168 971 4207 ma
984 4151 1096 4221 bellica,
1107 4167 1171 4224 quae
1185 4151 1215 4206 in
1229 4151 1355 4224 partibus
1369 4151 1501 4206 1111111111
1515 4151 1671 4223 plurimum
1684 4167 1736 4208 ne·

56 4244 286 4301 Christianorum
301 4249 363 4300 arat
375 4243 490 4299 subdita
505 4243 617 4314 ditioni,
632 4243 742 4300 infinita
757 4244 874 4300 collecta
923 4245 1057 4314 cessaria,
1073 4245 1170 4301 atalia
1183 4245 1218 4302 da
1240 4245 1422 4300 facultatibus
1436 4245 1496 4300 suis
1508 4261 1560 4316 pru
1572 4245 1737 4301 animarum

56 4338 232 4412 perfidorum
249 4338 401 4394 hominum
414 4337 610 4406 multitudine,
625 4337 794 4407 accessisset,
809 4338 874 4394 cha·
924 4355 1041 4395 suarum
1057 4339 1146 4395 salute
1156 4342 1186 4395 et
1194 4355 1374 4413 paganorum
1390 4337 1517 4394 remedio
1531 4339 1598 4395 illuc
1606 4339 1738 4395 studeant

56 4433 187 4489 rissimus
200 4432 230 4487 in
244 4432 355 4490 Christo
369 4432 445 4487 lilius
458 4435 554 4488 noster
566 4433 595 4487 B.
605 4431 784 4505 (8t)illustris
794 4434 912 4509 lero-1)
922 4434 1076 4490 destinare.

55 4527 231 4598 solymorum
248 4542 307 4595 rex,
319 4526 405 4582 simul
422 4543 487 4582 cnm
503 4525 639 4582 iratribus
653 4526 761 4582 militia
774 4527 873 4599 templi

56 4619 94 4676 ad
105 4619 248 4690 fugandos
261 4620 357 4676 hostes
369 4621 493 4677 velocius
506 4621 677 4694 properavit.
688 4624 816 4694 Cumque
826 4622 874 4678 ad·

56 4729 158 4767 versus
169 4728 297 4784 paganos
309 4730 323 4769 e
334 4714 453 4787 regione
465 4718 621 4772 castrorum
631 4715 707 4772 idem
717 4733 767 4772 rex
777 4732 876 4773 conse-

60 4805 158 4872 disset,
174 4806 266 4877 major
279 4823 345 4878 pars
360 4823 488 4878 suorum,
501 4808 637 4865 iratribus
649 4810 750 4883 templi
763 4827 829 4866 cum
840 4826 875 4866 eo

57 4899 288 4970 remanentibus,
301 4901 454 4973 impetrata
472 4903 587 4959 licentia
599 4907 793 4975 recessemnt;
807 4905 873 4961 hos·

59 4996 104 5047 tes
125 4994 221 5049 autem
245 4993 299 5050 hoc
318 4994 427 5066 liquido
447 5001 660 5069 cognoscentes,
683 4997 735 5052 sub
756 4997 873 5055 festina·

57 5088 138 5142 tione
155 5088 284 5159 aggressi
300 5091 367 5144 sunt
378 5090 563 5159 Christianos,
575 5092 607 5146 ut
620 5106 670 5148 eos
683 5091 713 5148 in
727 5107 817 5148 mauu
829 5108 876 5149 va·

959 4528 1027 4584 llata
1039 4527 1180 4598 Laterani,
1195 4528 1237 4584 ld.
1253 4528 1322 4585 Nor.

1275 4631 1386 4691 CLVlll.

923 4730 1075 4787 Abbrtts'hua
1086 4729 1249 4786 biterrensis
1262 4727 1382 4783 diaecesis
1392 4728 1518 4798 precipit
1531 4720 1683 4798 uiprasuii
1695 4724 1738 4783 lli·

1204 4810 1318 4864 terrenti
1327 4813 1456 4877 pererrat.

1179 4900 1328 4975 (Laterani,
1341 4902 1411 4959 Nov.
1425 4901 1482 4974 13.)

1072 4997 1155 5071 [dati.
1171 4996 1281 5060 Christ„
1297 4997 1342 5065 Vl,
1358 4998 1504 5065 lustrum,
1520 4995 1591 5070 138.)

959 5101 1098 5154 bosianus
1119 5096 1277 5169 episcopus,
1299 5111 1395 5150 servus
1415 5110 1560 5150 servorum
1574 5091 1633 5163 uel,
1649 5093 1735 5152 dilee-

55 5181 115 5237 lida
130 5181 251 5238 viriliter
268 5190 475 5255 repugnarent.
489 5187 548 5241 llex
565 5202 642 5256 vero,
656 5185 748 5259 etqui
762 5203 825 5242 cum
841 5202 875 5243 eo
923 5192 960 5248 tis
986 5190 1053 5246 flliis
1087 5189 1235 5245 abhatibus
1268 5205 1321 5262 per
1346 5190 1538 5245 biterrensem
1569 5189 1737 5263 parochiam

56 5280 148 5345 eraut,
162 5278 299 5348 quoniam
312 5277 432 5334 infinitae
444 5279 669 5337 multitudinis...
685 5280 805 5337 minime
820 5297 873 5355 po·
924 5283 1096 5351 constitutis,
1110 5284 1232 5339 salutem
1252 5285 1282 5338 et
1294 5282 1478 5354 apostolicam
1497 5282 1736 5340 benedictionem.

54 5373 154 5427 terant
176 5371 327 5442 sustinere,
342 5388 426 5429 suasu
447 5377 476 5429 et
493 5375 582 5430 nimia
598 5391 718 5447 precum
740 5376 875 5432 instantia
959 5379 1022 5435 Non
1036 5377 1143 5434 moveri
1156 5393 1216 5433 non
1224 5393 1373 5450 possumus
1388 5377 1424 5432 da
1434 5377 1468 5431 iis
1477 5393 1569 5449 quasa
1583 5377 1738 5434 venerabili

35 5466 222 5549 ¹eorumdem
250 5466 376 5522 militum
398 5467 508 5541 templi,
524 5468 593 5541 ipsis
606 5469 690 5525 simul
714 5486 780 5526 curn
800 5469 873 5526 resi·
922 5472 1011 5531 111111
1033 5475 1131 5528 nostro
1154 5469 1304 5527 Guillelmo
1328 5470 1480 5528 Biterrensi
1500 5472 1634 5545 episcopo
1657 5472 1739 5527 nohis

54 5558 119 5614 duis
133 5560 271 5616 militibus
283 5561 361 5634 regis
374 5563 587 5620 remanentibus
602 5561 640 5621 ad
653 5563 828 5635 conflictum,
842 5565 873 5620 li·
923 5565 1054 5624 nuntiata
1066 5571 1141 5622 sunt.
1151 5564 1256 5624 deserit
1267 5564 1410 5637 siquidem
1425 5565 1509 5622 nobis
1521 5566 1600 5638 quod
1609 5565 1737 5622 debitam

86 5696 137 5777 (81)
151 5695 307 5753 Balduinus
330 5700 407 5754 filius
435 5701 569 5757 Falconis
592 5704 665 5772 regis
691 5703 874 5772 ierosolynri·
954 5703 1178 5771 (titl'lheoderico
1188 5703 1296 5757 Almtlo
1311 5702 1396 5770 dicto,
1409 5705 1458 5772 qul
1472 5716 1594 5759 sororem
1609 5702 1738 5757 Baldutnl

54 5769 124 5823 ⁸⁸2¹·
923 5775 1265 5850 mguuomoment.
