3750 6046
54 194 110 257 ‘nt
478 194 635 261 histottta
653 198 920 261 ecclesiastica.
937 228 968 243 -
988 198 1075 261 PARS
1095 202 1139 258 ΙΙΙ.
1154 231 1189 247 -
1208 200 1272 260 hill.
1292 200 1324 258 Χ.
1688 205 1742 263 778

54 324 286 382 familiaritatem
297 340 396 381 eorum
411 326 441 382 in
456 331 569 385 tanturn
584 329 716 402 quaesivit
730 334 770 399 ut,
785 327 873 401 largi·
886 347 915 420 Α
927 330 961 383 tis
972 328 1107 384 idoneam.
1128 330 1218 384 Portae
1230 329 1436 386 sublimescunt
1457 333 1486 387 in
1505 348 1576 397 arce,
1600 347 1649 405 per
1671 348 1739 404 quas

55 424 103 475 tar
116 422 239 493 erogatu
252 420 417 477 custodibus
429 422 573 493 mercede,
588 423 755 497 frequenter
769 423 798 478 in
812 440 875 479 car-
927 425 958 477 ia
980 424 1073 479 aulam
1092 425 1217 495 poteritis
1238 439 1287 495 per
1309 425 1430 495 trepidem
1449 426 1553 496 gradus
1575 427 1740 495 demendae,

55 528 155 571 aerem
174 512 371 581 descenderet,
388 518 417 570 et
438 517 473 572 de
492 517 650 574 Christiana
669 517 736 587 tide,
751 533 878 591 veraque
928 520 954 572 et
968 532 1058 574 munes
1070 532 1153 587 gazas
1175 522 1257 588 alque
1270 521 1422 575 manuonm
1442 523 1533 591 putris
1547 523 1601 578 mei
1612 523 1739 579 obtinere.

55 606 201 679 religiono
215 607 388 680 colloquium
406 625 471 665 cam
491 611 593 667 vinctis
615 611 758 667 subtiliter
779 610 878 668 actita-
928 613 1021 672 Porro.
1045 613 1071 667 si
1084 613 1189 681 genitor
1207 627 1281 668 meus
1300 628 1351 683 pro
1374 614 1495 669 reatibus
1517 617 1576 671 istis
1598 618 1686 673 iratus
1699 632 1741 673 me

55 704 116 769 ret,
131 705 161 757 et
172 701 271 757 solerti
285 702 520 760 confabulatione
540 721 606 761 cunr
626 706 776 778 profundis
789 705 876 761 inter·
927 706 1042 760 uoluunt
1051 707 1161 776 punire,
1176 720 1222 760 oro
1233 720 1290 770 uos,
1307 708 1426 770 cornici,
1439 722 1505 778 ques
1520 710 1590 765 sieut
1599 725 1741 767 cormeum

55 794 130 851 uram
156 795 287 873 suspiriis
308 795 373 851 inde
397 797 588 870 investigaret.
604 799 792 856 affectuosam
815 799 876 855 dal·
928 798 1023 867 diligo,
1038 799 1104 853 mili
1115 800 1198 854 eitius
1208 799 1354 856 subuenite.

55 888 190 945 cedinem
204 905 305 945 eorum
323 891 402 945 oraui
427 897 579 963 parentum
596 910 713 949 ariorum
736 892 878 949 dilectioni
1209 894 1283 948 xxti.
1300 895 1456 964 Sequentia.

55 983 226 1055 praeposuit,
242 986 272 1039 el
292 983 390 1040 omnia
411 1001 476 1057 quaa
491 984 526 1041 ad
542 986 649 1043 rictum
672 1003 722 1042 seu
744 986 878 1043 restitum
965 986 1028 1041 ilaec
1048 986 1087 1041 ita
1109 985 1211 1057 locuta,
1225 987 1329 1043 milites
1344 988 1467 1044 armavit
1478 992 1507 1045 el
1522 991 1654 1062 protinus
1667 992 1741 1049 erni·

61 1075 277 1148 competebant,
292 1076 347 1133 iliis
360 1077 474 1134 abunda
494 1079 696 1153 suppeditavit.
712 1082 797 1136 Pater
809 1095 879 1136 uero
929 1078 975 1134 sit.
988 1078 1067 1134 dreis
1081 1078 1158 1135 enim
1179 1080 1308 1137 custodes
1329 1084 1413 1136 antea
1433 1082 1546 1139 delusos
1565 1089 1742 1158 corruperat,

61 1169 138 1240 ojus,
154 1169 217 1226 aliis
234 1170 442 1242 multiplicibus
457 1173 579 1245 negotiis
595 1174 730 1242 intentus,
752 1175 812 1231 bac
830 1178 881 1230 aut
930 1175 959 1227 el
973 1172 1008 1228 de
1021 1172 1073 1228 hac
1095 1189 1125 1228 re
1148 1172 1291 1229 instructis
1305 1174 1380 1231 inter
1392 1181 1493 1231 catera
1503 1176 1630 1234 dixerat:
1644 1179 1742 1248 lagena

61 1262 227 1335 ignorabat,
246 1266 295 1319 aut
314 1264 442 1321 fortassis
464 1282 516 1338 pro
530 1266 640 1324 dilectas
654 1267 759 1324 sobolis
773 1284 878 1340 appro·
931 1268 1011 1323 timor
1023 1282 1073 1336 pro
1086 1273 1166 1338 patre
1182 1283 1240 1324 meo
1261 1285 1302 1323 me
1322 1269 1462 1333 sollicitat,
1476 1274 1521 1326 cui
1543 1271 1576 1327 de
1591 1272 1683 1329 multis
1694 1288 1743 1328 na·

59 1355 129 1412 bata
141 1357 317 1429 frugalitate,
333 1374 389 1413 non
403 1359 531 1416 curabat.
930 1361 1049 1416 tionibus
1060 1361 1205 1417 multitudo
1226 1367 1388 1433 pugnatura
1412 1363 1511 1419 obstat.
1533 1364 1588 1420 Sed
1612 1368 1678 1436 quio
1696 1367 1744 1422 ille
1784 1416 1798 1425 ..

97 1450 251 1507 Postdoos
271 1453 452 1524 annos,plus
471 1470 557 1526 quum
576 1454 782 1512 civitatulam
805 1458 881 1513 inter
929 1456 1121 1524 mrtanottimtts
1135 1455 1250 1511 hellssltt
1269 1460 1317 1522 ⁰⁸2,
1331 1457 1467 1511 nunilium
1487 1474 1505 1511 n
1528 1460 1626 1513 vinclis
1647 1466 1740 1530 postu·

57 1545 164 1600 tratres
177 1548 272 1601 ortum
292 1550 344 1601 est.
361 1545 546 1604 Sotimaunus
564 1549 644 1606 enim
658 1550 749 1606 nimia
766 1550 880 1606 ieritata
930 1548 988 1602 lure
999 1548 1163 1618 dedignatus
1175 1555 1223 1605 est.
1237 1551 1302 1605 lteae
1320 1556 1411 1605 tamen
1426 1551 1495 1605 trane
1508 1552 1543 1606 ab
1558 1554 1617 1622 ipso
1633 1553 1743 1622 injunc-

59 1643 189 1708 tumens,
203 1639 233 1694 iu
248 1640 446 1696 [dalimannum
463 1643 594 1713 surrexit,
608 1649 645 1711 et,
662 1647 819 1716 aggregata
833 1643 878 1699 in·
932 1646 987 1696 tum
1000 1657 1071 1696 eure
1091 1647 1249 1712 potestatem
1272 1644 1373 1707 scitne,
1394 1647 1426 1699 ut
1450 1647 1549 1714 possint
1576 1645 1744 1703 Christianos

61 1732 143 1805 genti
156 1738 331 1790 armatorum
347 1735 541 1806 multitudine,
557 1736 662 1793 limites
674 1738 792 1796 fraterni
804 1735 918 1809 prin-B
930 1737 1013 1791 armis
1027 1737 1169 1806 instruere,
1186 1742 1211 1792 el
1223 1753 1274 1807 pro
1287 1742 1440 1793 nostrorum
1453 1740 1650 1809 astipulatione
1658 1742 1744 1810 agmi-
1850 1770 1854 1779 ·

61 1826 173 1899 cipatns
186 1826 311 1895 intravit,
326 1831 355 1882 et
377 1827 494 1884 tratrem
514 1829 550 1885 ad
569 1832 700 1903 praelium
722 1831 881 1903 procaciter
930 1845 996 1884 num
1011 1829 1049 1884 ud
1061 1845 1183 1900 pugnam
1202 1830 1329 1899 dirigere.
1345 1831 1501 1887 Siuieerinl
1514 1833 1631 1888 hostium
1652 1841 1738 1891 cater-

60 1920 235 1993 prorocarit.
250 1921 436 1978 Dalimannus
451 1925 558 1992 sautem,
580 1924 762 1981 intestatione
777 1925 878 1997 hujus·
928 1939 986 1986 uas,
1011 1928 1101 1980 noster
1124 1925 1176 1979 erit
1200 1924 1285 1980 bonor
1310 1929 1336 1981 et
1357 1925 1474 1981 utilitas.
1498 1927 1530 1983 Si
1555 1942 1617 1983 nero
1644 1928 1744 1985 aecide-

61 2014 176 2071 oemodi
189 2014 309 2085 excitus,
323 2016 496 2072 adminicula
508 2016 560 2072 sibi
574 2017 765 2091 undecunque
779 2035 880 2092 procu·
928 2019 985 2072 rint
998 2022 1024 2073 el
1034 2019 1109 2086 terre
1121 2018 1276 2073 interierint
1289 2020 1471 2083 inimicorum,
1487 2019 1582 2075 nullus
1601 2021 1679 2077 nobis
1691 2016 1744 2077 er'it

61 2108 146 2171 ravit,
160 2111 189 2164 el
202 2108 263 2180 ipse
278 2109 475 2179 nihilomiuus,
491 2111 588 2167 multis
605 2112 744 2169 hactenus
764 2114 880 2185 tropaeis
929 2110 1005 2166 dolor
1024 2126 1076 2181 pre
1102 2111 1181 2181 lapsu
1208 2111 1436 2182 alienigenarum,
1463 2128 1580 2183 quorum
1606 2129 1692 2171 mmm
1717 2120 1744 2171 et

60 2202 165 2272 elatus,
188 2202 392 2259 certaminibus
419 2205 543 2260 cruentis
568 2205 699 2275 inhiavit,
724 2224 767 2275 nc,
793 2208 877 2263 adue·
928 2207 1096 2261 ceremoru'as
1126 2210 1282 2261 commeatur
1311 2221 1388 2261 omne
1420 2221 1505 2274 genus
1543 2209 1742 2276 Apamenorum.

58 2296 160 2353 niente
173 2296 320 2353 conflictus
332 2297 412 2367 horu,
432 2303 549 2371 paratus
561 2316 625 2355 curn
638 2301 695 2355 suis
713 2301 878 2373 legionibus
927 2297 1083 2354 salientes
1102 2298 1172 2366 hura,
1182 2299 1360 2369 gratulanter
1376 2306 1549 2369 annuerunt,
1561 2303 1591 2356 el
1602 2300 1744 2374 perspice
1854 2352 1857 2357 .

59 2390 92 2446 in
107 2406 210 2464 campa
231 2391 367 2447 constitit.
393 2393 503 2448 interea
521 2393 604 2448 bielaz
626 2410 692 2449 cum
713 2393 879 2452 Christianis
928 2407 991 2447 cem
1008 2392 1126 2465 virginis
1144 2391 1352 2464 providentiam
1373 2393 1530 2449 admodum
1544 2393 1741 2453 laudaverunt.

59 2484 197 2556 privatim
209 2484 304 2540 locuta
317 2488 371 2555 est,
385 2490 414 2539 et
432 2484 470 2541 sic
492 2502 538 2541 eos
559 2485 645 2541 allata
665 2491 730 2543 est:
751 2488 879 2544 ltilitium
929 2485 1059 2540 Protinus
1083 2484 1131 2540 illa
1158 2485 1281 2557 captivos
1301 2485 1430 2556 absolvit,
1451 2487 1486 2543 de
1510 2486 1597 2543 domo
1619 2488 1743 2545 carceris

59 2580 229 2635 Francorum
244 2578 385 2634 laudario
399 2580 879 2653 muilisjamdudumoucliui,quum
929 2578 1075 2647 abstruxit,
1099 2583 1128 2634 et
1153 2582 1278 2635 armatos
1301 2580 1335 2634 ad
1360 2580 1492 2652 praelium
1514 2580 1674 2638 destinarit.
1699 2581 1742 2639 llli

59 2687 135 2727 nuru
148 2673 178 2726 in
192 2674 321 2742 genitoris
334 2674 387 2729 rnei
404 2675 523 2729 instanti
535 2677 692 2731 necessitate
714 2676 808 2732 uellem
831 2692 877 2732 ee·
928 2688 996 2727 sero
1005 2672 1065 2744 jam
1084 2671 1187 2728 acriter
1205 2676 1366 2745 pugnantes
1380 2673 1562 2743 invenerunt,
1577 2677 1606 2731 el
1627 2675 1742 2746 siguum

59 2767 159 2837 periri,
182 2772 213 2820 ut
236 2766 309 2837 quod
330 2767 430 2838 probat
455 2767 579 2835 auditura,
594 2769 688 2839 probel
710 2772 879 2841 experientia
928 2767 1181 2822 Normnnnoruna:
1205 2768 1285 2834 Deus,
1305 2767 1425 2837 temnunt
1445 2767 1617 2824 ttdncialiter
1636 2768 1741 2825 sociis·

60 2862 146 2916 uisus.
160 2859 344 2915 buamundus
358 2860 508 2933 respondit
523 2878 530 2917 :
545 2863 621 2918 retra
633 2863 699 2919 beru
714 2870 739 2918 et
761 2865 876 2920 honora·
929 2860 983 2915 rati
1006 2864 1079 2915 sunt.
1104 2859 1212 2924 Quibus
1232 2860 1420 2916 clamantibus
1441 2865 1470 2917 et
1492 2860 1656 2919 terribiliter
1677 2879 1740 2934 per·

64 2954 140 3015 bilis,
163 2955 189 3009 si
210 2954 299 3025 placet
320 2954 485 3011 beatitudini
506 2961 600 3012 vestre
612 2958 789 3014 sublimitatis
803 2964 834 3014 ut
848 2961 880 3014 in
929 2952 1112 3021 cutientibus,
1130 2953 1288 3025 phalanges
1306 2954 1464 3010 solimanni
1481 2955 1693 3012 vacillaverunt.
1709 2958 1741 3013 ia

64 3048 130 3104 betti
146 3064 271 3119 campum
284 3049 362 3105 uobr's
384 3050 464 3106 liceat
484 3051 612 3121 progredi
631 3067 691 3107 eum
714 3053 879 3110 rnititan'bar
929 3047 1056 3103 exercitu
1081 3047 1143 3119 ejus
1169 3047 1297 3103 nonnulli
1322 3052 1403 3104 eraut
1423 3048 1587 3105 Christiani.
1603 3049 1656 3115 Qui
1676 3065 1742 3107 uum

62 3142 320 3210 renumerandum
335 3143 452 3199 Gallicos
468 3145 537 3200 ictus
551 3145 643 3213 gladio
663 3152 689 3200 et
706 3146 803 3202 lancea
821 3160 877 3217 pa·
928 3141 1072 3197 laniorum
1085 3141 1186 3198 ducem
1209 3142 1407 3197 Buamundum
1429 3140 1636 3215 cognovissent,
1652 3142 1742 3216 gavisi

61 3236 118 3293 lam
131 3250 277 3300 murman,
292 3242 317 3291 et
333 3252 416 3308 super
437 3238 559 3293 inimicos
578 3244 680 3295 uestros
700 3242 880 3311 conspectibus
928 3240 1003 3302 sunt,
1018 3240 1047 3291 et
1068 3235 1267 3291 Salinsannum
1285 3234 1493 3308 relinquentes,
1507 3236 1659 3295 Catholicis
1672 3253 1742 3295 aon·

61 3332 157 3387 rutra
173 3330 348 3386 ostendemus.
366 3331 461 3386 Puella
478 3329 569 3387 dixit:
588 3334 812 3403 sperneremus,
829 3350 880 3406 per
929 3328 1062 3401 glutinati
1074 3334 1149 3384 sunt.

59 3423 141 3494 tidem
159 3438 216 3493 qua
236 3422 387 3480 christierni
408 3426 481 3489 estu,
503 3432 534 3480 ut
555 3428 585 3481 in
611 3427 659 3482 trae
678 3429 784 3497 negotia
808 3429 879 3485 uude
963 3421 1118 3491 harciban,
1131 3421 1264 3494 turgidus
1283 3422 1458 3494 adolescens,
1476 3422 1634 3479 Solimanni
1655 3422 1730 3482 lilius

61 3520 270 3582 conneretamur,
286 3520 376 3572 emnia
389 3521 536 3575 seeundum
550 3521 690 3576 connitum
707 3536 796 3576 meam
809 3537 876 3589 apa-
929 3519 961 3570 ut
972 3514 1010 3571 ibi
1030 3532 1090 3572 esse
1114 3514 1312 3571 buamundum
1331 3515 1449 3585 audivit,
1464 3516 1546 3572 illurn
1561 3516 1590 3572 in
1609 3517 1683 3574 balio
1705 3534 1742 3576 ex

64 3613 109 3679 tis,
125 3626 172 3666 ner
187 3611 295 3682 aliquid
306 3616 401 3668 contra
419 3628 505 3668 meurn
520 3620 685 3686 preceptum
702 3616 793 3683 facem
805 3630 876 3686 prae-
928 3609 1045 3665 nonrine
1059 3608 1239 3665 vociferando
1255 3609 1392 3681 quaesivit,
1406 3615 1435 3666 et
1449 3625 1514 3665 curn
1530 3609 1633 3666 eodem
1645 3610 1741 3683 singu·

62 3707 187 3761 mmotis.
202 3707 256 3762 Hoc
268 3708 362 3776 itaque
375 3707 443 3761 mili
459 3708 512 3777 ilde
530 3714 620 3763 uestra
638 3708 794 3780 pollicentes
813 3724 874 3764 eon·
928 3703 1026 3759 lariter
1041 3703 1177 3760 dimicare
1198 3703 1369 3775 concupiuit.
1383 3702 1508 3760 Tandem
1529 3704 1560 3760 iu
1578 3703 1742 3764 helimanni

61 3800 180 3868 firmate,
193 3803 219 3853 et
232 3814 280 3869 epo
298 3801 469 3870 postmodum
484 3817 538 3857 non
552 3802 700 3858 cunctabor
718 3803 805 3859 cordis
825 3806 879 3859 mei
928 3801 1081 3870 conspeetu
1101 3797 1154 3853 sibi
1172 3795 1365 3863 obviaverunt,
1380 3813 1499 3869 seseque
1518 3797 1652 3853 ferociter
1673 3816 1738 3871 per·

63 3908 193 3949 amrinum
207 3894 282 3949 uobis
294 3908 425 3949 reserare.
928 3894 1087 3948 euaserunt.
1106 3890 1160 3949 Sed
1187 3890 1308 3963 belliger
1328 3892 1507 3947 h'ormannus
1524 3893 1649 3949 Turnum
1669 3908 1738 3966 pro·

99 3985 211 4041 Primus
224 4002 292 4058 ergo
305 3988 489 4044 Buramundus
503 3988 654 4060 persidem
670 4006 752 4045 atram
769 3991 876 4063 promi·
926 3985 1037 4053 stravit,
1063 3989 1093 4041 et
1124 3984 1266 4041 abstracto
1297 4001 1365 4041 ense
1395 3991 1481 4058 caput
1510 3986 1536 4042 ei
1568 3988 1739 4060 amputavit.

62 4079 241 4152 sitquoesita3
252 4096 338 4153 quem
349 4096 448 4137 omnes
459 4082 507 4137 alii
518 4083 608 4139 secuti
619 4085 697 4151 sunt,
708 4084 877 4155 spondendo
928 4079 1103 4135 vociferante
1129 4078 1292 4135 Dalimflsssso
1309 4095 1316 4134 ἱ
1337 4082 1432 4144 Parte,
1451 4096 1543 4152 ΡΜ,
1563 4097 1645 4153 ”09⁰⁸
1665 4096 1741 4141 mette

62 4190 128 4246 quae
140 4172 266 4245 jusserat
282 4174 384 4246 puella.
398 4176 475 4230 Tunc
489 4176 536 4231 illa
552 4176 713 4249 tripudians
725 4178 765 4233 ait
777 4195 784 4234 :
798 4181 879 4238 Nunc
927 4178 975 4230 est.
1000 4172 1176 4230 Christianus
1200 4172 1291 4247 pugil,
1313 4178 1343 4229 ut
1374 4190 1433 4230 rem
1460 4173 1587 4247 agnovit,
1606 4175 1741 4234 moeslih'a

58 4283 155 4325 secana
175 4283 236 4323 sum
256 4268 289 4323 ele
304 4269 390 4335 uobis,
411 4272 476 4341 quia
496 4286 553 4334 nos,
567 4275 599 4326 ul
619 4286 689 4340 reor,
704 4272 818 4343 legitimi
836 4288 876 4330 es·
926 4269 1019 4323 voltus
1039 4267 1166 4324 letitiam
1189 4267 1281 4323 cordis
1302 4268 1426 4340 operuit,
1441 4270 1471 4324 el
1488 4267 1690 4327 subsannando
1702 4268 1742 4327 ila

60 4364 107 4426 tis,
131 4361 264 4433 palemque
294 4368 413 4419 uestram
445 4366 521 4421 nullo
552 4366 630 4421 modo
655 4368 878 4423 contaminabitis
928 4361 1100 4434 respondit:
1126 4364 1235 4432 tqnosee
1261 4362 1338 4425 mili,
1365 4363 1481 4425 domine,
1511 4363 1585 4433 quod
1611 4365 1742 4434 iqnmunr

60 4458 220 4521 Patrium,
235 4459 284 4528 qui
299 4459 362 4527 jorn
382 4461 413 4514 in
433 4476 527 4531 eampo
541 4461 721 4517 dimicaturus
743 4467 795 4526 est,
815 4457 990 4553 sud-Dseei.
1014 4457 1074 4514 Non
1096 4457 1167 4512 enim
1190 4462 1311 4527 nepotem
1337 4461 1423 4520 tuum,
1438 4456 1487 4511 sed
1510 4457 1609 4513 lostam
1631 4457 1741 4528 putaui,
1783 4512 1787 4519 ,

59 4552 161 4614 uenite,
175 4552 251 4622 eique
271 4553 435 4622 probitatem
453 4560 571 4610 uestram
593 4555 630 4611 ad
651 4555 804 4612 tabudium
822 4555 879 4626 eur
928 4548 1013 4620 cadus,
1028 4554 1059 4607 ut
1073 4549 1278 4621 tiliniacum,
1292 4552 1378 4605 uitam
1391 4551 1520 4605 ecstiucr‘.

61 4644 196 4701 unienter
216 4644 348 4701 calliste.
362 4648 407 4710 lit,
429 4650 454 4703 si
471 4650 586 4704 uictoria
598 4651 704 4705 amauit
721 4650 795 4705 eota
807 4650 879 4721 quod
965 4645 1030 4699 Post
1043 4643 1162 4698 multam
1176 4646 1304 4714 stragem
1323 4642 1470 4715 utriusqus
1490 4642 1590 4715 partis,
1603 4640 1742 4701 exercilus

61 4740 171 4794 utinum
196 4741 266 4809 aar!
291 4741 429 4808 [riguntis
451 4744 571 4798 inimicos
593 4745 721 4814 persequi
739 4743 878 4811 decutite3
930 4736 1087 4795 Solimauni
1111 4736 1250 4793 contritus
1270 4738 1323 4806 est,
1338 4751 1427 4808 quern
1449 4735 1609 4808 lugientem
1632 4734 1745 4794 hostilis

62 4832 112 4889 sed
132 4832 258 4889 uelociter
271 4834 323 4889 lluc
341 4838 444 4891 armrvti
466 4836 561 4899 redite,
575 4843 602 4892 et
616 4853 696 4893 arma
719 4838 803 4893 donec
819 4838 881 4907 jus·
930 4848 1037 4888 cuneus
1052 4834 1110 4887 tots
1131 4830 1177 4887 dle
1197 4833 1360 4903 persecutus
1379 4833 1432 4884 est.
1452 4829 1607 4886 Christiani
1621 4845 1699 4899 reru,
1712 4832 1746 4888 ut

61 4941 132 4989 sero,
147 4927 276 4997 deponere
292 4927 385 4983 nolite.
409 4931 516 4987 intereo
527 4931 632 4998 faciam
646 4947 738 4988 omens
758 4932 880 4988 custodes
930 4928 1046 4998 pactum
1060 4925 1162 4994 lauerat,
1173 4925 1303 4998 protimus
1317 4923 1474 4991 redierunt,
1484 4923 1642 4996 heramque
1651 4939 1744 4998 susm,

62 5019 99 5076 de
111 5020 224 5075 sublimi
235 5024 314 5076 terris
323 5022 389 5077 solio
402 5022 441 5077 ael
452 5024 594 5091 inferiores
604 5032 701 5095 pertas
712 5026 880 5089 descendere,
931 5036 996 5076 cum
1016 5018 1152 5076 archariis
1172 5018 1395 5091 praestolantem,
1410 5020 1478 5073 anta
1499 5016 1604 5074 turrim
1624 5018 1743 5075 invene·

63 5118 92 5169 et
117 5116 148 5167 in
169 5116 250 5177 atne,
268 5117 348 5185 qurrsi
366 5131 412 5172 uos
431 5118 631 5188 prestolantes,
653 5135 755 5175 meeum
781 5123 881 5177 uetare.
931 5117 1009 5169 runt.
1024 5114 1085 5170 itur
1100 5113 1147 5168 illa
1164 5110 1327 5168 custodibus
1340 5111 1401 5166 ait:
1424 5113 1525 5167 Franci
1542 5114 1599 5167 sine
1615 5112 1697 5169 dubio
1711 5113 1747 5169 le-

64 5206 135 5264 Curn
161 5214 254 5263 autem
278 5212 471 5275 remeaveritis,
494 5218 519 5266 et
539 5211 647 5281 jussero
673 5213 826 5269 custodibus
851 5218 883 5270 ut
931 5210 1023 5277 pitimi
1035 5212 1109 5269 sunt,
1129 5206 1260 5278 utrmque
1277 5206 1439 5276 promissam
1459 5207 1558 5277 optime
1579 5205 1746 5263 custodiunt.

63 5301 328 5359 solitiscouneclont
345 5320 390 5360 uos
403 5305 530 5369 uinculis,
545 5322 591 5362 uos
603 5307 712 5363 ualidos
732 5322 832 5363 manus
852 5310 883 5364 in
933 5303 1047 5361 Obuiam
1069 5302 1125 5356 illis
1147 5303 1201 5365 iter
1225 5299 1259 5354 ab
1280 5299 1337 5355 illis
1356 5315 1434 5355 arma
1455 5300 1576 5370 recipite,
1598 5306 1623 5356 et
1644 5300 1748 5357 eosdem

62 5394 255 5451 illoruirititer
275 5397 386 5467 injicite,
400 5400 516 5470 impigre
533 5405 641 5457 cunctor
657 5402 882 5473 conspredendin,
933 5395 972 5451 ati
988 5397 1137 5467 pristinum
1159 5394 1245 5449 tomam
1265 5393 1396 5462 reducite,
1409 5392 1493 5448 donec
1508 5398 1591 5463 pater
1610 5407 1686 5449 meur
1706 5409 1749 5449 ue-

64 5495 93 5546 et
114 5491 232 5545 vicarias
252 5506 304 5561 pro
325 5492 399 5548 uobis
414 5494 595 5565 inerqastulo
608 5496 749 5552 retrudite.
762 5498 825 5553 Heu
842 5498 882 5551 ui-
933 5491 1009 5545 niem
1032 5489 1120 5559 digno
1138 5488 1196 5543 illis
1216 5486 1383 5543 tusareddat
1400 5487 1517 5557 premia
1534 5487 1650 5543 militia.
1665 5487 1750 5543 Tucci

65 5583 146 5648 dens,
167 5600 185 5641 a
207 5584 283 5641 uobis
306 5587 376 5642 suut
398 5603 415 5641 u
438 5588 573 5656 (malibus
595 5589 668 5660 lupis
687 5591 805 5659 tugiam.
830 5591 884 5647 Vos
934 5600 1001 5641 uero
1026 5582 1173 5650 abeuntes,
1196 5579 1298 5655 puellae
1320 5578 1409 5651 jussis
1434 5579 1628 5637 obsecundare
1651 5580 1749 5639 solue·

63 5693 129 5734 uero
158 5680 351 5736 nanciseimini
382 5697 470 5738 arcem
499 5684 694 5753 firmissimam,
725 5689 751 5740 et
779 5687 885 5741 muare
934 5681 1022 5746 runt;
1043 5676 1093 5735 sad
1108 5691 1158 5732 eos
1173 5674 1291 5732 interae
1305 5672 1408 5729 Franci
1423 5673 1751 5743 concluserunt;ralras

65 5770 215 5845 diligenter
227 5773 318 5837 illam,
333 5774 418 5833 donee
427 5792 522 5847 precem
539 5792 602 5833 curn
619 5781 700 5850 patra
715 5792 773 5837 meo
792 5779 885 5849 taem·
935 5775 1020 5833 mata
1031 5770 1175 5847 repagulis
1187 5768 1399 5845 oppilaverunt,
1414 5768 1444 5823 st
1459 5766 1597 5825 uniuersa
1605 5765 1758 5837 taraiasa-

228 5866 367 5939 Parnon.
390 5870 600 5943 utuntur.
1573 5863 1625 5923 ab
