3750 6046
86 150 139 209 lat
777 136 938 200 anaante!
957 144 1053 199 ι’,ιΤΑι
1058 140 1086 197 lS
1714 130 1768 187 lna

87 271 279 344 cooperiebat.
306 271 366 326 ιιιιο
388 271 439 325 soli
462 284 544 324 senes
567 266 671 335 clerici,
699 265 850 322 liestoldas
872 271 900 322 et
911 268 1057 356 Adomao
1073 264 1208 321 lietberto
1222 260 1352 334 ejusdem
1373 256 1498 316 ecclesiae
1516 254 1620 314 abbate
1635 254 1767 311 Theode-

88 368 257 438 lngrannus,
272 363 379 419 ibidem
401 363 594 431 morabantur,
614 360 667 416 et
661 377 691 415 ιιι
706 365 782 415 tanta
801 375 900 415 eremo
952 361 1041 417 ricam
1060 359 1233 415 monacham
1254 355 1292 412 ad
1311 354 1432 411 abbatiae
1447 369 1505 409 snae
1524 351 1655 422 regimen
1670 346 1768 419 requi·

88 460 139 515 aab
154 473 278 531 paupere
298 458 355 512 vita
372 458 428 512 er
442 473 492 528 pro
512 471 594 528 posse
614 468 664 510 saro
676 452 855 510 lamalahant
843 459 901 510 t.ar
951 454 1070 509 sterant.
1085 452 1176 509 abbas
1191 467 1257 507 acro
1274 450 1359 521 justae
1371 445 1509 521 petitioni
1528 443 1670 500 nobilium
1690 441 1766 496 viro·

125 555 188 608 Post
208 551 316 625 aliquot
332 550 468 623 temporis
489 549 656 616 Willelmus,
671 546 722 603 abi
740 550 903 620 votanepo·
953 565 1016 604 ram
1036 546 1158 603 libenter
1178 544 1255 614 lavit,
1277 547 1306 599 et
1323 541 1507 608 monachum,
1525 536 1660 611 quemad
1675 522 1768 608 pasto-

89 652 152 705 tam
165 643 537 711 suoramdeconstmenda,
548 641 779 715 atpraedirimus,
790 640 903 697 abbatia
954 643 1041 698 ratem
1066 656 1162 696 caram
1181 639 1317 695 idoneam
1338 638 1465 704 noverat,
1487 632 1544 688 illis
1560 627 1711 688 concessit.
1727 627 1769 682 llli

88 741 240 814 comperit,
255 739 370 796 accessit
382 737 418 793 ad
433 753 490 804 eos,
505 740 534 792 et
548 736 637 792 dixit:
656 756 669 786 n
684 735 797 791 Gaudeo
810 733 903 804 valde,
953 741 1048 792 autam
1064 733 1220 806 gaudentes
1238 748 1305 787 eum
1320 729 1386 786 daci
1402 728 1655 802 presentaverunt.
1671 725 1709 779 Αι
1721 722 1769 777 ille

90 833 249 891 charissimi
262 831 329 901 mei,
346 830 423 904 quod
437 833 511 886 Ueus
525 829 706 899 omnipotens
721 827 800 883 cordi
813 830 905 883 aestro
955 827 1138 886 veneratione
1152 842 1280 899 congrua
1293 841 1360 881 eum
1372 821 1505 895 suscepit,
1525 820 1651 891 datoque
1668 816 1769 873 baculo

90 928 232 1000 inspirare
245 926 378 998 dignatas
391 926 434 980 est
450 928 481 978 at
500 923 529 978 in
543 922 632 994 ipsias
651 921 769 977 nomine
786 921 904 977 domam
955 920 1097 996 pastorali,
1120 922 1193 977 sicut
1215 919 1302 976 moris
1323 923 1374 989 est,
1397 913 1524 973 ecclesias
1545 912 1671 969 Uticensi
1694 926 1769 983 prae-

92 1020 246 1077 tabricetis.
265 1019 319 1075 Sed
338 1017 440 1073 ridetis
458 1017 524 1089 quia
545 1016 623 1071 locas
637 1015 700 1084 iste,
721 1015 770 1070 nbi
783 1013 907 1086 coepistis
956 1018 1033 1074 fecit.
1060 1016 1168 1072 Deinde
1195 1011 1378 1071 luxoviensis
1404 1009 1553 1082 episcopus
1579 1009 1677 1078 llago,
1705 1019 1771 1060 cum

93 1114 243 1182 aedificare,
260 1111 429 1168 habitationi
443 1110 650 1166 monachorum
668 1113 753 1181 aptus
774 1125 831 1164 noa
855 1114 906 1176 est,
957 1110 1081 1168 Osberao
1094 1109 1300 1177 archidiacono,
1314 1107 1432 1177 aliisque
1448 1103 1556 1160 clericis
1576 1102 1644 1169 sais,
1661 1099 1771 1157 Uticam

95 1206 160 1280 quia
180 1206 285 1261 ibidem
301 1221 373 1279 aqna
395 1204 484 1273 deest,
504 1207 532 1258 el
548 1218 649 1259 nemas
669 1201 753 1274 loage
775 1205 826 1256 est.
846 1203 908 1257 Cer·
958 1205 1097 1279 perrexit,
1121 1206 1150 1259 et
1171 1200 1360 1258 venerabilem
1380 1197 1585 1256 Theodericum
1601 1193 1772 1251 coenobitam

95 1307 157 1356 tram
171 1298 304 1372 estquod
322 1298 428 1371 absque
449 1297 493 1352 his
512 1296 622 1351 duobus
642 1295 791 1352 elementis
813 1311 910 1350 mona·
959 1317 1054 1356 secum
1081 1297 1171 1365 ararit,
1194 1310 1318 1367 eumque
1341 1292 1381 1349 ibi
1403 1308 1433 1349 ra
1454 1292 1547 1347 Nonas
1564 1288 1704 1354 (lambris,
1727 1287 1773 1342 die

94 1393 141 1450 chi
158 1409 218 1449 osse
232 1409 291 1449 noa
305 1397 433 1464 possunt.
448 1390 503 1446 Sed
517 1389 539 1444 si
554 1389 624 1445 meis
642 1389 767 1445 consiliis
785 1388 910 1460 acquies·
960 1392 1117 1460 nomiman,
1133 1389 1332 1447 venerabiliter
1349 1385 1532 1444 consecravit.
1546 1383 1703 1440 Ordinatus
1721 1396 1773 1436 au·

96 1503 161 1543 cere
190 1485 352 1554 volueritis,
375 1484 514 1556 aptiorem
539 1484 632 1538 locum
659 1482 796 1539 intimabo
821 1482 908 1536 cobis.
959 1493 1017 1543 cem
1041 1486 1150 1542 nonin
1175 1482 1337 1557 superbiam
1360 1482 1451 1538 elatus
1472 1485 1532 1546 est,
1555 1478 1604 1534 sed
1626 1473 1775 1548 religionis

96 1581 145 1635 Est
165 1581 242 1635 locas
262 1579 292 1633 ia
311 1578 435 1634 Uticensi
456 1592 544 1649 pago,
566 1575 613 1631 abi
636 1576 780 1649 quondam
802 1575 912 1631 amicas
961 1581 1034 1636 viam
1046 1578 1138 1635 verbis
1152 1584 1180 1634 et
1198 1577 1331 1649 operibus
1346 1573 1513 1631 ostendebat
1526 1571 1572 1627 his
1584 1569 1691 1643 quibas
1704 1583 1775 1641 prae·

96 1673 146 1729 Uei
160 1673 294 1729 Ebmllas
312 1674 425 1726 sanctas
442 1671 529 1726 abbas
548 1669 697 1738 habitavit,
715 1674 743 1726 et
762 1669 827 1726 inde
849 1666 951 1742 postB
962 1675 1037 1730 latus
1050 1676 1102 1728 ast.
1117 1673 1166 1727 llic
1177 1670 1317 1727 nimirum
1330 1670 1365 1725 ab
1379 1666 1499 1724 latentia
1512 1666 1539 1721 in
1559 1664 1645 1720 domo
1660 1661 1776 1718 Domini

97 1770 253 1826 maltorum
263 1764 504 1838 perpetrationem
515 1764 717 1821 miraculorum
727 1762 914 1820 adchristam
964 1768 1086 1825 nutritus
1097 1766 1197 1833 luerat,
1212 1763 1379 1835 diutinoque
1396 1760 1536 1817 sedimine
1553 1757 1717 1829 religiosam
1734 1756 1776 1809 ri-

98 1861 222 1919 leliciter
240 1858 382 1930 migravit.
395 1857 470 1913 lilius
490 1874 559 1930 ergo
574 1857 735 1913 caenobium
749 1856 788 1912 ibi
803 1857 913 1912 instaa·
964 1867 1022 1917 tam
1031 1859 1139 1932 jugiter
1152 1859 1256 1914 ducere
1269 1855 1418 1912 didicerat.
1433 1855 1464 1909 la
1481 1851 1585 1908 sanctis
1601 1848 1780 1907 orationibus

100 1959 170 2021 rate,
184 1952 260 2026 qaod
275 1952 450 2008 destructam
463 1957 505 2008 cst
516 1968 532 2006 a
542 1950 674 2023 paganis,
685 1950 781 2022 ibique
794 1950 914 2005 nimiam
965 1959 1049 2025 atque
1068 1950 1171 2023 vigiliis
1191 1965 1301 2006 necnon
1318 1949 1348 2003 in
1367 1945 1538 2004 obsonantia
1559 1944 1688 2001 assiduas
1705 1945 1777 1998 erat.

102 2063 207 2121 aquam
233 2045 392 2101 invenietis.
415 2045 519 2100 Nemus
543 2044 636 2100 eidem
661 2044 722 2099 loco
749 2043 915 2114 contiguum
966 2045 1130 2118 Frigoribus
1145 2044 1233 2099 etiarn
1246 2044 1281 2109 ‚in
1296 2047 1409 2098 tautam
1425 2056 1529 2112 corpus
1543 2038 1692 2111 proprium
1706 2036 1779 2092 ailli-

101 2139 201 2209 habeo,
217 2138 294 2194 ande
309 2138 344 2193 ad
359 2137 456 2193 omnia
468 2137 626 2193 necessaria
638 2137 762 2192 eeclesiae
780 2136 917 2192 sufficieu-
967 2139 1053 2212 gebat
1065 2144 1094 2194 al
1112 2154 1162 2210 per
1177 2143 1265 2193 totam
1281 2135 1434 2208 aliquando
1448 2134 1576 2189 hiemem
1593 2131 1655 2186 sine
1668 2129 1783 2202 pellicia

103 2236 148 2289 ter
159 2230 378 2288 administrabo.
391 2230 489 2286 Venite
502 2235 532 2286 et
542 2230 635 2285 locum
650 2229 753 2298 videte,
765 2235 793 2284 et
804 2229 828 2285 si
838 2229 917 2285 vobis
967 2236 1159 2306 permaneret.
1180 2230 1309 2296 Quadam
1331 2231 1426 2302 itaque
1448 2226 1505 2294 die,
1529 2225 1598 2281 dum
1621 2222 1783 2280 secandum

103 2325 253 2398 placuerit,
268 2323 326 2378 er
339 2323 378 2379 ibi
392 2324 508 2379 domam
524 2323 714 2379 communiter
727 2323 916 2391 edilicemus3
969 2342 1079 2382 morem
1093 2327 1260 2381 consuetam
1274 2322 1328 2378 sibi
1346 2320 1515 2377 sacrificium
1532 2320 1591 2375 Deo
1611 2317 1715 2376 otlerre
1734 2333 1782 2372 ao-

2 2478 7 2490 ,
104 2417 293 2489 hominesque
307 2415 414 2480 lideles,
435 2417 484 2489 qai
499 2432 551 2489 pro
567 2415 649 2472 nobis
662 2416 708 2488 pie
730 2416 917 2483 intercedant,
969 2421 1077 2488 luisset,
1089 2418 1230 2490 pelliciam
1244 2417 1308 2473 miri
1321 2415 1454 2472 candoris
1467 2413 1648 2487 superaltare
1661 2412 1784 2485 positam

105 2526 306 2583 aggregemus,
318 2514 347 2564 et
359 2509 395 2564 de
411 2510 514 2565 nostris
528 2508 762 2580 possessionibus,
773 2510 915 2582 justisque
969 2513 1085 2570 invenit.
1101 2514 1190 2578 Quam
1204 2528 1262 2567 non
1277 2509 1411 2566 manibus
1426 2509 1587 2578 hominum,
1602 2505 1650 2564 sed
1662 2507 1784 2578 angelo-

105 2603 263 2661 redditibus
278 2606 388 2659 tantam
402 2603 443 2658 eis
460 2603 560 2658 denras
577 2605 608 2658 ut
620 2602 709 2659 libere
727 2620 843 2676 semper
855 2619 918 2675 pos·
970 2624 1035 2663 rum
1048 2607 1105 2662 illic
1121 2621 1185 2661 earn
1200 2621 1261 2661 esse
1274 2605 1395 2677 positam
1409 2620 1467 2659 ιιοιι
1483 2601 1626 2671 dubitans,
1646 2602 1705 2658 Uoo
1721 2616 1785 2672 gra·

106 2698 163 2754 sint
177 2713 276 2753 vacare
299 2695 399 2752 divinis
416 2695 556 2751 laudibus.
572 2715 585 2747 a
604 2695 651 2751 llis
663 2696 776 2766 auditis,
798 2697 877 2768 llago
893 2700 922 2753 et
970 2701 1025 2757 tias
1037 2701 1104 2774 egil,
1121 2704 1149 2754 et
1161 2700 1278 2755 indutas
1297 2714 1360 2753 eam
1378 2696 1556 2770 gratulanter
1576 2694 1723 2751 servitiam
1745 2694 1788 2749 di·

108 2791 260 2847 llotbertas
273 2790 421 2846 consiliam
432 2789 493 2861 ejas
506 2788 702 2858 laudaverant,
713 2794 743 2845 et
752 2790 921 2862 praedictam
971 2795 1068 2850 vinum
1082 2793 1201 2866 peregit.
1216 2794 1272 2848 lloc
1290 2791 1331 2847 ita
1351 2794 1462 2863 gestam
1481 2789 1567 2845 faisse
1583 2790 1612 2844 in
1626 2788 1786 2844 Gemmeti·

108 2886 203 2940 locam
224 2884 398 2955 perlustrare
421 2898 487 2937 cam
510 2899 544 2939 eo
566 2888 715 2939 venerant.
737 2884 922 2940 Venientibus
972 2888 1047 2944 censi
1070 2888 1195 2955 ecclesia,
1215 2887 1283 2942 dam
1304 2885 1397 2941 adhuc
1412 2883 1569 2940 claustralis
1590 2886 1665 2937 esset
1682 2896 1786 2937 mone-

109 2976 172 3044 illis,
200 2975 311 3032 libellas
336 2975 406 3031 Vitas
434 2975 524 3032 saneti
550 2976 638 3031 Patris
660 2976 766 3032 llbmlll
786 2977 922 3034 llotberlo
973 2983 1053 3049 chus,
1069 2998 1085 3037 a
1101 2980 1247 3036 monachis
1260 2979 1418 3048 veracibus,
1434 2977 1483 3050 qai
1495 2981 1563 3032 tunc
1579 2975 1607 3031 ia
1624 2975 1789 3047 supradicto

111 3068 281 3125 oblatnsest.
292 3069 383 3134 Quam
394 3067 635 3141 diligenterlegil,
645 3071 796 3142 etllugoni
807 3070 924 3143 aliisque
975 3075 1151 3131 monasterio
1169 3073 1364 3140 morabantur,
1386 3070 1556 3127 audivimas.
1572 3070 1652 3125 Hane
1671 3084 1789 3125 venera·

112 3162 194 3219 sociis
206 3163 265 3218 sais
278 3161 436 3234 prudenter
448 3162 586 3234 exposuit.
604 3162 677 3228 Qarld
695 3165 804 3220 multat
816 3163 926 3221 Uticen·
974 3169 1039 3224 hilis
1056 3167 1257 3237 Theodericus,
1278 3164 1508 3222 Gemmeticcnsis
1530 3163 1628 3233 abbas,
1650 3162 1687 3217 de
1707 3178 1789 3217 sacro

113 3255 149 3312 sis
164 3256 244 3311 locas
257 3255 365 3327 placuit
377 3254 518 3312 ambobus
532 3255 675 3311 iratribus.
690 3256 742 3312 Sed
762 3258 827 3329 qaia
848 3257 923 3313 idem
975 3263 1054 3318 fonte
1073 3263 1226 3331 levaverat,
1248 3263 1277 3315 et
1297 3259 1349 3315 sah
1375 3257 1525 3314 monachili
1546 3256 1618 3329 jugo
1641 3255 1670 3311 in
1695 3256 1791 3311 schola

113 3351 190 3406 locris
208 3348 338 3405 caenobio
359 3349 491 3405 Beccensi
510 3349 570 3421 jam
593 3350 740 3422 delegatas
759 3350 862 3422 luerat,
878 3352 928 3407 ali·
975 3356 1077 3411 Christi
1101 3353 1253 3410 educatam
1277 3353 1401 3408 maltam
1420 3350 1567 3407 dilexerat.
1591 3351 1696 3419 oriem,
1721 3349 1792 3405 dum

113 3444 268 3517 quantique
281 3443 457 3500 monachica
472 3442 572 3500 eodem
588 3444 729 3514 coenobio,
742 3449 775 3501 at
784 3444 845 3517 jam
858 3444 926 3501 dixi·
976 3451 1052 3506 idem
1073 3449 1109 3504 ad
1130 3448 1218 3504 robur
1240 3446 1319 3503 virile
1340 3446 1470 3515 venisset,
1495 3443 1635 3517 bonisque
1661 3443 1793 3500 moribus

115 3552 190 3605 mas,
209 3535 267 3591 illic
286 3537 538 3608 conversabantur,
554 3536 646 3593 abbati
667 3537 800 3594 llerluiao
819 3541 848 3593 et
869 3555 928 3594 mo·
977 3542 1159 3599 laudabiliter
1185 3540 1313 3613 polleret,
1338 3540 1476 3596 vicariam
1503 3539 1546 3593 sai
1568 3537 1604 3594 ad
1626 3538 1793 3594 animarum

9 3707 13 3713 Ι
113 3632 211 3689 nachis
236 3631 315 3687 Becci
341 3631 369 3687 in
395 3636 494 3688 mutua
513 3630 705 3689 vicissitudine
727 3633 837 3702 villam,
862 3650 928 3706 que
978 3639 1055 3692 lucra
1072 3634 1208 3691 iratribus
1227 3633 1384 3699 constituit,
1402 3636 1488 3704 atque
1507 3630 1543 3686 ad
1563 3630 1709 3687 ιιιιιιιιιιιιιι
1731 3647 1792 3687 ma-

114 3725 219 3782 dicitur
232 3725 371 3794 llosseria,
387 3725 538 3795 dederant,
551 3725 647 3799 sieque
662 3727 813 3799 praefetam
834 3728 927 3783 locum
979 3729 1128 3803 gistariam
1139 3728 1313 3783 etadcaram
1325 3725 1482 3782 claustralis
1494 3724 1640 3798 prioratus
1652 3723 1792 3781 tuendam

114 3818 236 3875 liborum
250 3818 446 3876 reddiderunt.
979 3822 1127 3897 promovit.
1148 3819 1266 3891 lleinde,
1280 3821 1352 3876 sicut
1367 3819 1560 3892 supradictam
1579 3823 1632 3886 est,
1652 3817 1733 3874 idem
1752 3817 1796 3873 air

239 3914 281 3967 lv.
301 3914 460 3968 honestent
481 3914 610 3970 Uticensis
628 3917 803 3972 rmtoaratto.
981 3916 1104 3983 Domini,
1125 3919 1256 3987 tempore
1276 3913 1404 3970 lietberti
1424 3913 1543 3982 abbatis,
1563 3912 1599 3968 de
1618 3910 1795 3969 Gemmetico

150 4010 233 4060 Anno
245 4004 282 4060 ab
294 4006 490 4061 incarnatione
502 4006 617 4062 Domini
628 4009 708 4078 ¹050,
718 4007 876 4064 indictione
892 4023 929 4076 aa,
981 4014 1144 4082 assumptus
1156 4014 1208 4077 est,
1224 4014 1253 4065 et
1264 4008 1385 4064 Uticensi
1397 4007 1517 4064 novelle
1527 4005 1698 4080 plantationi
1712 4004 1797 4061 abba·

116 4098 230 4154 ilrmato
244 4099 363 4154 concilio
376 4098 412 4154 de
424 4098 611 4155 restaurando
626 4100 702 4172 apud
715 4101 825 4157 Uticam
838 4117 931 4158 caeno·
983 4104 1028 4160 tia
1040 4103 1176 4175 praelatus
1189 4107 1241 4170 est,
1252 4118 1327 4157 enno
1339 4101 1373 4156 ab
1384 4099 1581 4158 lncamatione
1591 4098 1705 4155 ιιοιιιιιιι
1716 4101 1797 4169 l050,

117 4192 174 4261 bio,
189 4191 344 4247 Willelanus
357 4198 385 4248 et
403 4192 554 4249 hotbertus
567 4192 616 4248 illii
636 4193 740 4262 Geroii,
761 4198 791 4251 et
806 4196 885 4266 llago
900 4212 933 4252 ac
983 4196 1135 4253 indictione
1151 4212 1188 4266 ιι,
1198 4194 1247 4268 qai
1257 4198 1319 4251 erat
1330 4210 1424 4250 annas
1436 4211 1479 4251 ιιι
1491 4193 1605 4250 Hearioi
1620 4192 1696 4265 regis
1714 4192 1800 4248 Fran-

119 4283 272 4341 Rotbertus
286 4285 336 4341 tllii
358 4284 484 4341 RotberU
508 4286 543 4342 da
565 4287 809 4344 Greatcmaisnilio
832 4289 934 4346 Willel·
983 4288 1306 4359 coram,etxvdacstus
1319 4287 1541 4345 Willalmidacis
1553 4287 1798 4343 liormannoram.

117 4394 197 4434 mum
210 4378 314 4434 dacem
328 4379 556 4435 b'ormannorum
569 4380 712 4449 adierunt,
729 4393 972 4467 suamqaevo·1)
1018 4385 1059 4441 ild
1083 4382 1320 4440 constructionem
1335 4398 1402 4438 aero
1423 4397 1503 4437 novae
1522 4381 1624 4437 domas
1641 4379 1800 4435 llodallam

117 4473 256 4529 lantamm
270 4472 312 4528 illi
328 4480 536 4544 reseraverunt,
553 4477 639 4546 atque
653 4478 686 4530 at
705 4474 854 4549 principali
869 4493 933 4534 auc·
985 4483 1120 4549 nepotem
1133 4493 1216 4532 suam
1231 4482 1259 4532 et
1268 4476 1416 4547 Uagonem
1429 4477 1585 4542 cantorem,
1596 4473 1726 4545 aliosque
1739 4472 1802 4528 ido·

117 4566 233 4623 toritate
256 4566 293 4622 ad
313 4582 384 4639 opus
403 4567 516 4623 salubre
539 4567 592 4623 sibi
608 4568 790 4625 auxiliaretur
809 4571 934 4642 postula·
986 4588 1054 4628 neos
1074 4572 1187 4639 tratres,
1212 4570 1352 4643 permissa
1371 4568 1462 4624 Patris
1485 4567 1539 4638 sai,
1561 4568 1598 4623 de
1619 4566 1800 4623 Gemmetioo

119 4664 232 4716 verant.
257 4661 360 4715 Locum
383 4660 470 4716 etiam
491 4677 566 4733 saepe
588 4661 770 4719 nominatum
791 4663 935 4721 communi
985 4681 1080 4723 secum
1096 4664 1223 4722 adduxit.
1237 4664 1308 4720 Cum
1319 4663 1432 4736 quibas,
1448 4669 1476 4719 et
1487 4678 1540 4734 per
1551 4677 1623 4734 quos
1636 4661 1803 4734 regularem

120 4769 259 4809 consensu
279 4754 455 4811 italibemm
467 4754 715 4827 tradideruntejas
728 4757 824 4813 tatelae
838 4762 870 4813 ut
882 4774 936 4814 nec
986 4758 1204 4825 observantiam,
1232 4760 1261 4814 et
1284 4757 1447 4813 modestum
1473 4756 1616 4826 rigorem,
1644 4757 1804 4827 aptamque

120 4847 184 4916 sibi,
201 4863 253 4902 nec
267 4846 512 4920 eliisqaibaslibet
524 4848 649 4922 aliquam
663 4851 875 4908 assuetudinem
886 4867 936 4908 seu
986 4853 1089 4910 seriem
1113 4853 1143 4907 in
1168 4851 1264 4907 divino
1288 4850 1367 4907 cultu
1391 4850 1533 4906 ferventer
1555 4847 1657 4905 erexit.
1680 4849 1805 4904 Diversae

122 4940 264 4996 redditam
273 4982 282 5010 ,
307 4947 412 5013 praeter
434 4941 571 4999 banellcia
590 4944 763 5012 orationum,
784 4945 936 5017 aliquando
986 4953 1081 5003 aulem
1095 4944 1186 5002 etatis
1200 4951 1228 5001 et
1241 4944 1386 5017 qualitatis
1398 4943 1434 5000 ad
1447 4942 1662 5000 conversionem
1682 4940 1805 4998 venien·

122 5033 304 5089 anionachis
322 5035 420 5092 liceret
438 5038 481 5092 vel
503 5036 668 5093 hominibus
689 5054 788 5094 eoram
811 5039 935 5111 exigere.
988 5046 1030 5098 tes
1043 5040 1177 5112 suscepit,
1194 5042 1223 5095 et
1234 5038 1395 5094 secundum
1408 5037 1551 5110 Regulam
1565 5038 1593 5095 S.
1607 5036 1697 5092 Patris
1711 5037 1804 5093 Bene·

121 5127 183 5181 Uarr
195 5132 292 5183 eatam
307 5128 389 5184 bonae
404 5129 653 5186 voluntatieorum
666 5138 811 5203 gratanter
824 5134 938 5206 acquie-
987 5135 1055 5191 dicti
1075 5133 1227 5206 diligenter·
1245 5132 1378 5189 instituit.
1401 5133 1472 5188 Nam
1487 5132 1548 5205 ipse
1566 5132 1596 5187 in
1611 5128 1712 5203 primis
1726 5131 1806 5186 Gan·

124 5221 172 5288 ιιι,
190 5225 219 5275 et
237 5222 439 5277 testamentum
460 5223 607 5295 derebus,
628 5240 700 5298 qaas
718 5227 872 5300 optimates
893 5228 938 5284 sui
987 5228 1094 5284 tridam
1108 5233 1136 5283 et
1151 5226 1325 5284 Rainaldam
1342 5231 1371 5283 et
1391 5225 1545 5283 Falconem
1563 5224 1653 5281 tilium
1675 5224 1807 5281 Falconis

122 5319 220 5370 sancto
243 5313 360 5370 Ubrnllo
386 5315 503 5385 dabant,
530 5318 717 5388 conllrmavit,
742 5324 770 5376 et
790 5320 937 5394 llalgerio,
987 5322 1098 5391 decani,
1121 5322 1246 5395 aliosque
1269 5320 1420 5378 nonnullos
1442 5319 1637 5393 grammunea
1661 5318 1733 5375 artis
1752 5334 1807 5391 pe·

123 5406 347 5482 llothomageasi
367 5408 591 5484 archiepiscopo,
612 5412 860 5488 suffraganeisque
876 5415 937 5488 epi·
988 5415 1058 5471 ritos
1074 5415 1104 5471 in
1121 5415 1220 5472 schola
1236 5414 1339 5471 Christi
1355 5412 1587 5472 emendationem
1607 5411 1672 5469 vitoe
1687 5410 1806 5469 hamili-

123 5499 214 5572 scopis
227 5499 482 5574 asbscriptionibas
491 5503 796 5563 saiscorroborandam
806 5507 938 5566 tradidit.
988 5515 1032 5567 ter
1053 5509 1158 5566 docuit.
1181 5508 1324 5567 llieullum
1344 5523 1458 5583 quoque
1477 5523 1579 5565 mnam
1598 5510 1628 5563 et
1647 5506 1808 5580 llogerium

156 5594 263 5651 Deinde
278 5596 358 5668 llago
372 5602 402 5652 et
413 5595 575 5667 Rotbertns,
588 5599 686 5658 aduae
697 5605 812 5674 accepta
825 5602 939 5659 licentia
990 5603 1109 5660 rusticos
1130 5604 1311 5678 presbyteros
1330 5606 1359 5660 et
1383 5601 1551 5660 bairandam
1569 5599 1755 5661 hortulanum
1779 5604 1810 5656 et

122 5686 247 5763 eligendi
269 5687 413 5763 abbatem,
433 5691 641 5751 Gemmeticam
662 5694 852 5769 expetierant,
874 5704 902 5752 et
922 5713 940 5754 a
989 5697 1170 5756 Goislredam
1184 5701 1270 5772 atque
1289 5696 1425 5769 olricum,
1445 5695 1573 5773 aliosque
1591 5694 1736 5771 simpthes
1753 5693 1811 5755 dis·
