3750 6046
154 217 222 274 soor
608 270 610 275 ,
680 211 857 271 susumus
875 208 1174 270 mrumencuusrs
1192 213 1297 271 uersa.
1764 220 1828 277 roes
1870 186 1873 213 '

152 341 193 397 ait
204 340 347 412 apostolus
360 340 440 411 (lae,
456 337 486 407 1),
501 339 609 394 auditor
616 344 654 394 est
667 339 743 394 uerbi
756 345 781 394 ct
795 354 849 393 nou
862 341 964 405 factor,
976 333 1145 418 Abouitate
1155 354 1206 394 sua
1220 338 1294 394 lilios
1303 340 1497 410 apostotorum
1508 343 1537 396 el
1549 340 1678 412 eorporis
1688 339 1732 396 sui
1743 357 1828 399 mem·

150 435 193 490 liic
213 433 408 490 assimilabitur
431 435 489 488 uiro
516 433 703 488 consideranti
729 434 835 487 uultum
863 433 966 487 martiri·
1016 429 1069 484 bra
1081 431 1239 501 constituit,
1253 434 1283 487 in
1305 432 1433 504 ejusdem
1452 434 1577 506 corporis
1591 433 1698 489 unione
1711 451 1745 489 ac
1764 435 1826 491 tidei

152 530 219 584 totr's
242 542 298 583 sua
321 529 351 581 in
367 528 483 597 merulo,
512 527 691 582 considerauit
713 529 783 582 cuim
796 541 823 581 se
842 532 866 581 ct
888 527 965 588 obiit,
1017 524 1169 581 Catholicae
1196 527 1314 583 raritate
1339 528 1524 584 immobiliter
1550 529 1716 600 perdurare.
1741 530 1825 586 Vene-

152 628 176 677 et
188 621 419 676 continuooblitus
433 626 470 676 cst
483 622 574 690 ortulis
591 622 689 688 fuerit.
710 621 749 675 Ne
765 621 853 691 igitur
866 620 902 675 de
916 636 966 673 vo·
1017 619 1120 674 remini
1147 624 1206 675 toto
1229 620 1333 688 studio,
1347 621 1419 677 sicut
1439 622 1604 694 incepistis,
1619 628 1748 678 matrem
1772 641 1824 681 om·
1871 694 1873 703 Ι

150 715 194 771 bis
219 715 272 769 boc
291 714 410 781 accidat,
437 729 587 769 monemus
610 729 660 769 vos
684 720 712 769 et
734 713 918 769 exhortamur
936 713 967 768 iu
1016 712 1098 767 nium
1112 712 1241 768 bdelium
1254 719 1461 771 sacrosanctam
1482 717 1640 772 Romanam
1659 716 1823 786 Ecclesiam,

150 808 279 875 Domino,
307 813 447 878 quatenus
469 824 521 879 per
539 808 672 863 eumdem
694 808 814 863 tratrem
837 813 966 863 nostrum
1017 805 1364 878 etquilougaterrarum
1384 809 1596 880 intercapedine
1616 808 1652 865 ab
1673 827 1708 865 ea
1726 811 1825 866 distatis

150 901 242 957 imbre
267 901 339 955 sacri
365 900 472 974 eloquii
495 902 618 973 irrigati,
637 902 762 956 fructum
783 901 848 956 vitre
872 901 966 956 iacere
1016 899 1169 956 devotione
1189 918 1221 955 ae
1244 903 1291 973 pio
1311 902 1453 959 desiderio
1478 909 1634 974 praesentes
1659 903 1686 958 ei
1719 920 1825 977 semper

150 994 289 1050 studeatis
306 999 335 1049 et
350 995 510 1066 cogitantes
520 996 595 1066 apud
609 1012 657 1051 ros
669 995 793 1066 qualiter
802 1011 868 1050 cum
881 995 967 1050 ineri-
1016 999 1115 1049 estote.
1142 995 1268 1051 Firmum
1289 997 1406 1068 qnidam
1429 997 1570 1052 habemus
1592 1003 1621 1053 et
1641 996 1823 1053 indubitabile

150 1090 185 1144 tis
199 1088 354 1159 aliquando
375 1089 511 1157 tenebra,
538 1106 615 1145 nuuc
637 1089 697 1144 sitis
716 1090 765 1144 lux
782 1090 812 1144 in
832 1089 964 1144 Domino.
1016 1088 1126 1159 quiesi
1147 1090 1283 1160 usquead
1297 1090 1386 1146 linem
1406 1090 1435 1145 iu
1453 1090 1618 1146 obedientia
1633 1091 1695 1163 ejus
1721 1095 1751 1147 et
1770 1093 1824 1147 sub

149 1199 213 1253 quse
234 1199 347 1238 sursum
369 1187 437 1238 suut
455 1184 582 1254 sapiatis,
599 1200 657 1239 nou
671 1199 734 1256 qum
748 1189 965 1254 superterram,
1013 1181 1138 1253 jectioue
1154 1183 1317 1239 manseritis
1331 1187 1361 1239 el
1378 1185 1476 1239 statuti
1493 1185 1603 1256 praelati
1621 1184 1719 1240 fratris
1743 1187 1825 1242 nostri

35 1302 39 1309 ,
150 1280 180 1331 et
203 1293 254 1347 per
273 1294 373 1332 rerum
400 1279 456 1334 Noe
475 1294 507 1333 ac
530 1278 673 1333 ministros
692 1278 965 1356 ipsiusnbiuuuda-
1015 1279 1044 1331 et
1070 1275 1229 1331 doctrinam
1260 1279 1442 1348 apostolicam
1471 1278 1636 1334 studueritis
1662 1278 1824 1353 adimplere,

147 1370 226 1425 tione
240 1370 372 1425 diluviiiu
386 1388 482 1426 arcam
492 1372 622 1427 Ecclesia
641 1373 807 1444 cougregati
822 1376 966 1443 praecepta
1016 1369 1052 1423 de
1062 1370 1182 1424 terrenis
1195 1369 1231 1424 ed
1245 1371 1378 1438 coelestia,
1391 1372 1468 1426 etde
1482 1372 1595 1427 caducis
1614 1389 1648 1427 ac
1663 1372 1825 1428 transitoriis

149 1464 296 1519 [lominica
317 1469 346 1519 et
375 1465 486 1536 prareti
513 1465 612 1521 fratris
637 1466 725 1520 nostri
743 1469 849 1520 statuta
871 1465 906 1521 de
930 1466 965 1520 li·
1017 1463 1053 1518 ed
1104 1469 1211 1519 aterna
1255 1481 1422 1538 semperque
1462 1467 1609 1523 manentia
1649 1467 1824 1538 pertingetis.

149 1557 457 1614 bertateecciesiarum
473 1562 644 1627 vestrarum,
667 1559 754 1615 armis
778 1576 836 1614 uon
851 1565 964 1631 portam·
1016 1558 1139 1613 Censum
1172 1560 1271 1613 autem
1302 1575 1389 1631 quem
1423 1560 1452 1614 in
1491 1566 1697 1631 argumentum
1732 1565 1826 1616 vestm

150 1650 194 1704 dis
209 1657 238 1705 et
248 1650 311 1706 aliis
327 1651 364 1706 ad
379 1651 500 1706 salutem
526 1653 621 1723 populi
640 1653 831 1722 spectantibus
845 1652 966 1709 tirmiter
1015 1651 1177 1707 devotionis
1200 1653 1286 1708 beato
1309 1656 1392 1709 Petro
1405 1653 1439 1709 de
1457 1654 1541 1708 terris
1554 1654 1655 1709 vestris
1667 1655 1827 1726 persoluen-

149 1744 315 1799 observetis.
328 1745 442 1800 Ceruite
462 1747 611 1817 pereuntia
632 1751 714 1801 extra
735 1763 808 1801 arcae
824 1713 1085 1801 ambitudeum
1113 1747 1196 1800 anuis
1233 1746 1353 1818 siugulis
1384 1747 1537 1815 statuistis,
1571 1747 1709 1804 iratribus
1729 1750 1828 1805 nostris

148 1838 294 1906 animalia,
309 1840 380 1894 etin
394 1855 427 1894 ea
447 1840 558 1895 collecti
572 1840 729 1895 immensas
750 1840 855 1912 gratias
873 1842 962 1896 exsol·
1016 1839 1155 1911 episcopis
1173 1839 1260 1895 tribui
1281 1841 1398 1908 iacietis,
1420 1847 1452 1895 ut
1465 1857 1517 1913 per
1535 1858 1583 1896 eos
1595 1841 1656 1896 sedi
1672 1842 1829 1914 apostolice

149 1932 205 1987 rite
221 1933 374 2002 collectori,
397 1939 426 1988 et
442 1934 618 1990 considerate
632 1934 708 2006 apud
731 1951 780 1989 ros
801 1934 962 2006 benignita·
1012 1934 1229 1989 transmittatur.
1247 1934 1340 1998 Quem
1355 1934 1480 2006 proiectu
1495 1951 1553 1989 uon
1567 1937 1628 1991 tam
1639 1935 1676 1990 ad
1704 1942 1828 1992 nostram

150 2030 208 2081 tem
222 2026 310 2097 ipsius
324 2027 372 2099 qui
387 2032 418 2082 ut
437 2027 593 2083 redimeret
611 2027 646 2083 de
661 2045 747 2082 mauu
763 2027 872 2084 inimici
885 2035 912 2084 et
927 2029 963 2084 de
1011 2029 1167 2084 utilitatem
1186 2045 1273 2100 qnam
1290 2028 1463 2083 adsalutem
1479 2028 1642 2085 animarum
1658 2033 1827 2099 vestrarum,

150 2120 314 2190 regionibus
337 2124 534 2193 congregaret,
561 2138 620 2178 nou
645 2122 776 2194 despexit
801 2139 853 2194 pro
874 2123 962 2191 robis,
1014 2122 1163 2194 exigimus,
1190 2123 1259 2177 dum
1284 2123 1465 2178 vosiuternae
1481 2122 1643 2179 devotionis
1661 2124 1829 2197 obsequium

150 2213 318 2269 cumedhuc
328 2219 491 2286 peccatores
500 2216 607 2283 essetis,
618 2215 713 2271 vestiri
741 2232 838 2276 earne,
857 2216 966 2289 turpari
1013 2214 1089 2272 beati
1104 2217 1179 2271 Petri
1190 2217 1322 2288 cupimus
1335 2217 1525 2288 patrocinium
1539 2217 1678 2274 obtinere.

149 2323 241 2377 cruce,
267 2308 397 2363 mulctari
424 2313 526 2364 morte.
554 2310 588 2364 Et
605 2309 742 2381 quoniam
764 2326 813 2365 vos
840 2310 964 2382 grutuita
1049 2311 1152 2366 Datum
1165 2311 1294 2366 Laterani
1308 2327 1334 2365 iv
1348 2311 1464 2367 Kalend.
1480 2310 1654 2366 Decembris.

828 2650 912 2695 ΑΝΝΟ
934 2650 1043 2696 buntur
1062 2650 1159 2695 nutlv

617 2890 1371 3098 ANSELMUS

432 3239 929 3395 Httutssnuun
989 3240 1104 3393 Sis
1139 3238 1556 3392 aristaeus

915 3514 1043 3530 ῃ

869 3707 1101 3803 NOTITIA

656 3913 789 3983 (Ferme,
809 3913 881 3969 Bibl.
897 3912 967 3968 med.
986 3915 1013 3967 el
1031 3912 1084 3978 int.
1105 3912 1179 3975 brit,
1200 3914 1222 3981 l,
1244 3913 1317 3984 itt.)

911 4123 1062 4140 ψ

180 4300 331 4351 Auselmus
343 4301 379 4352 ab
393 4315 437 4351 au.
455 4302 516 4352 issu
527 4302 563 4352 ad
576 4304 638 4355 iiiii
650 4303 883 4367 Hocslburpsusis,
898 4303 957 4352 sire
972 4301 1191 4365 Arelburgeusis
1210 4301 1367 4365 episcopus,
1388 4300 1417 4351 in
1433 4298 1556 4351 biarchis
1572 4299 1608 4349 ad
1625 4298 1757 4360 Aratum,
1772 4300 1829 4350 sire

149 4372 285 4424 Harelam
299 4373 425 4434 flurium,
439 4375 492 4425 sub
507 4374 716 4439 arcluepiscopo
734 4373 975 4439 Magdeburgensi;
993 4373 1104 4436 scripsit
1128 4369 1225 4422 libram
1241 4371 1274 4421 do
1295 4371 1390 4420 ordino
1406 4371 1596 4421 conarriroram
1613 4367 1782 4432 regularium
1801 4370 1827 4419 S.

146 4445 297 4509 Augustini,
310 4447 354 4495 cni
367 4445 475 4496 scilicet
488 4447 548 4510 ipse
566 4447 694 4498 addictus
710 4458 822 4512 quoque
844 4445 913 4494 tuit.
934 4445 1031 4495 Exstat
1051 4444 1079 4493 in
1102 4441 1232 4492 Tbosouro
1250 4440 1437 4490 animatorum
1455 4437 1587 4490 Bernerdi
1611 4438 1677 4498 Per,
1689 4443 1756 4489 tom.
1782 4439 1827 4499 Ν,

148 4520 226 4580 parte
242 4529 270 4573 11,
285 4530 347 4581 pag.
363 4518 402 4567 75.
423 4516 555 4579 Ejusdem
572 4516 697 4582 Diolopos
717 4522 770 4566 tres
785 4529 874 4565 uuum
894 4514 929 4565 de
948 4514 1030 4565 variis
1053 4512 1219 4565 Christianae
1239 4512 1315 4576 relig.
1335 4510 1442 4571 formis,
1463 4513 1491 4559 et
1513 4508 1584 4559 duos
1604 4507 1824 4572 disputationum

147 4586 280 4636 Aduersus
293 4600 390 4650 prasos
406 4587 528 4651 vulgarit
539 4587 696 4638 Dacberius
708 4591 783 4638 tomo
796 4585 860 4634 Vlil
873 4584 1013 4649 spicilegii,
1029 4597 1089 4648 pag.
1104 4585 1135 4634 88
1146 4583 1222 4647 (edit.
1241 4594 1323 4632 norae
1338 4587 1404 4631 tom.
1418 4582 1440 4640 l,
1452 4594 1514 4645 pag.
1533 4579 1598 4641 161).
1617 4578 1722 4630 Confer
1738 4578 1825 4631 011111-

147 4671 216 4706 num
229 4661 295 4706 tom.
311 4657 345 4718 11,
358 4670 418 4721 pag.
434 4656 495 4706 itit
509 4670 567 4720 seq.
590 4659 660 4708 Vitas
675 4659 736 4721 ejus
748 4657 856 4721 aliquot
869 4661 1033 4718 sanctorum,
1045 4655 1161 4720 prolixis
1173 4653 1380 4715 voluminibus,
1393 4656 1421 4704 et
1433 4650 1573 4717 Epistulas
1585 4649 1680 4714 piures
1690 4650 1726 4700 ad
1735 4648 1825 4701 direr-

147 4739 193 4779 sos
207 4726 416 4792 Eiseugreiuins
431 4740 493 4791 pag.
509 4727 539 4777 ar
552 4730 757 4778 commemorat.
