3750 6046
73 196 143 255 tter,
751 199 890 255 hDthNl
911 199 944 254 tv
962 200 1068 257 PhPAE.
1693 200 1762 256 taes

71 318 250 390 contingeret
263 335 315 374 uos
330 318 472 390 proferre,
486 319 574 374 iidem
593 336 651 376 non
670 320 781 376 dubites
802 323 883 378 adhi·
896 335 925 408 Α
936 323 964 377 in
979 326 1060 394 porta
1073 322 1213 391 orientali,
1228 340 1291 395 quae
1307 323 1393 379 modo
1408 324 1551 390 coluntur,
1567 322 1612 378 vel
1628 320 1660 378 in
1674 326 1761 378 autea

71 410 150 468 bere.
936 417 1018 472 cultae
1045 416 1161 484 facerint,
1188 417 1259 472 sicut
1280 417 1315 472 ab
1338 417 1466 473 Eriberto
1491 418 1577 472 bones
1603 418 1760 472 memorie

429 503 536 559 CXLIV·
934 510 1135 566 Mediolanensi
1162 511 1374 583 archiepiscopo
1401 511 1538 566 canonico
1573 511 1657 566 vobis
1689 526 1758 565 con·

72 595 221 666 Hospitalis
249 594 278 650 S.
306 596 393 652 Blasii
414 597 499 666 jueta
525 598 686 653 Modeetinm
710 603 886 670 possessiones
935 620 1012 659 cessa
1030 610 1082 671 est,
1097 612 1124 659 et
1141 604 1172 659 in
1195 605 1298 676 scripto
1319 621 1370 658 suo
1391 604 1521 674 firnrata3
1547 604 1761 676 possessiones,

401 679 551 746 mirmah
935 715 1004 769 quas
1024 698 1136 752 habetis
1159 698 1189 753 iu
1213 698 1327 754 Sacrate
1352 699 1432 754 etin
1455 699 1550 766 Serto,
1572 698 1627 770 qui
1651 697 1758 753 dicitur

333 769 483 840 (Laterani,
500 771 569 826 Νῦν·
586 772 623 841 l.)
934 791 1059 859 ioannis,
1082 792 1113 846 in
1135 791 1230 861 affori,
1247 792 1277 847 iu
1297 795 1384 848 Ponte
1408 792 1550 862 Curionis,
1569 792 1601 847 in
1626 791 1760 864 Gregon·

185 862 313 933 [GlUflNb
327 865 451 918 Μθΐῃθΐῐθ
465 863 495 918 di
507 866 621 932 Miifflw,
636 867 680 933 Vl,
697 866 769 940 bib]
935 886 1006 948 zela,
1019 885 1049 940 in
1068 885 1184 957 Arenio,
1206 887 1344 951 Pescalle‚
1369 887 1510 956 lomacio,
1530 885 1687 957 casalego,
1707 886 1760 941 Ca-

434 983 530 1039 cxtv.
933 980 1031 1050 tutata,
1047 982 1188 1046 Romano,
1202 981 1230 1035 in
1244 981 1359 1049 Quinto,
1376 981 1406 1035 in
1425 980 1520 1048 Surdi,
1540 986 1570 1035 et
1594 980 1627 1034 iu
1648 979 1759 1047 casale,

73 1077 238 1133 Menasterio
262 1076 460 1132 Mediolanensi
479 1077 575 1132 Sancti
596 1080 720 1147 Dionysii
744 1083 886 1150 confirmet
936 1073 971 1129 de
986 1074 1103 1141 Casinis,
1121 1073 1155 1128 de
1168 1074 1241 1129 Valle
1256 1075 1350 1142 Saxis,
1367 1091 1433 1130 cum
1447 1073 1583 1130 omnibus
1607 1071 1759 1144 supradie-

284 1159 374 1211 OWDM
386 1157 536 1226 mittilbuc
547 1164 573 1211 et
586 1158 664 1213 bona.
935 1167 1239 1239 erumpossessionum
1251 1168 1428 1224 libertatibus
1442 1173 1472 1223 et
1481 1166 1756 1234 consuetudinibus,

329 1253 476 1324 (laterani,
489 1256 558 1309 Nou.
575 1257 628 1326 10.)
936 1261 1007 1315 sicut
1020 1278 1068 1316 eas
1080 1261 1208 1318 cessione
1220 1278 1322 1334 regum
1338 1263 1475 1318 hacteuus
1489 1263 1589 1334 quiete
1605 1260 1755 1328 habuistis,

221 1353 379 1423 [Mumronu
394 1353 491 1423 Antiq.
507 1354 584 1416 lint,
600 1354 630 1421 V,
647 1354 736 1427 loth]
936 1359 964 1410 et
976 1354 1086 1426 praefati
1102 1355 1198 1412 Oberti
1213 1354 1418 1428 archiepiscopi
1429 1356 1538 1426 scripto
1554 1354 1640 1411 vobis
1651 1355 1755 1410 contir-

105 1459 244 1512 Annianus
257 1455 415 1527 episcopus,
431 1472 529 1511 servus
542 1472 688 1512 servorum
702 1456 764 1525 Dei,
776 1456 886 1513 dilectis
936 1453 1021 1504 mfllae
1034 1453 1110 1504 sunt·

69 1548 135 1604 filiis
158 1551 306 1605 lt'rurnaoo
325 1549 421 1604 abbati
446 1550 614 1605 monasterii
639 1551 734 1606 Sancti
759 1550 885 1622 Dionysii
970 1542 1013 1597 Ad
1038 1543 1099 1598 haec
1122 1548 1246 1614 qualum
1271 1543 1365 1599 clerici
1389 1544 1479 1616 ipsius
1503 1543 1690 1612 1¹1⁰11³⁵l²1¹fi2
1711 1544 1758 1616 (tui

69 1643 295 1711 Mediolanensis,
312 1643 430 1714 ejusque
451 1643 587 1698 fratribus
612 1647 671 1699 tam
695 1645 886 1716 praesentibus
936 1643 1001 1691 sunl
1022 1636 1057 1692 de
1082 1637 1181 1692 ordine
1208 1639 1439 1693 Dec⁰man0rum
1461 1637 1687 1694 Mediolanensis
1713 1638 1758 1693 Et·

70 1753 157 1809 quam
170 1736 283 1803 futuris,
300 1736 461 1807 regularem
473 1737 560 1791 vitam
580 1737 712 1808 professis
733 1738 762 1792 in
781 1755 882 1810 perpe·
895 1707 924 1779 Β
936 1731 1037 1794 cfesiae,
1055 1731 1090 1785 ab
1103 1730 1213 1799 abbate,
1228 1731 1278 1802 qui
1292 1747 1341 1802 pro
1351 1731 1486 1803 'tempore
1500 1731 1606 1801 fuerit,
1616 1730 1656 1785 ad
1666 1732 1754 1787 heno-

70 1836 161 1887 tuum,
936 1841 998 1879 rem
1013 1825 1061 1880 Dei
1075 1825 1105 1879 in
1118 1824 1219 1880 eadem
1232 1824 1357 1880 Ecclesia
1372 1829 1518 1897 ponantur
1528 1828 1558 1880 et
1572 1824 1755 1892 ordinentur,

104 1923 190 1978 iustis
208 1922 407 1993 religiosorum
430 1922 579 1978 desideriis
601 1923 722 1995 dignum
747 1931 790 1980 est
815 1926 883 1981 iaci·
936 1918 1019 1989 eique
1035 1925 1172 1990 tauquam
1186 1919 1258 1990 patri
1271 1924 1299 1975 et
1314 1919 1435 1975 Domino
1445 1935 1498 1974 suo
1511 1919 1687 1975 obedientes
1702 1920 1756 1975 exi-

69 2017 128 2072 lem
142 2017 270 2088 praebere
285 2032 465 2083 consensum,
478 2023 508 2072 ut
521 2016 730 2073 fidelisdevotio
743 2018 884 2075 celebrem
934 2014 1019 2078 stant,
1033 2012 1105 2067 sicut
1118 2013 1253 2067 hactenus
1262 2013 1398 2068 exstitisse
1406 2012 1599 2084 dignoscitur,
1611 2017 1642 2068 et
1651 2014 1755 2086 scripto

70 2115 261 2181 consequatur
273 2110 595 2182 effectunr.Eapropter,
607 2112 708 2167 dilecte
718 2113 747 2167 in
760 2113 884 2169 Domino
930 2105 992 2176 jam
1014 2105 1080 2160 dieti
1102 2106 1305 2177 archiepiscopi
1326 2106 1500 2162 continetur.
1522 2107 1688 2164 Statuimus
1711 2123 1756 2162 au-

68 2203 110 2259 flli
124 2204 249 2258 Wifrede
271 2203 369 2273 abbas,
385 2204 442 2259 tuis
461 2205 545 2275 justis
560 2206 800 2277 postulationibus
825 2209 884 2262 clc·
933 2201 993 2253 iem
1024 2199 1054 2252 in
1082 2199 1223 2270 proedictis
1252 2200 1377 2254 ecclesiis
1403 2202 1577 2256 Sanctorum
1607 2201 1756 2257 Laurentii

70 2302 185 2353 menter
197 2298 363 2361 annuimus,
379 2301 407 2352 et
420 2299 626 2354 monasterium
641 2299 740 2355 Sancti
748 2301 882 2373 Dionysii,
935 2295 965 2346 el
979 2291 1091 2361 Fidelis,
1109 2291 1187 2347 vobis
1202 2308 1267 2346 cum
1290 2309 1406 2349 assensu
1428 2294 1585 2349 memorati
1610 2295 1756 2367 archiepi-

70 2391 126 2459 cui,
143 2392 199 2448 Deo
212 2396 339 2458 auctore,
354 2391 498 2462 praesides,
515 2395 543 2447 et
559 2394 776 2465 predecessoris
791 2396 884 2450 nostri
934 2391 1011 2462 scopi
1034 2391 1141 2462 absque
1164 2391 1389 2447 contradictione
1410 2392 1507 2464 aliqua
1529 2409 1646 2464 ponere
1674 2393 1758 2448 liceat

68 2485 147 2541 beati
167 2485 255 2553 Petri,
282 2487 311 2539 et
333 2491 430 2541 nostra
454 2487 631 2557 protectione
653 2487 831 2560 suscipimus,
856 2496 885 2544 et
933 2485 1103 2539 sacerdotes.
1118 2486 1304 2540 Prohibemus
1323 2486 1408 2540 eliam
1432 2491 1461 2540 ut
1475 2487 1590 2541 nemini
1608 2486 1654 2541 fas
1676 2486 1716 2541 sit
1729 2487 1757 2541 iu

69 2578 220 2652 praesentis
234 2578 332 2650 scripti
352 2579 500 2651 privilegio
517 2580 741 2649 communimus,
755 2585 882 2637 statuen·
934 2578 1065 2649 parochia
1090 2578 1217 2633 suburbii
1240 2581 1330 2635 Portae
1358 2581 1452 2646 Nova,
1477 2596 1544 2650 quae
1570 2581 1661 2635 vestri
1686 2581 1758 2651 juris

72 2678 112 2729 tes
125 2678 166 2740 ut,
181 2688 366 2744 quascunque
389 2673 588 2744 possessiones,
609 2690 787 2747 quaecuuque
808 2676 884 2731 bona
933 2671 1036 2741 existit,
1050 2672 1180 2727 infirmos
1199 2672 1322 2740 visitare,
1344 2676 1472 2728 mortuos
1496 2674 1636 2745 sepelire,
1653 2677 1683 2729 ct
1704 2673 1756 2728 alia

69 2766 148 2822 idem
162 2766 368 2822 monasterium
381 2767 642 2838 impraesentiarum
659 2769 734 2839 juste
755 2776 784 2824 ct
797 2786 881 2825 cano-
933 2765 1030 2821 divina
1055 2766 1158 2833 officia,
1183 2782 1248 2838 quae
1276 2767 1312 2822 ad
1336 2766 1500 2838 parochiale
1523 2769 1575 2839 jus
1599 2767 1754 2839 pertinent,

70 2860 134 2916 nice
155 2861 291 2932 possidet,
306 2861 400 2915 autin
421 2862 552 2916 futurum
566 2863 747 2918 concessione
770 2864 881 2934 pontifl—
933 2860 1010 2914 robis
1032 2860 1138 2929 invitis,
1154 2861 1259 2931 populo
1281 2861 1433 2915 celebrare.
1448 2862 1600 2916 Praeterea
1616 2862 1755 2933 quidquid

69 2970 145 3022 cum,
160 2954 310 3026 largitione
318 2954 808 3027 regumvelprinoipum,oblatione
816 2956 884 3011 iidc-
933 2953 1101 3008 hdalbertus
1119 2953 1182 3025 jam
1202 2953 1292 3009 dictus
1311 2954 1397 3011 abbas
1411 2954 1501 3026 ipsius
1521 2956 1698 3011 monasterii
1714 2956 1755 3010 in·

12 3083 15 3087 -
69 3047 152 3115 Mum,
178 3064 229 3102 seu
258 3048 321 3102 aliis
344 3048 429 3118 justis
452 3048 553 3115 modis,
578 3053 729 3119 praestante
750 3051 1013 3148 Domino,Crasor
1025 3047 1061 3102 ab
1077 3047 1179 3102 eadem
1193 3048 1315 3103 Ecclesia
1328 3047 1424 3103 Sancti
1443 3048 1571 3120 Dionysii
1589 3067 1643 3121 per
1657 3050 1755 3105 sendi-

68 3140 176 3214 poterit
191 3140 320 3211 adipisci,
336 3141 514 3196 firmavobis
534 3142 691 3214 vestrisque
713 3144 882 3199 successori·
935 3141 1039 3209 tiones,
1067 3141 1288 3213 pignorationes,
1310 3140 1528 3212 infeudationes,
1557 3143 1754 3209 investituras,

69 3235 123 3290 bus
136 3240 165 3290 ct
181 3235 290 3290 illibata
303 3237 499 3306 permaneant.
518 3235 548 3290 ln
562 3236 663 3306 quibus
684 3236 744 3291 hcc
763 3237 885 3309 propriis
934 3234 1055 3301 libellos,
1070 3236 1316 3303 commutationes,
1333 3235 1499 3305 locationes,
1515 3253 1568 3291 seu
1590 3237 1649 3292 alio
1662 3237 1752 3309 quoli-

70 3329 205 3384 durimus
217 3328 401 3400 exprimenda
416 3328 577 3383 vocabulis:
594 3329 745 3385 Ecclesiam
753 3331 885 3387 videlicet
934 3328 983 3383 bct
1004 3329 1088 3383 modo
1113 3328 1208 3384 illicite
1221 3328 1363 3396 alienavit,
1380 3330 1492 3385 irritum
1512 3346 1577 3386 esse
1593 3347 1753 3397 censemus,

70 3422 167 3479 Sancti
181 3421 324 3477 Michaelis
342 3421 377 3477 de
398 3422 532 3485 Poseallo,
549 3421 578 3477 in
598 3440 654 3495 qua
676 3424 884 3479 monasterium
935 3426 962 3478 et
975 3422 1011 3478 ad
1026 3423 1116 3493 ipsam
1130 3423 1207 3478 Beati
1226 3422 1353 3494 Dionysii
1373 3424 1522 3479 ecclesiam
1541 3426 1701 3481 revocandi
1716 3426 1752 3480 io-

70 3516 225 3584 sletueudi,
246 3516 267 3570 si
294 3515 461 3586 expedierit,
481 3516 648 3572 facultatem
668 3517 790 3585 habetis,
814 3518 886 3574 sicut
935 3516 1072 3572 cultatem
1096 3517 1172 3572 vobis
1199 3516 1392 3584 concedimus,
1421 3517 1682 3588 quemadmodum
1707 3537 1755 3592 per

69 3609 253 3665 avenerabili
273 3610 361 3665 fratre
376 3615 473 3665 uestro
491 3609 596 3665 Oberto
615 3611 816 3666 Mediolanensi
837 3629 883 3667 ar·
936 3610 1106 3665 sententiam
1129 3610 1278 3665 consulum
1301 3610 1557 3666 Mediolanensium
1584 3629 1603 3667 a
1630 3613 1754 3669 hubaldo

70 3703 252 3775 chiopiscapo
277 3703 436 3757 rationabili
457 3703 639 3774 providentia
665 3704 743 3759 vobis
770 3722 883 3761 conces·
935 3703 1018 3759 bonae
1028 3703 1395 3775 memoriaearchiepiscopo
1408 3704 1614 3760 confirmatam
1626 3707 1753 3778 legitime

70 3813 135 3853 surn
149 3803 209 3863 est3
233 3801 322 3852 totam
345 3796 513 3868 parochiam
534 3796 662 3851 suburbii
686 3798 761 3853 illius
782 3804 884 3870 portoe,
932 3797 1091 3869 judicatum
1107 3802 1159 3853 est.
1175 3798 1249 3854 Sane
1263 3797 1407 3853 novalium
1423 3803 1599 3869 vestrorum,
1615 3817 1683 3872 quae
1698 3819 1754 3874 pre

72 3906 136 3963 qum
151 3889 254 3945 dicitur
272 3891 357 3945 Porta
378 3890 463 3956 Nora,
479 3889 552 3945 sicut
567 3906 619 3961 per
641 3891 769 3961 ejusdem
790 3893 884 3947 archi·
936 3891 1004 3963 priis
1019 3891 1152 3946 manibus
1162 3898 1212 3947 aut
1231 3891 1391 3964 sumptibus
1403 3892 1505 3960 colitis,
1521 3894 1584 3949 sive
1608 3895 1647 3950 de
1666 3895 1753 3951 nutri-

73 3982 200 4056 episcopi
214 3982 387 4039 seutentiam
404 3982 530 4054 legitime
553 3984 631 4038 vobis
648 3984 811 4055 adjudicata
823 3990 883 4041 est:
937 3986 1040 4040 mentis
1053 3990 1213 4040 vestrorum
1237 3985 1416 4054 animalium,
1431 3987 1530 4041 urrllns
1553 4004 1571 4043 a
1587 3989 1671 4045 vobis
1684 3990 1753 4046 deci-

73 4076 220 4132 ecclesiam
235 4077 345 4133 Sancto
357 4076 453 4133 Marisa
465 4077 494 4132 iu
508 4077 625 4148 Solaria,
643 4095 708 4149 quus
722 4096 798 4134 nunc
815 4079 884 4135 San·
936 4095 997 4134 mas
1011 4086 1167 4151 praesumat
1187 4078 1311 4150 exigere.
1330 4080 1460 4134 Decimus
1472 4095 1605 4153 quoque,
1622 4100 1698 4155 quas
1710 4100 1754 4138 ca-

72 4169 109 4225 eti
123 4169 224 4226 Fidelis
235 4169 358 4237 dicitur;
375 4169 524 4225 ecclesiam
537 4170 633 4226 Sancti
649 4173 886 4245 laurentiique
936 4173 1039 4228 nonice
1058 4173 1215 4244 possidetis,
1230 4172 1307 4227 vobis
1327 4173 1516 4228 nihilominus
1536 4176 1753 4232 confirmamus.

71 4270 115 4320 est
128 4263 211 4335 juxta
233 4263 350 4318 donrum
374 4264 512 4332 Tassonis,
537 4281 602 4320 eum
625 4266 760 4321 omnibus
786 4283 886 4322 earum
971 4266 1153 4322 Decernimus
1166 4283 1235 4338 ergo
1251 4270 1281 4322 ut
1294 4267 1362 4321 nulli
1378 4251 1496 4321 onruiuo
1509 4267 1670 4326 hominum
1681 4273 1758 4328 liceat

71 4357 255 4431 pertinentiis
263 4375 272 4428 3
287 4360 396 4414 curtem
410 4358 444 4413 de
457 4358 555 4415 Melete
568 4376 634 4414 cum
651 4360 741 4415 tribus
756 4361 885 4432 capellis,
937 4361 1089 4432 praefatum
1102 4362 1309 4416 monasterium
1318 4363 1424 4416 temere
1434 4361 1623 4432 perturbare,
1637 4368 1690 4420 aut
1702 4366 1759 4437 ejus

73 4451 203 4507 videlicet
231 4451 331 4508 Sancti
365 4453 561 4508 Barthdomcei
573 4493 583 4520 ,
612 4453 709 4509 Sancti
741 4444 1438 4527 Dionysii,Dpossessionesauferre,velablatas
1453 4455 1596 4525 retinere,
1615 4461 1759 4526 minuere,

73 4544 184 4602 Sanctae
203 4545 295 4601 Merite
319 4544 354 4600 de
380 4545 571 4614 sabioncello,
593 4552 620 4601 et
643 4547 753 4603 duobus
776 4549 885 4620 cestris,
936 4564 983 4603 scu
1004 4547 1178 4619 quibuslibet
1200 4547 1396 4604 vexationibus
1418 4547 1557 4619 fatigare,
1573 4551 1629 4606 sed
1653 4552 1761 4608 illibata

73 4639 179 4695 scilicet
193 4639 228 4695 de
243 4640 340 4695 Malata
352 4644 380 4694 et
393 4639 590 4696 Sabioncello:
608 4644 717 4696 curtem
733 4642 767 4699 de
781 4643 885 4711 Lierni,
936 4642 1032 4697 omnia
1047 4645 1074 4697 et
1088 4642 1201 4713 integra
1214 4646 1426 4708 conserventur,
1436 4657 1555 4713 eorum,
1565 4661 1623 4716 pro
1638 4663 1763 4719 quorum

72 4750 138 4788 cum
169 4733 278 4788 duabus
305 4733 421 4806 capellis
443 4733 521 4789 beati
545 4734 671 4790 Mauricii
699 4736 831 4792 videlicet
858 4744 887 4793 ct
937 4735 1142 4806 gubernatione
1158 4737 1188 4789 ot
1201 4734 1407 4790 sustentatione
1420 4750 1561 4792 concessa
1571 4745 1658 4809 suut,
1668 4741 1765 4796 usibus

71 4827 149 4882 beati
163 4826 309 4883 Michaelis
316 4844 325 4898 ;
341 4828 454 4883 tertiam
467 4831 579 4900 partem
592 4829 679 4884 curtis
688 4830 722 4884 de
735 4830 887 4886 Telamona
937 4829 1110 4884 omnimodis
1122 4828 1280 4900 profutura,
1293 4829 1367 4883 salva
1380 4827 1452 4883 sedis
1474 4831 1650 4900 apostolicae
1664 4843 1764 4892 aucto·

72 4937 137 4976 cum
152 4920 276 4992 decima,
293 4922 378 4993 etjus
391 4925 516 4977 vestrum
528 4923 558 4977 in
570 4922 678 4978 duabus
691 4924 887 4997 capellis,quaa
936 4923 1019 4978 ritate
1031 4928 1058 4978 ct
1071 4922 1289 4978 Mediolanensis
1302 4923 1509 4995 archicpiscopi
1534 4928 1688 4984 canonica
1703 4930 1764 5000 jos·

71 5015 101 5071 iu
128 5022 207 5072 curte
226 5016 274 5071 illa
297 5017 357 5071 sitae
380 5020 455 5084 suut,
471 5016 603 5072 videlicet
623 5019 731 5072 Sanctae
749 5018 843 5074 Mariae
860 5025 888 5075 ct
938 5016 1010 5072 titia.
1026 5017 1124 5088 Siqua
1137 5016 1226 5089 igitur
1247 5015 1274 5071 in
1299 5016 1429 5072 futurum
1449 5018 1664 5091 ecelesiastica,
1679 5040 1764 5079 secu·

72 5108 169 5167 Sancti
183 5110 305 5178 Martini,
316 5127 381 5165 curn
397 5110 528 5166 omnibus
541 5111 575 5166 ad
592 5127 639 5167 eas
652 5112 886 5185 pcrtinentibus;
937 5111 1038 5167 larisve
1052 5127 1173 5183 persona
1185 5111 1260 5166 hanc
1272 5115 1377 5166 nostre
1390 5110 1612 5168 constitutionis
1627 5117 1768 5190 pagiuam

73 5203 211 5275 capellam
234 5205 328 5261 Sancti
351 5203 462 5259 Martini
486 5203 523 5259 de
543 5205 635 5275 Gradi,
660 5220 726 5260 cum
752 5207 888 5262 omnihus
938 5207 1027 5260 sciens
1040 5209 1136 5260 contra
1150 5221 1213 5260 eam
1228 5210 1335 5261 temere
1346 5204 1442 5260 reuirc
1452 5206 1769 5277 tentareribsecundo

72 5294 134 5366 ejus
152 5297 399 5368 possessionibus5
425 5297 574 5353 ecclesiam
597 5297 674 5353 beati
693 5298 836 5356 Michaelis
852 5300 888 5357 de
937 5301 1056 5356 tertiove
1084 5299 1284 5363 commonitus,
1308 5299 1363 5354 nisi
1389 5301 1661 5372 praesumptionem
1685 5322 1769 5361 suam

71 5389 206 5459 Pescallc,
221 5406 286 5445 cum
298 5391 432 5447 omuibus
454 5391 511 5446 suis
526 5391 727 5465 pertinentiis3
746 5392 888 5450 decimam
938 5395 1025 5467 digna
1037 5393 1227 5449 satisfactione
1242 5392 1403 5461 eorrexerit,
1419 5393 1572 5464 potestatis
1585 5395 1771 5473 honorisque

72 5485 227 5552 terrarum,
242 5500 306 5556 quae
324 5490 391 5541 scrut
407 5487 490 5558 juxta
510 5487 604 5559 ipsum
619 5487 844 5558 monesterium,
858 5491 889 5544 et
938 5488 983 5544 sui
993 5487 1131 5559 dignitate
1145 5490 1249 5555 carcat,
1262 5502 1400 5559 reamque
1414 5486 1559 5544 sedirino
1575 5489 1696 5561 judicio
1714 5494 1773 5550 exi·

72 5576 185 5634 Marum
206 5579 360 5649 terrarum,
376 5595 441 5654 quae
464 5585 530 5635 sunt
553 5580 659 5638 circum
681 5582 790 5639 flumen
809 5581 886 5640 Sevi·
938 5585 1012 5639 stare
1027 5581 1063 5639 de
1078 5583 1245 5654 perpetrata
1263 5579 1413 5653 iniquitate
1424 5590 1598 5655 eognoscat,
1613 5588 1647 5643 et
1660 5602 1680 5643 a
1692 5603 1773 5645 saue·

6 5670 10 5675 '
71 5687 138 5729 sum
156 5671 224 5729 hinc
244 5677 332 5746 atque
352 5672 420 5731 iuda
436 5675 466 5731 iu
481 5675 614 5733 omuibus
632 5676 816 5749 pertiuentiis
835 5677 886 5734 ho·
938 5676 1047 5733 tissime
1073 5692 1192 5748 corpore
1217 5691 1251 5732 ac
1273 5673 1413 5748 sanguiue
1440 5674 1491 5732 Dei
1515 5678 1549 5732 ct
1571 5678 1695 5739 Domini
1714 5684 1770 5741 lte-

61 5764 179 5825 minum
192 5766 389 5827 habitantium
403 5767 434 5826 in
446 5770 542 5842 Porta,
556 5784 620 5844 qum
638 5770 743 5827 dicitur
757 5770 843 5841 More,
858 5775 888 5829 at
938 5769 1096 5845 demptoris
1109 5768 1199 5826 nostri
1228 5770 1295 5827 teau
1306 5766 1412 5827 Christi
1429 5767 1528 5829 ahena
1544 5768 1613 5845 flet,
1626 5778 1722 5851 atque
1739 5776 1771 5835 iu
