3750 6046
89 214 142 270 899
791 212 952 278 nubente!
973 221 1103 281 strutus

87 342 183 404 classi,
197 346 221 395 et
240 339 382 396 Srarrxsno
402 341 494 397 comiti
515 340 653 407 llos-ttoni,
668 349 692 399 et
712 345 857 403 Roaacaro
872 348 905 402 de
914 363 944 434 Α
957 349 1030 399 bade
1044 349 1208 401 tnuatents
1223 350 1289 403 botes·
1300 350 1328 415 a't
1337 352 1430 417 postor
1440 349 1528 403 omlis.

87 437 178 503 lloqa,
196 440 223 489 ct
246 436 369 489 carnibus
391 436 538 491 baronibus
563 444 587 491 et
611 439 735 508 fidelibus
752 443 807 495 suis
833 443 902 496 Nor·
953 420 1578 557 g:gg?“ggwffie‘g'ffgcaemmm

87 531 216 589 mmm·
231 529 355 585 salutem·
953 561 1069 625 simplem
1080 567 1105 613 et
1117 562 1209 623 duricia,
1224 564 1372 628 studiisque
1387 566 1473 616 niteas
1488 564 1629 623 bonitatis,

121 622 221 678 Scintis
247 639 289 677 me
310 623 414 678 dedisse
438 624 559 681 Gttnrino
579 624 674 680 abbati
696 632 722 680 et
746 630 904 684 concessisse
954 632 1021 692 (tuoe
1033 633 1134 683 mortuil
1150 634 1242 691 uerbis.
1260 636 1384 698 enuptio
1396 634 1596 700 proluitelmis.

87 715 226 771 abbatiam
245 718 342 774 Sam,-
353 717 466 785 Egmqp,
483 720 517 771 Eg
530 718 589 772 „010
610 723 634 773 εἰ
651 722 778 791 prm-pio
789 723 904 789 firmite,
952 705 1072 768 Dareique
1083 704 1300 767 conlectsuseaio,
1315 708 1394 757 terris
1405 720 1452 757 suc
1467 706 1584 757 membru

86 814 118 865 ut
132 810 233 865 bearet
247 813 275 864 in
296 826 363 879 poce
376 816 402 863 et
425 811 514 879 quieto
528 816 553 865 ct
570 810 712 881 honorifice
729 820 827 879 tenerit,
843 830 903 870 oum
952 776 1509 914 mffig'cfflssf,‘ff¹ssfe”{gssf‘dsszgfffi'a
1524 850 1601 901 qum-3·

87 905 202 960 ecclesiis
222 907 247 959 et
270 905 379 958 decimis
400 908 427 958 et
449 906 528 959 terris
548 910 574 959 et
595 921 701 961 nemore
724 912 749 962 et
771 908 855 977 plano
878 912 903 963 et
953 919 1029 968 Pacis
1044 925 1150 970 amator
1162 925 1239 983 erat;
1254 935 1408 984 rogauero
1422 922 1664 987 tnpmequteecatt
1678 924 1767 975 Amen.

87 998 209 1053 omnibns
224 999 304 1053 rebus
320 999 385 1059 sien,
403 998 475 1053 sicrd
492 1014 614 1068 unquam
634 1000 737 1070 aliquas
754 1006 902 1057 antecesso-

85 1108 147 1145 rum
176 1107 285 1146 suorum
315 1091 411 1145 melius
437 1097 462 1146 et
486 1094 606 1161 quietius
631 1098 656 1149 et
681 1095 899 1164 bonomficmtius

85 1187 183 1239 tensuit.
206 1185 328 1240 Testibus
349 1185 487 1247 turstino,
508 1187 706 1258 archiepiscopo
730 1188 901 1252 Eboracum,
987 1184 1068 1235 narro
1082 1181 1118 1236 ab
1132 1183 1330 1238 iucarnationis
1345 1182 1455 1238 Domini
1473 1186 1549 1251 liii,
1565 1182 1764 1251 indictiones,

85 1284 111 1333 ot
127 1279 268 1335 &uillelmo
281 1278 314 1333 tle
327 1278 542 1341 Tancnrde’oilla,
558 1286 584 1334 et
598 1282 741 1337 uuillelmi)
753 1282 786 1337 de
803 1283 900 1338 Albin.
952 1272 1055 1329 iterum
1071 1276 1256 1346 malignitatis
1265 1276 1367 1348 spiritu
1379 1277 1517 1332 redivivus
1528 1277 1674 1333 bellorum
1687 1277 1767 1332 turbo

86 1374 155 1427 acio.
952 1368 1088 1437 exoritur,
1099 1373 1128 1423 et
1137 1369 1379 1425 resaaiscsedibus
1389 1370 1708 1442 bestialiterexagitatis
1716 1370 1765 1427 hu·

121 1465 205 1537 Apud
219 1466 377 1522 Eboracum,
952 1477 1053 1516 mirans
1066 1479 1150 1517 cruor
1165 1462 1299 1519 flebiliter
1310 1463 1473 1520 effunditur.
1491 1464 1620 1520 Pessima
1633 1464 1766 1535 Erynais,

121 1558 262 1614 Guarinus
292 1559 396 1632 itaque,
430 1560 544 1616 sublimi
575 1562 745 1617 auctoritate
776 1564 901 1634 potentis
952 1555 1064 1610 incauta
1077 1556 1129 1610 sibi
1142 1557 1208 1612 sede
1223 1557 1251 1612 ia
1264 1557 1599 1629 cordibaspcslileatnm,
1611 1557 1767 1613 debaccha-

84 1652 248 1724 sceptrigea'
264 1654 471 1721 corroboratas,
486 1655 514 1709 in
528 1655 735 1711 Normonuiam
750 1657 897 1724 remearit,
951 1652 1006 1715 tur,
1024 1653 1052 1705 ct
1066 1666 1162 1704 rursus
1177 1650 1311 1706 homines
1324 1651 1353 1706 ia
1365 1652 1595 1723 suisaoramqne
1608 1651 1766 1723 perniciem

84 1746 367 1818 Quadragesimalem
381 1746 588 1803 observantiam
605 1749 817 1804 cumfratribus
832 1766 897 1822 per·
909 1729 937 1801 Β
950 1742 1096 1814 insurgere
1111 1743 1234 1799 intendit
1247 1747 1276 1799 et
1291 1745 1432 1801 bortatur.
1450 1745 1572 1816 lnquieti
1594 1746 1676 1800 caim
1697 1761 1766 1817 pace

86 1840 155 1911 egit,
179 1843 208 1894 et
232 1840 260 1894 in
284 1840 330 1895 die
355 1840 510 1897 flaminica
535 1843 715 1897 Asccaslonis
738 1860 755 1896 a
778 1844 899 1911 tannae,
951 1838 1104 1908 populique
1114 1837 1208 1908 quiete
1217 1837 1433 1903 coustristaatur,
1444 1844 1472 1892 et
1488 1838 1551 1910 ipsi,
1564 1838 1764 1894 dumalioruxa

85 1933 222 2004 episcopo
238 1934 361 2001 Lexovii,
376 1934 606 1990 benedictionem
621 1937 737 2007 recepit,
754 1938 900 1992 alexiade
951 1931 1041 1985 fastus
1057 1931 1232 2001 pessundare
1245 1939 1392 2000 coxxaatur,
1411 1932 1490 2004 justo
1504 1931 1554 1987 Dei
1570 1932 1694 2002 judicio,
1709 1934 1767 1988 suis

87 2027 202 2082 labores
217 2032 246 2082 et
265 2027 378 2084 dolores
393 2030 541 2100 pastoralis
556 2046 632 2085 curre
646 2031 756 2101 perpeti
772 2030 899 2086 edidicit.
950 2024 1117 2095 pierumque
1140 2025 1291 2080 missilibus
1311 2033 1477 2081 enecantur·
1492 2027 1561 2080 Vere
1576 2026 1644 2081 caeei
1667 2030 1698 2081 et
1720 2042 1764 2082 te·

88 2120 119 2174 la
138 2120 238 2191 prinus
256 2121 301 2192 pie
317 2120 477 2176 laridandus
491 2122 624 2194 estquod
639 2124 793 2178 venerabili
807 2125 899 2195 ltoge-
950 2117 1049 2173 cordes
1063 2124 1129 2173 sunt
1141 2119 1189 2189 qui
1202 2119 1278 2174 bella
1291 2120 1318 2173 ia
1333 2135 1403 2190 pace
1413 2120 1542 2192 cupiunt,
1554 2121 1604 2191 qui
1619 2121 1766 2176 miseriam

86 2214 131 2270 rio
150 2214 210 2269 seni
229 2214 390 2287 benigniter
411 2216 533 2283 servivit,
553 2216 637 2289 eique
658 2234 709 2289 per
721 2221 777 2272 tres
799 2233 899 2286 aaaos,
950 2211 979 2266 in
995 2212 1169 2267 beatitudine
1184 2219 1216 2267 ut
1230 2213 1328 2268 sitiens
1348 2218 1446 2284 potum
1467 2214 1650 2286 perquirunt,
1665 2218 1697 2269 et
1715 2215 1764 2269 bo·

87 2308 191 2381 quibas
214 2308 397 2379 postmodum
419 2310 584 2380 supervixit,
603 2311 633 2366 iu
648 2312 765 2378 curretis,
779 2315 812 2366 ut
825 2312 899 2384 patri
950 2322 1030 2373 nurus,
1047 2305 1174 2377 spxaxrdiu
1193 2306 1356 2372 habuerint,
1370 2307 1439 2378 quid
1458 2307 1495 2361 sit
1513 2307 1663 2375 aesciuat;
1688 2309 1765 2380 quod

86 2402 161 2457 lilius
174 2405 203 2456 et
212 2402 349 2474 magistro
363 2403 527 2474 discipulus,
544 2404 756 2459 obsecundarit.
772 2405 898 2460 Mansue-
950 2416 1013 2455 curui
1027 2400 1165 2468 arraserit,
1176 2417 1358 2471 summopere
1371 2401 1537 2471 requiruat3
1551 2401 1614 2467 sed,
1627 2404 1766 2458 aerumnis

86 2501 133 2551 tus
155 2496 233 2550 enim
247 2511 331 2551 serucx
347 2496 375 2551 ia
396 2514 509 2552 camera
530 2514 591 2567 sna,
607 2500 637 2552 nt
650 2497 760 2569 pridem
781 2498 898 2566 solebat,
949 2494 1055 2560 aillicti,
1077 2494 1253 2565 expiscantes
1277 2494 1401 2565 reperire
1426 2500 1584 2566 nequeunt.
1609 2496 1691 2551 Unde
1714 2512 1765 2567 pro

86 2588 202 2661 psalmis
222 2591 252 2645 et
273 2589 455 2659 orationibus,
474 2591 584 2662 piisque
603 2591 752 2662 colloquiis
771 2592 898 2647 vacabat.
949 2587 1161 2658 irrecuperabili
1185 2588 1290 2643 damno
1310 2588 1445 2659 lugubres
1461 2589 1543 2655 lium,
1556 2592 1585 2643 cl
1602 2588 1765 2645 inconsola-

1 2725 3 2730 .
87 2683 223 2738 idoneum
241 2683 417 2739 secerdotum
433 2684 486 2739 sibi
499 2684 675 2755 capellanum
691 2688 721 2739 ct
735 2685 900 2740 contabula-
949 2680 1044 2735 bilitcr
1057 2681 1178 2736 llcbunt.

14 2825 19 2833 .
86 2780 176 2832 torem
192 2776 323 2845 habebat,
340 2793 428 2849 aquo
445 2777 570 2844 arissam,
588 2777 771 2848 officiumque
786 2779 900 2833 canoni·
984 2775 1079 2829 Plures
1101 2776 1208 2847 itaque,
1231 2780 1380 2830 cernentes
1403 2775 1480 2847 quod
1503 2776 1652 2847 legitimus
1674 2777 1766 2833 haeres

84 2886 150 2926 cam
171 2871 198 2925 ia
224 2871 350 2926 oratorio
372 2870 467 2925 Sancti
489 2871 599 2925 Martini
619 2870 765 2939 audiebat,
785 2876 813 2926 ct
832 2889 898 2927 cam
950 2868 1060 2925 llcurici
1084 2870 1159 2941 regis
1180 2869 1354 2936 occubuerit,
1378 2872 1407 2923 et
1429 2870 1490 2940 ipse
1511 2886 1571 2938 rex,
1593 2869 1625 2923 ia
1648 2871 1765 2926 scnium

84 2981 141 3036 quo
169 2965 204 3020 de
231 2964 354 3035 mysticis
381 2964 594 3034 Scriptura1·um
621 2964 830 3035 anigmatibus,
857 2967 898 3020 rol
950 2979 1077 3032 vergens,
1090 2963 1216 3032 legitima
1229 2962 1309 3033 prole
1323 2962 1457 3032 caruerit,
1467 2962 1765 3035 Guillclmum,aepo

84 3062 298 3130 syntagmatum
324 3058 453 3125 floribus,
479 3058 680 3129 interrogando
708 3058 750 3113 rel
778 3075 897 3130 respon·
949 3057 1092 3127 tearcjus,
1110 3058 1170 3110 toto
1191 3071 1290 3110 amore
1314 3056 1596 3127 complectuntur,et
1616 3056 1762 3128 adipsum

84 3151 187 3220 dendo,
205 3151 353 3206 tractabat.
369 3153 400 3206 El
415 3151 481 3223 quia
496 3151 606 3221 pondus
626 3151 799 3206 exteriorum
813 3169 896 3207 cura·
949 3149 1163 3204 sublimandum
1188 3150 1254 3205 totis
1274 3150 1383 3204 nisibus
1402 3156 1617 3206 conuertuntur.
1633 3152 1696 3223 lpse
1717 3168 1766 3207 rex

83 3261 148 3300 rum
162 3244 336 3317 sempersibi
351 3245 468 3300 noxiam
479 3244 698 3316 etimporlabile
709 3246 897 3316 judicaverat,
948 3244 1021 3299 lilios
1047 3244 1193 3311 liodberti,
1222 3243 1332 3298 comitis
1358 3244 1503 3311 ltettean,
1529 3260 1614 3315 quem
1639 3245 1764 3301 multum

4 3328 11 3343 '
83 3354 159 3393 anae
190 3338 342 3392 salubriter
374 3342 404 3393 at
427 3338 583 3393 honorilice
610 3337 685 3393 lilscr
709 3339 766 3394 ileo
794 3340 898 3410 gratias
949 3336 1086 3392 dilexerat
1100 3343 1127 3392 el
1148 3353 1235 3408 aquo
1251 3338 1312 3409 ipse
1325 3337 1353 3392 ia
1374 3337 1532 3409 primordio
1550 3339 1632 3409 regui
1652 3340 1697 3393 sui
1712 3339 1763 3395 ad-

83 3432 198 3504 agebat,
213 3439 242 3486 et
255 3437 361 3503 quanto
376 3432 501 3495 liberior,
516 3435 595 3487 tacito
606 3432 743 3500 securior,
757 3448 898 3504 supremoe
949 3432 1067 3488 aradum
1085 3431 1200 3502 adjutus
1217 3437 1245 3486 ct
1261 3431 1420 3487 consolatus
1443 3431 1545 3499 isserat,
1560 3436 1763 3504 postmortem

82 3512 137 3581 dici
152 3528 259 3581 metam
274 3526 402 3598 gaudeus
414 3526 608 3597 exspectabat.
949 3526 1036 3596 patris
1055 3532 1084 3579 at
1100 3527 1245 3597 propriam
1267 3526 1395 3581 sobolem
1409 3526 1531 3581 dulciter
1551 3526 1695 3596 educavit,
1711 3544 1761 3600 ge·

117 3619 243 3675 laudem
266 3637 342 3676 antro
369 3620 522 3675 [lominica
537 3619 741 3676 incarnationis
760 3624 836 3688 trab,
854 3621 896 3675 ia·
948 3619 1089 3690 asinisque
1114 3619 1344 3691 pubescentibus,
1357 3620 1537 3675 Gualeranuo
1559 3623 1589 3675 et
1607 3620 1760 3687 liudberto,

82 3713 208 3769 dictione
222 3730 259 3781 xv,
274 3714 411 3786 paulatus
425 3713 522 3769 senior
541 3714 654 3785 gravius
675 3714 758 3768 solito
772 3721 898 3785 aegrota·
948 3729 1029 3768 arma
1048 3713 1184 3767 militaria
1205 3713 1293 3768 dedit.
1320 3713 1515 3769 Gualerannus
1538 3713 1646 3786 quippe
1670 3721 1763 3771 tolum

81 3807 131 3876 uit,
155 3807 274 3879 oleoque
296 3824 376 3862 sacro
402 3811 565 3878 perunctus,
587 3806 706 3878 aliisque
731 3808 812 3863 rebus
834 3825 897 3879 quac
947 3808 1017 3862 citra
1033 3823 1110 3861 arare
1127 3807 1250 3878 possedit
1264 3807 1405 3878 patrissui
1419 3808 1644 3879 patrimonium
1660 3808 1761 3864 ineat·

82 3918 163 3956 servo
172 3901 219 3956 Dei
229 3902 410 3972 competunt,
423 3900 545 3971 pleniter
556 3899 685 3971 expletis,
697 3901 897 3957 iduslaanarii
948 3901 985 3955 lia
1008 3901 1113 3956 scilicet
1134 3900 1257 3955 bellenti
1280 3902 1467 3968 consulatum,
1492 3901 1520 3956 iu
1540 3902 1671 3957 Naustria
1692 3919 1760 3958 vero

82 3993 225 4066 migrauit.
242 3993 400 4064 Discipulos
412 3998 440 4048 el
460 4010 605 4049 srrccessor
617 3994 754 4049 didascali
772 3994 897 4051 animam
947 3995 1214 4060 bellum-blomans,
1246 3994 1328 4066 eique
1359 3995 1505 4066 subjaceas
1541 3995 1760 4067 patrimonium.

83 4087 139 4143 [teo
162 4103 227 4141 cum
251 4086 310 4140 suis
333 4086 532 4141 consodalibus
553 4087 774 4154 commendarit,
799 4092 828 4143 et
849 4106 895 4145 so·
948 4091 1034 4144 Porro
1047 4089 1134 4143 irater
1155 4089 1217 4159 ejus
1238 4087 1407 4158 Radbertus,
1424 4089 1453 4142 ia
1469 4088 1571 4161 anglia
1592 4091 1761 4147 comitatum

80 4181 190 4236 lemnes
205 4180 354 4251 exsequias
369 4180 421 4234 rite
437 4180 597 4235 celebravit.
614 4182 750 4252 Sequenti
765 4198 832 4236 vero
849 4182 896 4238 die
947 4184 1136 4255 legrecestrae
1159 4182 1277 4250 lrabuit3
1297 4183 1342 4236 cui
1363 4200 1411 4238 rex
1428 4183 1579 4251 Amisiam,
1594 4184 1706 4239 ltadnlli
1725 4185 1759 4240 de

80 4290 184 4347 corpus
199 4273 260 4345 ejus
273 4273 302 4329 in
316 4274 469 4345 capitulum
487 4274 613 4329 delatnm
635 4276 688 4336 est,
703 4274 798 4348 ibique
817 4293 897 4332 mens
946 4278 1061 4332 Garadcr
1073 4276 1171 4344 liliam,
1188 4293 1251 4348 quse
1268 4277 1419 4343 iticirardo,
1438 4277 1495 4332 lilio
1512 4277 1584 4348 ejus,
1598 4284 1682 4350 pacta
1695 4278 1757 4333 iue-

80 4366 238 4424 Osbcranm
251 4366 383 4423 abbatem
398 4371 562 4423 reverenter
577 4368 749 4423 tumulatum
764 4372 817 4426 est.
826 4373 894 4426 Ver·
947 4376 998 4438 rat,
1016 4371 1143 4438 donavit,
1155 4374 1184 4425 et
1198 4370 1346 4427 Britolinm
1358 4388 1423 4425 cum
1437 4370 1650 4442 subjacentibus
1662 4372 1760 4428 itandis

81 4460 158 4517 sibus
172 4460 343 4517 hexametris
355 4460 501 4532 epilogum
515 4461 629 4517 breuem
645 4478 730 4534 super
742 4463 790 4519 illo
808 4464 894 4535 edidi,
906 4469 935 4542 1)
946 4466 1056 4536 adjecit.

79 4555 110 4612 la
124 4572 182 4628 quo
203 4556 267 4627 plus
280 4554 392 4610 veritati
406 4572 492 4628 quam
514 4556 663 4612 concinam
678 4557 825 4612 sonoritati
848 4558 892 4612 ia·
980 4559 1055 4614 idem
1072 4576 1120 4614 rex
1145 4560 1319 4627 bathildem,
1334 4576 1439 4614 autrum
1453 4575 1546 4628 suant,
1562 4575 1627 4614 oum
1646 4576 1759 4616 samma

79 4649 198 4705 tendere
220 4649 316 4704 aritini.
337 4649 465 4720 Benigno
487 4666 601 4722 quoque
616 4650 752 4706 Salvatori
775 4668 826 4722 pro
847 4652 894 4708 illo
944 4653 1094 4709 dulcedine
1107 4654 1203 4717 coluit,
1221 4657 1250 4708 et
1264 4654 1293 4709 iu
1307 4653 1420 4726 anglia,
1433 4654 1560 4725 quaudiu
1580 4655 1642 4726 ipsa
1661 4655 1757 4721 uoluit,

80 4743 119 4799 sic
132 4743 255 4812 orando,
269 4747 297 4799 ct
309 4744 385 4799 bona
401 4743 537 4799 divinitus
551 4744 589 4798 illi
606 4744 711 4799 inserta
732 4746 891 4816 recolendo,
944 4765 1009 4803 cnm
1022 4749 1131 4803 horrare
1153 4748 1277 4802 maximo
1292 4748 1421 4802 detinuit.
1436 4749 1553 4815 Veram,
1568 4756 1631 4818 post
1651 4750 1760 4823 aliquot

80 4838 177 4894 eliardi.
943 4859 1042 4908 aruaos,
1058 4842 1119 4912 ipsa
1133 4846 1262 4912 paccatas
1277 4858 1342 4896 suos
1360 4842 1457 4896 videre
1468 4843 1644 4909 desiderans,
1660 4846 1756 4900 Aude-

78 4930 177 4989 llttem,
189 4930 375 4995 mansumque
390 4931 504 4982 Patrem.
517 4943 565 4980 rec
578 4928 689 4995 Christe,
705 4934 830 4998 ltoqerum
944 4952 1043 5007 gavcm
1059 4934 1139 4999 adiit,
1154 4935 1260 5006 ibique,
1276 4935 1377 4989 natalis
1393 4936 1445 4989 soli
1461 4952 1557 4990 eruore
1569 4936 1686 5003 inerma,
1704 4938 1756 4991 ali·

78 5000 725 5138 {21:¹2'd'grn'zsi'er10vffhf‘zfffif'gizitfgaffegfflg‘'
944 5028 1113 5101 quantulum
1142 5028 1251 5099 deguit.
1280 5028 1416 5095 Tandem,
1442 5028 1576 5083 instinctu
1604 5030 1757 5099 Goislredi,

79 5142 248 5208 lequeeeqoi
262 5144 364 5193 studuit
376 5156 424 5206 per
437 5144 486 5191 iter
498 5143 606 5195 otrttttis
617 5144 736 5194 comtos.
943 5123 1121 5177 ⁴3⁸i¹¹⁰i⁸¹¹⁵i⁵
1137 5122 1272 5194 ⁰Pi⁵⁰⁰lib
1287 5126 1350 5193 l¹⁰Si
1371 5124 1469 5178 decem
1492 5139 1583 5177 ⁸⁰¹¹⁰⁸
1601 5123 1757 5195 d¹³⁵i‘0issss·

110 5216 304 5278 Gereonesque
316 5219 393 5278 pater
407 5212 448 5262 itti
462 5212 523 5274 lectt.
540 5214 684 5278 tarneque
697 5220 792 5275 mester,
943 5215 1026 5270 tionis
1045 5232 1104 5269 sirm
1125 5216 1260 5270 sacculum
1282 5215 1410 5287 reliquit,
1426 5221 1455 5272 ct
1477 5216 1705 5272 sanctimonialis
1728 5219 1757 5275 iu

76 5286 108 5336 ¹⁸⁸
125 5283 220 5348 iusim
230 5285 337 5365 imm
350 5282 558 5363 ''mr'‘minb‘ir’
573 5288 598 5332 ‘i
614 5285 691 5336 ‘mm
706 5286 834 5350 amisum·
943 5309 1071 5364 cseaobio
1088 5309 1307 5365 fontis-Ebraldi
1320 5311 1427 5365 coelesti
1442 5327 1547 5382 sponso
1562 5310 1652 5366 libera
1664 5312 1756 5367 inbre·

77 5354 213 5418 Presbyter
225 5359 368 5405 instructus
383 5354 542 5404 documentis
557 5354 627 5406 uttro
642 5356 767 5418 ltoqerue,

76 5428 285 5488 mmmm
297 5424 362 5475 alm,
376 5423 524 5475 ,nomam
531 5426 628 5489 joquas
642 5426 781 5477 [semp-,qq
944 5409 985 5459 ret
1007 5420 1040 5459 ac
1062 5403 1193 5458 descruit.
1211 5404 1283 5471 ttae,
1306 5406 1336 5458 ut
1356 5404 1462 5460 dictum
1486 5410 1538 5471 est,
1552 5404 1705 5474 duodenis,
1727 5408 1759 5461 at

75 5499 160 5549 liutto
171 5494 217 5545 diu
232 5508 318 5547 mores
328 5496 385 5561 qais
401 5495 515 5560 presedit
528 5494 658 5557 leonastes,
943 5513 1018 5564 reor,
1039 5496 1249 5552 adolescentulo
1272 5497 1302 5552 ia
1327 5500 1424 5553 memte
1449 5498 1555 5570 nupsit,
1576 5504 1606 5554 et
1626 5496 1759 5557 noudum

64 5568 134 5685 ,ΞΜ
146 5568 242 5617 ''wrm''
252 5566 331 5618 '⁰⁶⁵⁶‘
343 5567 464 5631 mimi
479 5572 598 5649 mimi
612 5567 703 5651 “bisti
943 5606 989 5645 sex
1003 5590 1150 5646 mensibus
1163 5590 1295 5663 expletis,
1309 5590 1448 5647 imberbis
1468 5591 1587 5647 maritus
1607 5592 1758 5665 naufragio

103 5635 187 5686 esula
195 5650 262 5687 naen
267 5636 344 5701 sacto
353 5637 466 5689 serrone
477 5638 632 5701 Solonius,
648 5646 696 5693 sete

51 5704 405 5775 eoemq¹,a„cq,⁴7,9,·„„„
418 5712 538 5778 ,mmm
550 5712 667 5779 mm·
945 5684 1041 5759 periit.
1053 5684 1213 5742 Maenalus
1222 5701 1289 5741 rara
1304 5685 1451 5740 uexillum
1466 5684 1549 5757 qnasi
1566 5684 1657 5743 tiliam
1673 5702 1757 5745 suem

32 5771 189 5841 onmem
197 5779 320 5834 umes
337 5781 493 5838 amoenus
509 5783 579 5841 tene
587 5786 688 5857 deruit
708 5788 801 5851 aneis,
953 5778 1107 5851 ananim,
1129 5792 1255 5851 eamque
1275 5776 1386 5832 teubas
1402 5789 1498 5846 peaes
1515 5790 1549 5828 sa
1565 5776 1772 5845 suffixam

1030 1055 1106 1111 lillli.
1122 1058 1204 1112 Nona
1216 1060 1246 1111 in
1258 1060 1402 1113 Heracleum
1418 1074 1505 1128 reqem
1518 1057 1688 1114 rebelliores.
