3750 6046
63 194 118 254 5811
148 186 151 191 ’
475 194 632 257 HISTORIA
652 192 916 259 accumulatius.
932 227 965 243 -
978 198 1064 259 PARS
1082 194 1252 259 ln.-1.tu.
1272 197 1338 259 vm.
1694 202 1745 263 ssa

63 322 167 393 lelmo,
181 336 287 395 magno
306 337 374 397 rege
393 323 561 397 anglorum.
581 326 638 382 lloc
661 326 801 384 liobertus
823 327 1082 424 duxAtitudinem
1113 328 1218 398 nobis,
1256 334 1284 386 et
1316 345 1367 386 nos
1399 329 1455 386 tuis
1485 329 1748 404 obtemperabimus

64 418 100 471 nt
119 416 281 489 comperiit,
301 416 410 490 legatos
432 421 461 474 et
480 418 584 474 exenia
606 418 732 490 Fulconi,
751 420 881 493 Andaga·
926 422 1057 494 jussis.»

64 524 171 566 vorum
187 512 320 582 satrapa,
336 510 507 580 destinavit3
530 512 633 568 obnixe
654 528 757 585 rogans
776 520 807 568 ut
827 514 880 571 Ce-
966 515 1028 572 ltux
1051 519 1160 583 autem,
1183 516 1349 589 hujusmodi
1370 517 1555 590 responsione
1576 517 1685 589 audita,
1711 536 1744 575 ex

62 618 228 660 nomenuos
248 620 265 660 a
285 605 443 662 temerario
467 621 538 662 ausu
564 610 767 679 compesceret,
789 623 821 663 ac
850 608 880 664 in
929 609 1061 666 consultu
1075 609 1237 682 sapientum
1249 609 1376 666 decrevit
1396 610 1463 668 dare
1485 611 1608 681 minora,
1631 628 1667 669 ne
1680 628 1747 686 per·

59 696 268 754 Nor-manniam
288 698 324 753 ad
347 714 377 754 00
398 699 524 770 graviter
544 706 733 772 aegrotantem
758 701 879 758 veniret.
930 702 1011 758 deret
1023 702 1143 774 majora.
1156 703 1235 758 Tune
1250 704 1376 775 Edgarus
1396 703 1586 772 11011000,οῑ
1606 704 1745 762 ltobertus

58 792 94 844 et
108 790 156 847 ille
169 789 328 847 obsecranti
343 791 465 848 libenter
477 793 629 866 acquievit,
643 795 803 868 ducemque
813 795 877 866 jam
929 795 1127 865 belesmensis,
1152 798 1239 868 atque
1264 796 1429 853 Guillelmus
1454 797 1490 853 de
1513 797 1624 866 Arabis,
1649 814 1745 854 mone-

56 882 304 940 convalescentem
317 884 446 957 reperiit.
459 887 523 941 Post
536 886 662 958 plurima
677 887 755 959 pacis
769 888 879 944 010101-
928 889 999 943 chus
1017 888 1212 957 llolismeusis,
1230 889 1369 962 precipui
1387 889 1467 946 ducis
1485 889 1641 947 consiliarii
1653 896 1744 948 amnt.
1798 898 1801 903 '

59 975 137 1032 eitioe
156 976 311 1049 colloquia,
331 977 417 1034 l'ulco
439 994 535 1035 comes
557 979 629 1036 dixit
649 979 715 1036 duci
733 981 877 1037 lieberto:
928 980 1070 1036 Guillelmi
1098 996 1168 1053 ergo
1195 981 1394 1053 llbroicensis,
1422 987 1451 1039 01
1474 983 1618 1039 Guillolmi
1645 986 1742 1041 Broto-

62 1091 77 1120 «
91 1069 123 1126 si
138 1069 211 1125 mihi
227 1085 314 1141 quam
327 1071 409 1127 valde
422 1071 505 1143 cupio
520 1087 582 1127 rem
599 1072 698 1130 leceris
716 1089 812 1142 uuam,
826 1076 878 1131 Ce-
929 1073 1026 1129 liensis
1049 1075 1161 1146 nepotis
1184 1076 1245 1147 ejus
1264 1075 1450 1148 petitionibus
1473 1076 1528 1131 dux
1550 1077 1700 1149 acquievit,
1716 1085 1745 1134 et

61 1178 228 1220 nomannoe
246 1163 471 1236 tibisubjieiem,
488 1169 517 1221 01
534 1165 757 1238 omnitempore
777 1166 829 1222 tibi
850 1172 881 1223 ut
928 1166 1136 1240 prenominata
1157 1184 1222 1223 curu
1245 1168 1397 1225 territoriis
1415 1168 1481 1240 {suis
1503 1170 1608 1241 oppida
1633 1170 1744 1241 tribuit,

60 1258 175 1313 amicus
186 1255 312 1313 fideliter
329 1257 461 1315 serviam.
473 1260 546 1314 Arno
564 1259 740 1330 bertradam,
754 1259 879 1317 sobolem
929 1265 1035 1333 praeter
1056 1261 1213 1330 Scoceium,
1227 1262 1302 1335 quod
1324 1262 1457 1318 Girardus
1477 1262 1513 1319 de
1531 1265 1657 1320 Gornaco
1676 1279 1742 1335 pos·

61 1350 195 1407 Simonis
208 1352 244 1408 de
257 1351 427 1420 llonteiorti,
442 1357 560 1425 neptem
580 1353 687 1409 scilicet
704 1353 879 1411 Ebroicensis
928 1353 1047 1423 sidebat‚
1061 1355 1110 1425 qni
1136 1355 1171 1410 de
1189 1355 1289 1411 eadem
1311 1356 1461 1427 parentela
1481 1355 1634 1427 prodierat.
1658 1356 1745 1412 Filius

62 1444 181 1500 comitis
195 1444 349 1510 Guillelmi,
366 1460 453 1517 qurum
471 1445 597 1502 llelvissa
615 1447 759 1503 comitissa
777 1448 877 1516 nutrit,
928 1446 1004 1504 enim
1017 1446 1135 1514 Basilius,
1150 1447 1261 1503 Girardi
1280 1448 1399 1504 Fleitelli
1420 1448 1495 1518 tiliae,
1513 1453 1583 1517 erat,
1599 1453 1744 1522 tantaque

55 1542 92 1594 et
116 1554 169 1593 sua
193 1538 246 1594 sub
267 1539 359 1594 101010
381 1538 513 1594 custodit.
536 1540 611 1595 11000
633 1540 703 1595 mihi
725 1541 879 1613 conjugem
927 1540 1072 1612 potentias,
1087 1541 1133 1595 cui
1147 1557 1232 1597 nemo
1247 1540 1307 1596 vim
1320 1541 1426 1598 inferre
1439 1546 1560 1613 poterat.

61 1631 155 1702 trade,
177 1631 314 1703 obsecro3
335 1635 364 1687 et
386 1648 509 1704 quaque
526 1632 577 1688 tibi
600 1633 707 1706 pegigi,
721 1634 846 1690 servabo.
862 1655 876 1684 o
965 1633 1070 1690 Deinde
1082 1632 1294 1706 andegavensis
1308 1634 1406 1690 consul
1420 1635 1602 1707 concupitam
1616 1636 1741 1707 puellam

62 1725 198 1781 Protinus
211 1741 247 1782 ax
261 1728 343 1798 parte
358 1726 437 1781 ducis
451 1741 537 1797 super
558 1725 612 1782 hac
628 1742 659 1782 re
673 1742 769 1782 comes
782 1726 880 1783 Ebroi·
890 1714 919 1787 B
931 1725 1057 1799 gaudens
1069 1726 1202 1798 suscepit,
1222 1730 1252 1783 et
1270 1726 1429 1784 viventibus
1440 1728 1533 1784 adbuc
1550 1729 1660 1785 duabus
1673 1746 1741 1786 uxo

59 1818 157 1874 censis
169 1817 328 1892 requisitus
341 1821 393 1875 est.
407 1819 459 1884 Qui
474 1834 620 1875 moseum
638 1820 696 1875 suis
715 1819 880 1876 necessariis
929 1819 1018 1888 ribus,
1033 1819 1146 1876 tertiam
1168 1819 1358 1892 desponsavit,
1378 1837 1444 1892 quae
1463 1821 1554 1877 filium
1574 1822 1610 1890 ei,
1627 1822 1743 1879 nomine

52 1912 162 1968 amicis
183 1911 335 1968 consilium
356 1911 430 1982 iniit,
454 1917 483 1968 et
503 1912 611 1969 exitum
632 1913 675 1969 rei
695 1913 813 1969 sollicite
835 1913 878 1969 in·
930 1913 1081 1970 Fulconem
1100 1918 1221 1986 peperit.
1237 1914 1373 1986 Pactique
1392 1914 1436 1969 sui
1451 1930 1570 1982 memor,
1586 1915 1670 1971 Fulco
1690 1916 1744 1971 Ge·

57 2004 219 2076 vestigavit.
234 2005 361 2061 Tandem
373 2005 490 2077 negotio
506 2004 661 2077 diligenter
677 2006 825 2078 indagato,
844 2005 879 2062 ad
929 2022 1090 2063 nomannos
1102 2007 1180 2075 adiit,
1193 2021 1298 2079 eosque
1316 2007 1380 2080 plus
1392 2007 1525 2079 precibus
1542 2010 1570 2063 et
1585 2008 1743 2080 promissis,

57 2098 171 2155 curiam
195 2099 275 2155 10010
297 2099 433 2168 00000011,
460 2102 490 2155 01
516 2099 590 2155 inter
616 2102 719 2156 caetera
744 2101 784 2155 sic
812 2098 878 2155 duci
929 2116 1014 2171 quam
1035 2101 1062 2155 vi
1087 2115 1266 2171 compescere
1293 2099 1409 2168 studuit,
1433 2105 1462 2157 et
1487 2101 1674 2173 conspiratam
1697 2117 1742 2159 re-

58 2190 154 2247 dixit:
178 2212 193 2241 «
219 2193 301 2259 Rem,
320 2190 437 2248 domiue
460 2192 528 2262 dux,
552 2193 676 2264 postulas
698 2209 717 2248 a
738 2208 784 2248 me
806 2192 879 2247 mihi
927 2191 1081 2248 bellionem
1097 2192 1126 2248 in
1142 2208 1271 2248 annuum
1284 2192 1384 2248 saltem
1396 2192 1519 2264 spatium
1533 2193 1652 2250 distulit.

57 2284 145 2342 valde
156 2285 344 2356 contradam,
359 2290 391 2343 ut
402 2289 521 2358 neptem
534 2302 638 2356 meam,
651 2303 715 2360 quae
729 2286 824 2342 adbuc
837 2289 879 2341 te·
928 2306 957 2360 χ,
964 2305 1045 2360 pulc,
1053 2304 1253 2374 ,stampenses
1262 2318 1346 2360 ,omes
1358 2319 1455 2360 „ovam
1464 2305 1613 2361 ,mmm
1625 2306 1744 2372 sormam

57 2395 132 2436 nera
158 2379 240 2451 virgo
262 2381 315 2448 est,
341 2379 458 2451 digamo
484 2379 612 2449 tradam,
638 2396 726 2452 quam
754 2379 878 2435 sororius
963 2385 1154 2455 000000101-
1175 2382 1294 2452 Huiusce
1308 2385 1436 2454 temporis
1453 2389 1655 2452 morsuoestee,
1670 2384 1741 2448 ludi,
1818 2460 1820 2464 .

57 2487 143 2528 meus
156 2471 229 2528 mihi
249 2471 462 2529 commendavit
481 2472 677 2529 nutriendam.
688 2473 793 2528 Verum
811 2489 876 2544 pro·
964 2469 1014 2520 0¹⁶·

56 2566 125 2622 vide
138 2565 323 2622 commodum
338 2569 420 2621 tuum
433 2565 547 2638 queris,
559 2582 713 2638 meumque
727 2566 878 2638 parvipen-
964 2564 1012 2622 llic
1036 2565 1065 2620 in
1091 2566 1191 2622 multis
1215 2565 1445 2638 reprehensibilis
1470 2572 1498 2622 et
1526 2565 1642 2622 infamis
1670 2569 1741 2635 erat,

58 2659 115 2717 dis.
134 2659 403 2716 Ceuomannensem
424 2659 591 2715 comitatum
610 2659 652 2714 vis
672 2658 724 2714 tibi
747 2657 877 2714 obtinere
927 2659 1079 2732 multisque
1104 2659 1240 2715 vitiorum
1267 2659 1393 2731 pestibus
1425 2658 1647 2715 obsecundabat.
1679 2662 1741 2731 Ipse

57 2754 243 2825 perneptem
259 2767 363 2822 meam,
378 2757 408 2807 et
427 2758 457 2807 tu
478 2752 552 2808 mihi
571 2753 667 2808 aufers
681 2751 877 2807 hereditatem
926 2753 1072 2821 nimirum,
1096 2753 1164 2824 quia
1185 2753 1272 2823 pedes
1292 2752 1417 2809 babebat
1436 2753 1590 2821 deformes,
1614 2751 1741 2808 instituit

56 2861 168 2902 meam.
191 2847 341 2902 iustumne
363 2852 406 2901 est
432 2845 511 2917 quod
535 2845 667 2901 moliris?
691 2846 751 2900 Non
774 2845 877 2900 faciam
926 2846 979 2901 sibi
992 2846 1052 2902 lieri
1068 2845 1169 2917 longos
1184 2846 1255 2901 etin
1268 2846 1431 2902 summitate
1448 2845 1625 2902 acutissimos
1641 2845 1740 2900 subto·

57 2939 139 3013 quod
164 2939 266 3012 poscis,
282 2938 338 2995 nisi
360 2937 519 2995 reddideris
543 2939 615 2994 milri
638 2938 826 2994 Bathventum
848 2942 878 2993 et
925 2939 1104 3009 lares;iteut
1117 2940 1241 3011 operiret
1250 2939 1348 3012 pedes,
1358 2942 1387 2995 st
1397 2954 1499 2996 eorum
1509 2938 1616 2995 celaret
1626 2938 1742 3007 tubera,

55 3033 230 3106 liogionem,
254 3033 387 3089 vaceium
411 3038 440 3088 et
462 3032 693 3100 craventionem,
717 3030 874 3100 scoceium,
885 3075 913 3150 C
926 3047 990 3105 quae
1005 3033 1089 3104 vulgo
1103 3035 1238 3088 vocantur
1253 3033 1382 3089 uniones.
1404 3031 1536 3089 insolitus
1552 3030 1619 3087 inde
1633 3046 1698 3087 mos
1711 3031 1741 3087 in

55 3128 191 3200 aliosque
202 3125 308 3183 fundos
322 3125 434 3183 Radulli
444 3127 540 3198 patrui
554 3125 623 3194 mei,
634 3124 684 3196 qui
698 3141 750 3197 pro
765 3124 875 3196 magui·
925 3126 1074 3183 occiduum
1087 3126 1187 3182 orbem
1199 3125 1344 3199 processit,
1360 3125 1525 3198 levibusque
1538 3128 1567 3181 et
1577 3125 1741 3181 novitatum

55 3220 159 3277 tudine
170 3220 281 3293 capitis,
291 3225 321 3277 et
329 3219 465 3292 congerie
479 3218 757 3291 capillorumjocose
771 3232 876 3289 cogno·
924 3219 1099 3276 amatoribus
1119 3219 1307 3276 vehementer
1326 3218 1441 3292 placuit.
1464 3219 1544 3274 Unde
1567 3221 1688 3287 sutores,
1707 3218 1740 3275 in

56 3314 186 3371 minatus
198 3316 243 3370 est
254 3313 346 3387 Caput
361 3312 460 3383 Asini3
476 3311 630 3385 nepotique
647 3327 711 3367 meo
724 3304 875 3367 Guillelmo
925 3313 1131 3382 calceamentis,
1150 3312 1233 3385 quasi
1245 3313 1349 3369 caudes
1361 3311 1553 3384 scorpionum,
1568 3327 1640 3383 quas
1654 3311 1739 3384 vulgo

56 3406 233 3465 bretoliensi
255 3409 374 3464 Pontem
397 3406 492 3464 Sancti
519 3405 603 3474 Petri,
626 3409 655 3462 et
679 3403 789 3477 reliqua
811 3420 875 3476 quas
924 3406 1048 3478 pigacias
1067 3406 1122 3477 (16)
1145 3407 1300 3479 appellant,
1318 3405 1436 3475 iaciunt,
1460 3405 1546 3476 idque
1569 3404 1738 3477 30000001-

56 3500 272 3559 rationabiliter
296 3503 326 3557 et
353 3501 485 3574 legaliter
511 3500 670 3573 poterimus
695 3497 874 3571 approbare,
925 3500 1065 3555 coamenti
1078 3515 1154 3572 pene
1169 3499 1274 3567 cuncti,
1289 3499 1390 3554 divites
1404 3501 1435 3553 01
1446 3499 1541 3570 egeni,
1556 3498 1680 3553 nimium
1694 3513 1741 3553 ex·

57 3595 134 3670 qood
151 3598 252 3651 nostra
273 3593 398 3651 debeant
418 3609 480 3650 esse
498 3592 680 3649 hereditario
699 3593 775 3664 jure.
790 3591 874 3664 Legi·
924 3596 1037 3666 petunt.
1048 3593 1117 3648 Nam
1129 3595 1213 3648 antea
1225 3593 1305 3647 omni
1315 3597 1445 3663 tempore
1455 3590 1569 3646 rotundi
1582 3590 1741 3646 subtolares
1783 3616 1786 3621 ·

57 3689 120 3745 timi
134 3686 283 3761 siquidem
296 3687 368 3743 mibi
381 3692 468 3743 testes
486 3690 562 3757 sunt,
577 3687 647 3742 etin
668 3685 874 3742 umuibusido·
924 3686 959 3741 ad
973 3685 1094 3741 formam
1108 3685 1215 3757 pedum
1228 3683 1397 3756 agebantur,
1412 3683 1510 3755 eisque
1521 3682 1627 3738 summi
1642 3687 1671 3738 et
1684 3698 1742 3739 me·
1832 3686 1835 3695 '

54 3783 114 3853 nei,
126 3782 209 3855 quod
228 3780 366 3837 bobertus
385 3781 421 3837 de
441 3781 575 3849 Guaceio,
590 3781 665 3836 lilius
684 3779 797 3852 praefati
819 3780 874 3835 lla·
924 3779 1042 3849 diceres,
1057 3777 1151 3834 clerici
1171 3783 1200 3833 et
1215 3776 1289 3847 laici,
1304 3778 1503 3849 competenter
1522 3775 1686 3832 utebantur.
1702 3778 1740 3831 et

54 3875 123 3933 dultl
137 3874 237 3949 patrui
248 3874 317 3941 mei,
330 3890 378 3930 ms
394 3873 480 3930 totius
494 3873 567 3945 juris
579 3875 624 3929 sui
645 3873 792 3929 baredem
805 3887 874 3928 cou-
926 3871 1011 3929 modo
1023 3872 1172 3929 saeculares
1184 3871 1325 3944 perversis
1338 3871 1465 3926 moribus
1478 3872 1644 3941 competens
1658 3869 1740 3925 sche-

55 3969 159 4026 stituit.
187 3967 245 4024 Sed
271 3966 440 4024 Guillelmus
465 3983 524 4036 rex,
553 3966 741 4022 consobrinus
767 3967 875 4034 noster,
924 3984 973 4024 ma
983 3966 1106 4037 superbe
1121 3964 1260 4038 eupiunt3
1276 3969 1305 4020 el
1316 3964 1393 4036 quod
1408 3963 1476 4020 olim
1488 3962 1671 4020 honorabiles
1683 3962 1737 4018 viri

53 4063 121 4136 quia
133 4061 281 4135 potentior
292 4061 375 4118 nobis
385 4061 450 4132 fuit,
465 4076 567 4118 omnes
580 4059 757 4117 hereditatis
770 4065 875 4116 nostrae
924 4060 1122 4133 turpissimum
1132 4059 1343 4131 Judicaverunt,
1356 4059 1385 4115 01
1400 4057 1520 4113 omniuo
1534 4056 1615 4128 quasi
1631 4059 1740 4112 stercus

55 4162 164 4229 partes,
190 4154 264 4211 sicut
283 4154 330 4211 leo
359 4155 389 4211 in
415 4154 568 4227 partitione
593 4152 679 4224 cervi,
707 4169 773 4209 suas
795 4152 873 4209 10011.
924 4155 1130 4222 refutaverunt,
1152 4153 1206 4209 boc
1228 4151 1357 4208 moderni
1378 4149 1458 4222 quusi
1478 4149 1534 4205 mel
1559 4148 1640 4205 dulce
1664 4149 1741 4205 sesti·

55 4250 112 4321 llis,
125 4248 249 4306 domiue
261 4249 331 4318 dux,
348 4249 491 4322 sapienter
512 4247 707 4316 consideratis,
729 4251 794 4304 tene
817 4261 876 4303 rec·
900 4295 907 4308 .
925 4249 1015 4314 mant,
1030 4252 1058 4303 et
1070 4245 1155 4302 veluti
1170 4244 1293 4317 speciale
1304 4243 1603 4316 decusamplectentes
1613 4244 1739 4314 gestent.

886 4444 917 4519 l)

85 4531 136 4596 111]
149 4530 271 4596 Plgaclre
286 4529 343 4582 illae
365 4527 496 4582 videntur
515 4527 589 4580 idem
609 4527 769 4580 calceorum
788 4540 876 4592 genus
925 4529 1063 4579 tinuotore
1085 4525 1120 4578 ed
1139 4537 1185 4576 an.
1205 4523 1268 4576 1361
1284 4539 1290 4574 :
1314 4525 1461 4585 solutores,
1479 4524 1581 4588 lnquit,
1599 4521 1744 4583 10101001,

56 4616 118 4656 ease
135 4601 216 4669 quod
237 4601 390 4654 Ponlainiae
410 4613 462 4653 seu
483 4601 631 4652 Pouleauae
655 4600 699 4650 vel
719 4599 806 4651 001001
828 4612 876 4649 ro·
925 4598 1070 4665 inquibus
1092 4601 1183 4648 rostro
1210 4595 1365 4660 tenuissimo
1393 4598 1422 4647 io
1450 4599 1527 4660 purte
1553 4594 1683 4645 auteriori
1707 4594 1744 4646 ud
1850 4590 1855 4599 “

55 4676 144 4738 010011,
167 4673 327 4738 dequibus
347 4673 460 4737 copiose
483 4674 510 4723 et
536 4670 644 4723 erudite
670 4670 781 4722 disserit
802 4669 876 4721 Can·
925 4671 1032 4722 modum
1046 4669 1126 4720 ouius
1139 4680 1223 4718 corou
1237 4667 1266 4716 io
1283 4666 1409 4731 tooqum;
1428 4665 1479 4718 otii
1501 4666 1530 4714 iu
1552 4663 1743 4729 obliquorum

55 4747 119 4811 glus
142 4744 175 4795 iu
199 4743 275 4795 notis
300 4742 335 4793 ad
360 4741 522 4794 Alexiadem
549 4744 639 4793 Annae
663 4741 824 4803 Comnenae,
848 4753 874 4803 p.
927 4735 1742 4806 60111000οΜ1οη10011001001000111010000000110000·

54 4814 359 4877 111-1111,00010001100
376 4827 443 4866 vero
460 4815 489 4864 in
504 4814 646 4866 Glossario
665 4812 767 4865 medlae
786 4816 815 4863 01
833 4813 877 4861 in·
926 4818 999 4874 ruat,
1024 4811 1075 4876 ipsi
1098 4809 1269 4861 communiter
1289 4805 1474 4873 deportabunt,
1492 4819 1550 4870 qua
1570 4804 1676 4870 quidem
1696 4817 1742 4855 ro·

54 4887 129 4939 flmn
143 4885 292 4937 latinitatis
308 4885 343 4936 ad
361 4897 445 4937 voces
462 4884 608 4935 Pouloim'o
629 4886 657 4935 et
672 4885 774 4934 1100100.
794 4883 878 4933 letius
926 4889 984 4936 etro
1009 4881 1158 4933 l’outeuuus
1181 4879 1280 4932 Gallice
1304 4881 1451 4930 nommant.
1476 4879 1509 4928 Et
1531 4877 1596 4940 quio
1623 4888 1665 4927 ree
1685 4879 1744 4926 erut

55 4956 131 5010 modi
156 4959 254 5008 autem
279 4960 458 5007 rostratarum
484 4956 653 5018 calceorum,
678 4959 710 5004 ut
734 4953 807 5005 idem
829 4954 878 5005 ob-
926 4954 1004 5005 ualde
1029 4953 1116 5016 turpis
1137 4957 1160 5003 01
1183 4953 1262 5016 quusi
1285 4955 1378 5002 000100
1400 4948 1610 5015 procreationem
1625 4950 1744 4997 noturu-

55 5031 158 5090 servat,
173 5030 317 5078 auctorem
331 5026 504 5079 Fulobouem
514 5025 672 5079 Reohinum
688 5026 754 5077 iacit
769 5024 879 5078 Orderl·
928 5026 993 5077 tium
1013 5024 1191 5074 membrorum
1211 5023 1283 5072 circo
1305 5021 1392 5086 pedes,
1413 5020 1480 5085 quio
1499 5019 1552 5068 imo
1574 5017 1674 5068 010000
1693 5029 1744 5067 uu-

55 5112 116 5161 000,
130 5110 191 5151 uon
206 5097 283 5162 quod
296 5095 878 5162 0001110001010001100000011,0010001
928 5103 994 5148 ture
1015 5096 1164 5157 uidebatur,
1182 5094 1240 5144 ideo
1268 5093 1336 5144 dom.
1359 5106 1408 5142 rea
1428 5091 1550 5142 1000010
1573 5086 1744 5151 000010010-

55 5171 84 5222 10
108 5169 235 5225 uuluam
258 5171 365 5234 primus
392 5170 504 5221 illorum
527 5182 610 5219 usum
632 5169 778 5220 invexerit.
809 5168 879 5219 Nam
928 5169 962 5218 eit
972 5180 1021 5231 per
1038 5178 1171 5230 precones
1193 5164 1315 5215 Porisius
1332 5162 1498 5228 proclamari
1518 5159 1629 5226 publice,
1642 5172 1676 5208 00
1691 5158 1745 5210 oti·

55 5241 128 5309 apud
152 5238 297 5292 Romanos
314 5238 880 5305 01301000001000000000100010001-
928 5238 998 5303 quis,
1022 5237 1174 5302 quicunque
1198 5240 1278 5294 esset,
1305 5234 1415 5285 auderet
1442 5233 1510 5285 totio
1535 5230 1676 5296 deportare
1684 5243 1694 5292 ,·
1721 5232 1745 5280 et

55 5318 136 5366 natos
157 5311 265 5364 docem
288 5309 358 5362 Cato
381 5310 455 5375 opud
469 5312 586 5370 Festum,
602 5310 701 5362 Cicero
722 5310 761 5359 De
781 5313 879 5359 acturo
929 5310 1008 5360 stium
1021 5309 1092 5374 quod
1104 5321 1189 5371 oeque
1206 5306 1319 5371 artifices
1334 5306 1382 5358 sub
1402 5319 1502 5370 mopere
1516 5316 1597 5368 poeuo
1609 5303 1744 5353 decaetero

55 5385 175 5445 01000000,
205 5381 396 5435 Tertullianus
425 5383 462 5432 De
486 5381 580 5447 pullio,
610 5394 669 5446 cap.
699 5383 723 5444 5,
754 5383 782 5433 et
813 5378 878 5440 ulii;
929 5379 995 5432 tutes
1018 5380 1127 5438 calceos,
1151 5378 1197 5429 sed
1217 5390 1302 5442 oeque
1321 5390 1413 5429 ocreas
1434 5378 1471 5427 sic
1494 5379 1635 5441 punctulus
1658 5372 1746 5436 [acere

55 5468 177 5522 quornm
193 5467 229 5507 00
244 5458 314 5518 erat,
327 5454 425 5516 torma,
440 5457 472 5505 ut
485 5454 513 5504 in
532 5457 678 5505 arcuatum
693 5465 811 5505 acumen
832 5450 880 5504 de·
928 5455 1105 5515 presumeret,
1122 5460 1170 5498 uec
1189 5447 1302 5498 uendere
1313 5447 1470 5511 cuicumque.
1485 5446 1554 5497 Nam
1567 5445 1652 5495 simili
1664 5444 1746 5496 modo

56 5528 170 5593 0100001,
188 5525 307 5579 000101
325 5527 414 5577 instar
427 5526 456 5576 tn
473 5525 562 5576 altum
576 5525 689 5586 reflexa,
704 5525 778 5577 unde
796 5524 881 5576 unci·
930 5522 1004 5574 dom.
1018 5534 1089 5586 papa
1110 5519 1241 5571 Urbanus
1253 5519 1278 5571 V
1292 5521 1324 5575 io
1344 5519 1463 5569 ltomoou
1485 5517 1569 5568 curio
1590 5515 1747 5567 inhibuerat

56 5598 141 5663 pedes
165 5595 716 5662 1100110110010111000,0010010010
740 5594 881 5646 uncinatis
929 5593 1011 5646 valde
1024 5593 1127 5644 stricte.

56 5668 218 5722 utebantur.
239 5667 406 5719 perduravit
426 5667 456 5718 tn
481 5667 573 5720 (101110
595 5667 730 5718 ridiculus
751 5666 799 5717 ille
820 5677 882 5715 mos
1267 5658 1340 5717 Dom
1354 5659 1503 5724 Bouounn,
1513 5657 1562 5710 lib.
1576 5670 1634 5721 001,
1650 5671 1675 5722 p.
1692 5656 1747 5709 131.

57 5741 91 5794 01
104 5752 201 5810 neque
216 5742 343 5804 tempora
358 5739 451 5793 Caroli
463 5739 500 5790 Vl
514 5740 599 5804 regis,
616 5742 687 5791 10010
701 5737 800 5804 Nanglt
815 5749 883 5789 con·

223 5826 365 5897 Parnon.
395 5827 604 5906 (1111111111,
1581 5820 1624 5878 ta
