3750 6046
64 230 133 285 taso
566 225 736 284 EPISTOLAE
756 226 797 282 ET
817 227 1017 282 [telvlrecra.
1037 254 1071 265 -
1090 224 1145 280 ΑΝ.
1167 226 1195 278 ll
1202 226 1246 278 55.

61 355 217 411 exhibeatis
230 354 257 410 ei
270 355 462 411 obedientiam
477 360 505 411 et
518 357 669 411 honorem.
680 356 721 411 dd
737 372 877 427 magnum
889 372 917 445 Α
929 371 1004 409 mam
1020 354 1054 408 de
1075 354 1152 408 curia
1167 352 1322 422 Grouingc.
1347 355 1377 407 ln
1401 352 1487 407 Frisia
1502 355 1654 424 quamdam
1674 372 1741 427 pos·

60 449 176 519 quidem
192 450 353 520 profectum
363 455 502 518 vestrum,
514 456 661 506 aunuente
674 449 803 509 bomine,
818 465 879 519 per·
930 448 1095 514 sessionem,
1113 464 1176 518 qum
1204 452 1320 501 vocatur
1332 446 1448 512 beaten,
1463 451 1490 500 et
1514 447 1543 502 iu
1555 448 1657 503 eodem
1678 450 1742 505 loco

61 542 172 607 tinebit,
184 543 206 597 si
222 543 381 598 doctrinam
397 544 458 614 ejus
471 545 573 599 devoto
588 544 685 599 animo
702 544 877 615 receperitis,
929 541 1077 597 ecclesiam
1092 540 1127 595 de
1150 541 1311 611 Linguord;
1329 541 1450 594 insulam
1465 541 1636 612 Regianum,
1651 543 1741 614 pisca·

63 640 91 690 et
116 637 193 708 quod
223 637 374 692 salubriter
399 637 459 708 ipse
484 638 659 710 praeceperit,
685 637 880 710 prosecutione
930 636 1174 691 tioncmllocwar.
1203 635 1352 690 sancimus
1375 622 1489 705 quoquc
1513 641 1543 690 ut
1566 635 1660 706 ipsum
1680 654 1744 693 mo·

1674 228 1742 283 tato

63 729 157 800 operis
169 729 336 785 studueritis
350 731 519 802 adimplere.

98 823 201 877 batum
215 824 310 878 ltomae
320 823 395 895 apud
409 824 436 879 S.
447 826 562 880 Petrum
573 842 620 879 vrrr
629 825 689 879 Kal.
701 825 879 897 ldartii,pon·

64 916 183 972 tilicatus
195 918 282 972 nostri
295 934 371 973 anno
386 918 489 989 primo.

440 1054 502 1108 lllll.

62 1168 256 1221 nonasterium
283 1165 443 1220 Cordetcnsc
472 1167 587 1235 (diceas.
602 1167 783 1238 Puderborn.)
805 1172 880 1221 tuer-

100 1246 165 1299 ditm
181 1249 293 1316 suscipit
301 1252 327 1299 ct
335 1246 391 1314 cJ‘us
404 1247 473 1301 hono
481 1247 602 1317 jtrruque
615 1251 766 1317 corrprmut,
776 1253 880 1317 petente

104 1326 230 1381 tt‘roctato
244 1326 350 1379 abbate.

188 1437 306 1507 (domm,
327 1455 373 1508 ap
395 1439 423 1493 S.
452 1440 577 1506 Petrum,
599 1439 678 1494 l'ebr.
699 1442 754 1509 td.)

209 1550 355 1619 [blarru.‚
371 1551 462 1620 drapt.
478 1550 598 1614 Colteot,
612 1551 646 1618 ll,
662 1549 734 1621 orel

101 1669 239 1721 herradus
255 1666 413 1737 episcopus,
430 1666 540 1722 dilectis
555 1667 617 1722 ultis
631 1669 772 1735 Wroarno,
788 1671 841 1720 otc.

930 730 1084 783 hasterium
1111 729 1180 783 nulli
1214 729 1332 783 omnino
1359 744 1488 799 personae
1517 731 1546 783 in
1569 730 1741 787 beneticiuut

929 822 1076 894 cujuslibet
1089 822 1285 877 occasionibus
1300 822 1481 889 concedatur,
1502 823 1551 877 sed
1565 841 1678 895 semper
1690 824 1742 879 sub

929 917 1106 988 protectione
1121 918 1313 971 bourauorrrnr
1328 915 1504 986 pontificum,
1518 922 1602 988 atquc
1616 918 1743 989 impera·

930 1014 1024 1065 torum
1037 1010 1082 1064 vel
1098 1027 1197 1080 regum
1208 1009 1373 1064 defensioue
1385 1015 1559 1080 permaneat.
1569 1012 1745 1082 Adjicicntes

930 1104 1006 1173 quod
1021 1104 1226 1157 monasterium
1256 1103 1414 1173 lleresbnrg
1435 1120 1499 1157 curn
1527 1104 1647 1158 decimis
1669 1106 1744 1183 cirea

930 1201 1055 1251 montem
1071 1215 1121 1268 per
1144 1198 1213 1251 duos
1239 1209 1326 1251 rastas
1351 1197 1515 1262 Saronicus,
1530 1197 1632 1252 sicula
1651 1197 1743 1254 beatae

931 1293 1078 1345 memorie
1099 1291 1206 1346 domno
1221 1294 1313 1347 Leone
1336 1308 1419 1361 papa
1440 1308 1473 1344 er
1496 1291 1633 1362 petitione
1648 1292 1743 1348 Caroli

929 1384 1023 1454 llagui
1047 1385 1238 1455 imperatoris,
1262 1385 1311 1456 qui
1333 1384 1426 1454 ipsum
1443 1391 1571 1439 montem
1594 1402 1741 1457 expugna·

928 1482 1017 1546 verat,
1033 1479 1140 1532 collata.
1163 1482 1328 1543 noscuntur,
1352 1479 1553 1533 uronastcrium
1577 1495 1691 1551 quoque
1713 1481 1744 1534 in

930 1572 1086 1643 Grouinga,
1103 1575 1131 1626 cl
1146 1572 1350 1627 monasterium
1367 1571 1395 1625 in
1412 1572 1569 1637 licrnrradc,
1594 1589 1741 1644 nunquam

929 1665 964 1718 ab
988 1666 1090 1719 eodem
1113 1665 1277 1722 Corbeiensi
1299 1664 1439 1718 alienetur
1460 1665 1599 1732 caenobio,
1622 1668 1671 1721 sed
1694 1682 1745 1737 per

101 1759 193 1813 Olllcii
221 1760 310 1814 nostri
337 1777 385 1813 nos
408 1761 543 1815 admonet
565 1767 593 1816 ct
607 1761 706 1815 invitat
726 1760 918 1831 avrctoritasss
931 1759 1018 1831 ipsius
1031 1760 1085 1814 loci
1100 1760 1230 1813 abbatem
1253 1776 1366 1829 scrupea·
1384 1765 1530 1829 rogantur,
1545 1765 1572 1813 ct
1594 1760 1745 1814 salubriter

66 1870 117 1923 pro
131 1853 313 1907 ecclesiarum
328 1856 401 1907 statu
424 1857 566 1925 setigero,
581 1858 635 1909 cte.
657 1857 821 1926 Eapropter,
837 1855 879 1908 di-

65 1948 137 2001 lecte
160 1947 188 1999 in
212 1946 322 2002 Christo
344 1946 485 2015 Wibaldc,
503 1948 685 2003 devotionem
710 1965 797 2019 quam
813 1965 882 2019 erga

63 2040 249 2110 apostolicam
274 2041 372 2094 sedem
403 2041 478 2111 geris
503 2041 667 2112 diligentius
691 2042 880 2111 attendentes,

63 2138 277 2208 praedecessoris
289 2139 377 2193 nostri
391 2144 496 2194 sanctae
510 2140 656 2195 memoriae
666 2156 747 2212 popm
760 2139 882 2209 Eugcuii

67 2231 193 2301 vestigiis
218 2231 409 2299 inhorrentes,
438 2233 606 2304 dignitatem
628 2233 880 2304 praedecessoribus

65 2325 121 2378 tuis
147 2340 198 2394 per
230 2330 390 2380 uestrorum
415 2327 654 2396 predecessorum
685 2328 880 2380 bumanorum

64 2418 228 2488 pontificum
254 2419 404 2490 privilegia
428 2419 572 2490 traditam,
596 2437 646 2474 nos
661 2436 785 2491 quoqne,
807 2436 878 2490 prae·

64 2516 157 2566 stante
184 2512 312 2580 Domino,
336 2513 533 2567 inconvulsam
557 2515 686 2568 volumus
709 2513 879 2568 conservari.

63 2606 198 2669 Quocirca
226 2607 374 2677 praesentis
411 2606 519 2661 decreti
547 2608 714 2662 auctoritate
747 2607 879 2661 concedi·

63 2716 127 2753 mus
152 2700 178 2753 in
195 2700 344 2771 precipuis
368 2701 597 2755 solemnitatibus
620 2700 756 2755 sandaliis
772 2706 800 2755 ct
816 2701 878 2754 dal·

64 2792 170 2847 melica
181 2794 230 2861 uti,
243 2793 328 2863 justa
341 2795 429 2847 altare
444 2795 554 2861 sedere,
570 2795 706 2866 populum
722 2795 795 2848 infra
805 2810 878 2848 conr·

64 2887 184 2940 missum
210 2878 478 2942 monasteriunr'vel
503 2889 596 2954 cellas,
617 2904 681 2960 quae
704 2888 828 2942 attinent
843 2886 879 2941 ad

64 2980 171 3035 animm
184 2997 242 3035 sure
258 2983 390 3048 salutem,
407 2981 520 3051 docere,
541 2983 613 3037 sicut
627 2981 880 3052 praedecessoribus

64 3074 154 3128 tuisa
178 3075 283 3130 uostris
305 3074 560 3145 praedecessoribus
584 3076 719 3131 ltomunis
737 3074 879 3146 pontilici-

931 1853 982 1907 sub
1006 1854 1167 1907 monasticae
1193 1853 1350 1924 discipliuae
1374 1852 1540 1907 ordinentur
1561 1855 1669 1922 regula,
1693 1870 1746 1909 nec

932 1947 1014 2001 alicui
1035 1948 1153 2001 incubas
1170 1947 1206 2001 sit
1229 1946 1387 2017 quidquam
1411 1946 1447 2000 de
1472 1947 1554 2001 bonis
1578 1948 1746 2003 eorumdem

932 2040 1017 2094 triam
1042 2040 1282 2095 monasteriorum
1300 2039 1336 2093 ad
1352 2057 1418 2094 usus
1438 2043 1466 2093 et
1488 2040 1669 2112 prebendam
1690 2043 1745 2096 bo·

932 2133 1008 2188 mino
1031 2133 1137 2188 ibidem
1162 2133 1363 2187 lanrulantium
1391 2134 1597 2203 pertinentibus
1617 2150 1745 2189 commu·

931 2232 1003 2293 tare,
1018 2227 1046 2280 in
1059 2226 1228 2281 beneficium
1243 2228 1401 2281 concedere
1415 2228 1456 2280 vel
1473 2227 1612 2296 alienare,
1629 2228 1692 2282 sine
1704 2245 1747 2282 as·

931 2337 1016 2374 sensu
1031 2322 1151 2373 fratrum
1172 2320 1199 2373 in
1224 2320 1330 2373 eisdem
1348 2320 1483 2374 creuobiis
1498 2322 1688 2388 manentium,
1703 2322 1716 2375 l
1734 2352 1746 2363 -

931 2431 995 2468 vore
1012 2412 1190 2466 llorbeicnsis
1206 2413 1331 2483 capituli.
1346 2414 1481 2467 Volumus
1491 2415 1578 2467 ctiam
1593 2419 1624 2468 ut
1638 2431 1748 2487 prepo-

931 2508 1027 2561 situnu
1051 2506 1219 2561 clericorum
1245 2507 1369 2561 ecclesiae
1394 2507 1420 2561 S.
1437 2508 1528 2573 Pauli,
1550 2525 1614 2577 qum
1632 2511 1748 2563 vocatur·

931 2601 1006 2655 Nova
1023 2600 1150 2665 ecclesia,
1166 2601 1215 2653 sub
1229 2600 1357 2669 ejusdem
1374 2601 1554 2654 tlorbeierrsis
1575 2601 1685 2656 abbatis
1700 2619 1746 2657 or·
1794 2622 1796 2627 ·
1817 2674 1820 2679 Ι

931 2694 1088 2763 dinatione,
1104 2694 1176 2747 sieut
1189 2694 1336 2761 hactenus,
1347 2710 1459 2764 semper·
1473 2695 1618 2762 consistat,
1634 2713 1684 2750 uec
1699 2697 1747 2751 ab·
1812 2732 1815 2737 -

930 2788 988 2841 beli
1015 2789 1057 2841 vel
1080 2787 1231 2857 preapostro
1254 2788 1335 2840 liceat
1361 2787 1562 2841 cantatricorurn
1579 2789 1746 2858 praebendas
1808 2830 1813 2840 .

932 2882 1038 2952 absque
1053 2880 1219 2934 elericorum
1242 2880 1471 2934 conniventiam
1491 2881 1662 2936 beneficium
1683 2899 1748 2937 con-

930 2974 1013 3041 ferre,
1035 2991 1083 3027 sou
1109 2976 1285 3028 commutare
1307 2977 1392 3045 atque
1414 2973 1580 3028 distrahere.
1606 2976 1747 3031 Praeterea

930 3068 1137 3131 constituimus,
1154 3071 1186 3121 ut
1199 3067 1272 3121 iulra
1285 3067 1425 3121 ambitum
1438 3067 1512 3121 muri
1528 3069 1680 3124 memorati
1688 3085 1745 3124 mo·

63 3169 117 3222 bus
143 3174 186 3223 est
218 3183 392 3222 concessum.
416 3169 512 3240 ipsum
543 3173 682 3240 praeterea
711 3127 1045 3225 Corbeieusecuasterii
1060 3161 1240 3216 corbeiensis
1255 3177 1340 3215 nemo
1364 3161 1532 3215 elericorum
1554 3162 1596 3216 vel
1612 3163 1746 3219 laieorum

65 3262 286 3328 monasterium,
306 3262 361 3328 cui,
384 3263 500 3317 bomine
521 3270 648 3328 auctore,
671 3278 792 3334 praeesse
814 3263 878 3333 dig.
927 3256 993 3326 jure
1008 3254 1197 3325 proprietatis,
1219 3255 1263 3308 vcl
1280 3253 1411 3308 beneficii
1426 3255 1606 3308 mansionem
1623 3255 1748 3327 aliquam

63 3355 199 3423 nosceris,
231 3356 284 3410 snb
312 3354 387 3410 beati
415 3356 487 3410 Petri
521 3361 550 3410 et
583 3360 682 3410 nostra
703 3355 879 3427 protectione
932 3349 986 3403 ullo
1002 3354 1131 3418 tempore
1145 3347 1258 3414 lrabeat,
1275 3347 1323 3400 sed
1343 3352 1420 3401 totus
1443 3347 1532 3417 ipsius
1548 3348 1600 3402 loci
1621 3349 1746 3403 ambitus

62 3449 241 3520 suscipimus,
257 3452 285 3503 et
307 3450 453 3519 praesentis
467 3449 562 3520 scripti
578 3448 726 3521 privilegio
750 3465 878 3504 courruu·

63 3543 166 3595 nimus.
197 3542 361 3597 statuentes
394 3548 423 3596 ut
453 3559 636 3614 quascunque
669 3543 876 3614 possessiones,

61 3651 238 3707 (quaecunque
253 3635 336 3702 bona,
358 3636 435 3691 idem
460 3638 663 3691 monasterium
684 3637 877 3707 inpraesentia-

61 3746 127 3783 rum
134 3730 211 3798 juste
226 3732 255 3783 ot
267 3730 405 3785 canonice
420 3730 552 3800 possidet,
568 3733 617 3783 aut
628 3730 657 3784 in
673 3730 800 3784 laturum
814 3746 878 3783 oon-

929 3442 1050 3503 abhatis,
1065 3440 1268 3494 morraclrorurrr
1284 3446 1311 3493 et
1334 3440 1453 3494 aliarum
1475 3440 1669 3510 religiosarum
1679 3458 1745 3513 per-

930 3551 1064 3593 sonarum
1083 3534 1178 3588 usibus
1189 3540 1218 3587 et
1240 3532 1464 3587 habitationibus
1485 3537 1586 3603 pateat.
1609 3535 1744 3590 Prohibe·

929 3647 993 3683 runs
1006 3635 1101 3682 autern
1117 3633 1146 3680 nt
1162 3628 1189 3680 in
1205 3626 1305 3681 eodem
1319 3626 1493 3681 monasterio
1509 3625 1577 3681 nulli
1594 3628 1741 3700 episeopo-

928 3739 1002 3800 rum,
1017 3727 1124 3793 praeter
1135 3722 1294 3776 Romanum
1308 3719 1484 3791 pontificem,
1496 3721 1745 3794 liceatquamlibet

61 3823 191 3876 cessione
212 3824 388 3892 pontificum,
414 3823 563 3894 largitione
584 3838 685 3894 regum
701 3824 752 3891 ,vel
777 3823 878 3893 princi·
923 3815 1153 3887 jnrisdicliffltem
1181 3814 1294 3879 habete,
1313 3814 1349 3868 ἰῑθ
1366 3816 1407 3881 ul,
1422 3813 1477 3867 bisi
1499 3814 1534 3868 ab
1547 3815 1649 3871 abbate
1664 3817 1745 3871 istius

61 3933 144 3987 pum,
172 3917 316 3971 oblatione
339 3917 477 3984 bdelium,
502 3934 552 3971 scu
578 3919 640 3971 aliis
664 3917 747 3988 justis
772 3918 876 3983 modis,

61 4015 217 4081 praestante
235 4013 303 4077 beo,
316 4012 421 4082 poterit
436 4012 563 4082 adipisci,
579 4012 662 4065 llrnra
677 4011 753 4066 vobis
768 4012 879 4066 vestris·

61 4121 118 4175 que
153 4104 379 4171 successoribus,
412 4112 439 4160 et
476 4105 581 4159 illibata
610 4110 816 4176 permaneant,
846 4106 876 4160 iu

62 4198 165 4268 quibus
189 4198 249 4253 hec
273 4199 397 4270 propriis
428 4199 562 4254 duximus
584 4200 772 4271 caprimenda
797 4216 876 4255 voea-

60 4291 144 4345 bulis.

99 4385 240 4440 becimam
258 4387 389 4442 videlicet
410 4388 445 4443 de
470 4387 549 4442 curia
574 4388 801 4456 Luithardesscn,
826 4388 873 4443 de·

928 3914 1092 3969 monasterii
1114 3914 1201 3968 luerit
1215 3915 1357 3980 inritatus,
1369 3930 1423 3969 nec
1437 3913 1589 3971 missarum
1603 3917 1744 3973 solemnia

927 4013 1033 4067 ibidem
1057 4013 1200 4067 celebrare
1217 4017 1379 4083 praesumat.
1399 4014 1432 4068 bt
1455 4012 1543 4084 igitur
1560 4014 1743 4082 haecomnia,

927 4128 989 4181 qum
1011 4127 1099 4181 sopra
1121 4110 1255 4171 dirimas,
1280 4109 1396 4180 plenum
1420 4111 1449 4164 iu
1474 4117 1622 4180 posterum
1656 4113 1743 4166 rolrur

927 4210 1083 4275 obtineant,
1097 4209 1168 4264 sicut
1180 4209 1208 4263 in
1224 4208 1394 4264 authenticis
1416 4208 1654 4279 predecessorum
1673 4227 1740 4266 nos·

928 4314 1037 4363 trorum
1064 4308 1219 4379 privilegiis
1233 4308 1424 4376 continentur,
1440 4313 1499 4361 tarn
1512 4306 1563 4361 tibi
1580 4324 1668 4378 qnam
1684 4326 1745 4362 suc·

926 4408 1084 4464 sessoribus
1100 4407 1154 4462 tuis
1170 4423 1204 4460 ca
1224 4407 1330 4461 favoris
1347 4406 1434 4460 nostri
1450 4405 1618 4460 auctoritate
1639 4407 1741 4460 eoulir-

60 4478 163 4533 cimam
183 4479 218 4533 de
240 4480 317 4535 curia
343 4483 548 4553 beverungen,
575 4482 717 4538 decimam
741 4483 776 4537 de
798 4483 1047 4570 ⁰¹¹¹'53Dmunms

60 4572 196 4644 basburg,
214 4573 352 4629 decimam
367 4576 402 4630 de
417 4576 494 4631 curia
514 4577 720 4645 llulleuhusen,
734 4576 873 4631 decimam

58 4666 94 4720 de
117 4666 194 4720 curia
210 4668 415 4740 buthelestorp,
429 4668 570 4724 decimam
591 4670 626 4725 de
641 4671 718 4725 curia
739 4670 873 4737 blanden,

59 4758 199 4814 decimam
224 4761 258 4814 de
279 4763 357 4815 coria
377 4763 551 4830 bodowicke,
574 4763 714 4819 decimam
737 4765 772 4819 de
797 4765 875 4818 curia

58 4852 253 4917 blunclrusen,
282 4854 421 4910 deeiruanr
451 4856 486 4911 de
508 4857 587 4912 curia
615 4858 873 4925 beldernichusen,

60 4946 198 5001 decimam
225 4946 260 5002 de
287 4949 366 5003 curia
389 4950 546 5021 buwelage,
573 4951 712 5006 decimam
738 4952 772 5006 de
795 4952 874 5008 curia

60 5036 287 5105 llomourstcldc,
312 5039 450 5093 decimam
476 5040 511 5094 de
536 5040 614 5094 curia
640 5040 802 5106 Nicostcde,
829 5042 874 5096 de-

59 5129 160 5184 cimam
177 5131 212 5184 de
227 5131 304 5186 curia
325 5133 566 5201 bolckmaressen,
581 5133 722 5189 decimam
737 5134 772 5189 de
794 5136 875 5190 curia

59 5223 269 5293 Luitheresscu,
294 5227 433 5281 decimam
450 5226 485 5282 dc
502 5228 579 5282 curia
599 5228 710 5295 Erclen,
733 5228 872 5284 decimam

58 5317 192 5375 decuria
220 5319 478 5392 Brrrnrelinchtorp,
499 5322 638 5376 decimam
661 5322 696 5376 do
719 5323 796 5377 curia
822 5325 872 5380 Le·

57 5411 135 5478 ciaet,
160 5411 301 5467 decimam
326 5412 361 5467 de
383 5414 461 5469 curia
483 5416 635 5485 Castinaci,
666 5416 806 5471 decimam
837 5417 873 5472 de

57 5505 137 5560 curia
157 5506 286 5578 llottepe,
311 5507 453 5563 decimam
477 5509 512 5563 do
539 5510 616 5565 curia
639 5511 775 5580 Nuthlon,
802 5511 874 5567 deci·

58 5615 137 5654 mam
153 5598 278 5655 decuria
301 5601 434 5671 llefllilre,
447 5603 584 5659 decinram
595 5605 629 5659 de
652 5605 730 5660 curia
744 5605 813 5671 Neu,
828 5606 875 5660 de·

57 5694 161 5748 cimam
182 5693 217 5748 de
239 5695 317 5751 curia
334 5699 556 5769 croppenstede,
580 5698 719 5755 decimam
740 5698 875 5755 decuria

55 5787 265 5859 Hemmentorp,
289 5789 427 5848 decimam
449 5792 484 5849 de
507 5795 587 5852 curia
610 5795 781 5870 llolthnsen,
806 5795 882 5855 deei-

962 4607 1146 4661 bccernimus
1160 4622 1230 4676 crgo
1244 4610 1274 4657 ut
1285 4604 1357 4657 nulli
1367 4602 1486 4657 omnino
1498 4602 1648 4657 hominnm
1659 4601 1743 4656 liccat

925 4706 1073 4778 prelatum
1108 4702 1310 4758 monasterium
1339 4705 1448 4756 temere
1477 4701 1661 4771 perturbare,
1692 4702 1743 4753 aut

925 4806 987 4875 ejus
1009 4802 1203 4876 possessiones
1215 4801 1337 4865 auterre,
1353 4797 1395 4852 vel
1418 4797 1526 4853 ablatas
1541 4797 1672 4865 relinere,
1687 4802 1739 4851 mi·

924 4919 1023 4971 nuere,
1046 4918 1093 4955 seu
1115 4898 1289 4971 quibuslibet
1322 4896 1515 4951 vexationibus
1536 4896 1667 4966 fatigare,
1688 4896 1739 4951 scd

924 5002 1034 5056 illibata
1049 4998 1143 5055 omnin
1158 5004 1187 5051 ct
1200 4998 1312 5066 integra
1337 5001 1543 5050 conserventur
1562 5011 1670 5061 eorum,
1686 5010 1738 5065 pro

924 5092 1739 5170 quorumgubernatioueetsustentationeconcessnsunt,
1799 5140 1806 5154 ,

925 5197 1020 5252 usibus
1035 5193 1208 5251 omnimodis
1223 5192 1381 5263 profutura,
1398 5192 1473 5246 salva
1488 5190 1739 5264 sedisapostolicae

923 5296 1103 5351 auctoritate.

959 5394 986 5449 si
1001 5409 1058 5465 qua
1069 5390 1168 5463 igitur,
1184 5395 1237 5444 ctc.

960 5495 1018 5563 Ego
1031 5491 1170 5546 Adrianus
1183 5487 1331 5543 catholicoe
1346 5487 1475 5544 Ecclesioe
1489 5488 1648 5560 episcopus.

960 5595 1018 5663 Ego
1035 5592 1142 5646 lmarus
1154 5587 1326 5643 Tusculanus
1339 5586 1496 5659 episeopus.

959 5692 1021 5765 Essb
1038 5687 1130 5746 Gblbb
1142 5686 1296 5761 bit-&tter
1318 5684 1483 5741 cardiacus
1489 5677 1771 5736 turbemus&-

934 5793 1020 5872 goni.
