3750 6046
132 204 168 257 oo
191 170 194 174 ’
815 201 982 259 onunnrur
1002 201 1132 260 virttis
1769 205 1819 256 roo

132 325 178 380 cui
203 325 286 379 l'ulco
311 323 529 397 lindegavornm
555 341 651 381 eomes
680 341 769 397 gener
795 327 856 397 ejus
884 342 946 382 suc·
959 340 1048 413 Arar
1071 328 1176 384 Sicilire
1199 327 1378 400 pedetentim
1400 331 1512 382 sacellus
1536 325 1670 396 Apuliam
1693 325 1817 388 intravit,

132 418 225 474 cessit.
999 424 1171 493 mortuoque
1189 422 1330 477 Ranuulio
1349 419 1518 493 probissimo
1536 420 1617 487 duce,
1634 418 1680 473 cui
1696 433 1772 489 papa
1792 424 1819 473 et

167 513 298 568 Secundo
312 530 388 569 anno
404 515 500 570 Romae
515 514 655 570 Honorius
668 530 741 586 papa
753 519 883 570 mortuus
896 521 948 583 εει,
998 517 1143 586 Augustus
1158 521 1255 571 contra
1272 531 1338 570 enm
1353 514 1502 586 regionem
1517 512 1724 568 commiserant
1740 511 1818 566 abla-

134 611 163 662 et
180 622 245 661 mor
263 607 294 662 in
314 607 437 663 Ecclesia
454 608 580 663 nimium
600 608 724 663 schisma
744 614 877 664 exortum
896 614 946 664 est.
999 613 1042 664 tas
1060 609 1114 663 sibi
1133 609 1220 664 urbes
1239 609 1351 663 fortiter
1369 606 1535 663 reobtinuit.
1556 604 1754 661 Innocentium
1772 622 1818 676 pa·

133 700 204 755 Nam
218 717 236 756 a
248 700 421 773 quibusdam
435 707 522 757 noctu
539 701 692 773 Gregorius
706 701 842 758 diaconus
856 702 950 774 Papiae
999 718 1077 773 pam,
1088 703 1137 775 qui
1149 719 1241 775 nuper
1252 718 1319 758 cum
1331 701 1444 773 publice
1456 700 1756 767 anathematizaverat,
1768 715 1819 770 per

28 862 30 867 ,
132 797 217 849 natus
227 793 259 849 in
273 811 380 866 papam
395 795 501 851 electus
513 798 566 863 est,
581 800 611 850 et
623 796 806 851 innocentius
818 795 949 850 nomina·
1000 796 1155 867 liogerium
1168 796 1259 851 lilium
1278 812 1361 850 suum
1381 794 1608 866 comprehcndit,
1624 798 1654 849 et
1667 809 1722 865 pro
1738 792 1817 848 libitu

132 892 246 958 tuaest,
263 904 350 959 quem
366 888 490 944 Ecclesia
507 889 537 944 in
557 889 717 945 Occidentis
735 889 866 962 partibus
880 905 949 945 con·
1000 906 1052 946 suo
1064 905 1163 961 pacem
1179 906 1245 945 cum
1260 890 1310 946 illo
1324 889 1399 946 iecit.
1412 888 1539 959 Denique
1554 887 1590 944 ab
1607 887 1695 942 invito
1710 887 1818 942 modes-

133 980 232 1036 stituta
252 982 378 1053 suscepit
400 987 429 1037 et
453 985 548 1038 secuta
569 986 620 1038 est.
643 983 736 1038 Tertia
753 998 818 1038 vero
838 983 894 1051 die,
914 983 950 1037 ab
1000 987 1087 1056 toque
1110 1000 1186 1056 papa
1209 999 1334 1055 regnum
1358 982 1470 1050 Sicilire,
1496 985 1526 1036 et
1551 980 1685 1036 ducatum
1709 980 1818 1051 Apulia

134 1074 195 1129 aliis
214 1076 312 1130 Petrus
329 1075 431 1130 Leonis
452 1074 527 1131 lilius
549 1075 736 1132 intronizatus
756 1078 808 1147 est,
829 1080 857 1132 ct
876 1081 949 1132 Ana·
1000 1077 1118 1150 recepit,
1134 1082 1162 1134 et
1177 1077 1321 1133 absolutus
1334 1077 1370 1132 ah
1385 1076 1442 1144 illo,
1457 1074 1613 1148 Rogerium
1627 1073 1720 1129 lilium
1736 1090 1819 1129 suum

132 1168 222 1223 cletus
234 1168 394 1240 appellatus
406 1174 459 1224 est.
474 1169 534 1238 llio,
549 1169 617 1241 quia
630 1169 766 1225 iratribus
780 1175 809 1225 et
821 1169 951 1241 cognatis
1002 1171 1106 1227 ducem
1118 1171 1230 1243 Apuliae
1244 1171 1399 1226 constituit.

132 1260 294 1333 potantibus
310 1267 338 1317 et
352 1263 451 1317 amicis
466 1262 626 1319 admodum
640 1263 761 1336 stipatus
774 1267 826 1331 est,
839 1264 902 1335 jam
916 1280 952 1318 vn
1037 1265 1160 1338 vestigia
1185 1265 1326 1336 majorum
1354 1266 1532 1336 prosecutus,
1558 1262 1818 1333 chronographiam

133 1355 216 1411 annis
233 1355 335 1410 urbem
353 1357 475 1413 Romam
492 1362 520 1412 et
533 1357 660 1412 redditus
679 1374 712 1413 ae
729 1357 857 1414 dominia
871 1374 952 1430 papae
1001 1358 1124 1414 scribere
1153 1357 1276 1427 tentavi;
1298 1359 1415 1429 jamque
1441 1358 1469 1412 iu
1496 1357 1590 1430 primo
1618 1355 1819 1412 Ecclesiastico.

134 1448 285 1505 efficaciter
304 1451 403 1505 nactus
421 1456 474 1519 est,
491 1450 643 1523 ipsumque
661 1451 763 1523 Apulia
777 1468 843 1507 cum
858 1452 953 1508 Sicilia
1001 1452 1130 1508 Historiae
1149 1452 1221 1508 libro
1246 1452 1351 1508 lineam
1373 1451 1545 1507 narrationis
1564 1450 1599 1505 ab
1620 1449 1819 1506 incarnatione

134 1545 162 1597 et
176 1558 281 1614 magno
294 1543 408 1598 climate
424 1543 525 1599 mundi
537 1547 633 1600 secuta
646 1549 698 1601 εει.
1001 1546 1154 1603 salvatoris
1173 1547 1315 1615 inchoavi,
1331 1552 1360 1601 et
1377 1561 1429 1618 per
1447 1545 1550 1600 seriem
1568 1545 1777 1617 imperatorum
1792 1546 1821 1598 et

170 1637 252 1691 Auno
277 1637 312 1692 ab
337 1638 535 1694 incarnatione
560 1638 670 1694 Domini
697 1641 775 1706 litt,
799 1638 952 1694 indictione
1001 1655 1103 1711 regum
1133 1657 1221 1712 usqne
1246 1641 1275 1695 in
1304 1640 1476 1695 hodiernum
1503 1638 1579 1694 diem
1606 1637 1736 1709 perduxi,
1762 1653 1818 1708 quo

135 1747 189 1798 ιιι,
204 1731 340 1785 hienricus
355 1747 407 1787 rex
423 1733 582 1803 lluglorum
596 1737 625 1788 et
638 1730 694 1787 dux
710 1734 950 1801 Normaunorum,
962 1710 990 1781 Β
1000 1737 1123 1792 loannes
1137 1738 1281 1806 Augustus
1299 1734 1390 1789 hierii
1411 1733 1486 1789 illius
1505 1737 1609 1804 praeest
1622 1732 1820 1789 Constantino-

134 1824 211 1898 pacis
228 1829 256 1880 et
270 1825 389 1896 justitiae
403 1831 536 1881 strenuus
549 1831 670 1895 amator,
686 1830 716 1881 et
727 1825 820 1882 fidelis
833 1827 882 1882 Dei
896 1828 952 1882 cul·
1001 1829 1070 1901 poli,
1086 1828 1237 1884 Lotharius
1250 1845 1317 1882 vero
1333 1827 1495 1882 dominatur
1507 1826 1682 1893 Alemannis,
1696 1825 1819 1881 Ludori-

135 1922 192 1988 tor,
212 1920 330 1974 inermis
349 1920 449 1992 populi
468 1923 622 1993 protector,
638 1921 827 1994 Ecclesioeque
847 1927 953 1977 sanctae
1002 1939 1052 1977 cns
1066 1922 1189 1992 Francis,
1205 1922 1366 1995 Stephanus
1381 1921 1489 1993 Aughs,
1508 1925 1536 1976 et
1553 1919 1700 1992 Remigius
1718 1935 1818 1974 mona·

34 2034 39 2039 ·
135 2013 263 2069 fervidus
282 2013 428 2080 defensor,
447 2013 477 2069 in
498 2018 590 2070 castro
612 2014 724 2082 Leonis,
745 2015 879 2071 Kalendis
902 2016 952 2069 lie·
1003 2016 1073 2071 chus
1086 2016 1227 2089 Hispanis.

136 2106 269 2175 cambris,
286 2106 437 2163 defunctus
455 2112 508 2164 est.
525 2110 559 2164 Et
575 2125 679 2180 corpus
697 2109 759 2180 ejus
778 2108 953 2164 aromatibus
1038 2111 1117 2165 Nunc
1132 2114 1228 2166 autem
1243 2110 1274 2164 in
1289 2109 1425 2178 seeundo,
1439 2108 1592 2164 auxiliante
1608 2109 1676 2176 lieo,
1689 2108 1724 2164 de
1739 2125 1820 2164 sanc·

136 2201 285 2257 conditum
300 2201 330 2256 in
342 2201 474 2273 Angliam
494 2203 643 2258 devectum
660 2205 712 2271 εει,
726 2206 756 2257 ει
774 2201 908 2273 Radiugis
923 2202 954 2257 in
1003 2203 1038 2260 tis
1055 2204 1191 2276 apostolis
1208 2209 1238 2259 et
1251 2203 1414 2276 apostolicis
1431 2202 1497 2257 viris
1510 2219 1528 2257 a
1541 2202 1639 2275 priscis
1656 2202 1821 2257 doctoribus

123 2295 254 2351 'basilica
284 2295 394 2351 Sanctae
422 2296 583 2364 Trinitatis,
608 2312 695 2368 qnam
719 2297 780 2368 ipse
805 2295 954 2351 monachis
1003 2298 1089 2367 edita,
1104 2301 1133 2352 et
1147 2298 1183 2353 nb
1198 2297 1375 2370 antigraphis
1390 2297 1495 2368 scripta
1506 2295 1666 2364 considero,
1682 2303 1711 2351 et
1722 2311 1821 2352 eorum

138 2392 345 2457 construxerat,
361 2390 506 2460 sepultum
521 2395 573 2445 est.
1004 2394 1083 2463 gesta
1096 2391 1221 2447 breviter
1235 2405 1391 2462 congerere
1406 2395 1521 2463 appoto,
1535 2394 1622 2462 prout
1633 2389 1722 2444 divini
1735 2389 1822 2460 Spiri-

173 2483 334 2555 Stephanns
355 2487 464 2550 autem,
485 2501 519 2539 er
540 2500 636 2540 sorore
660 2483 750 2540 Adala
772 2499 860 2557 nepos
880 2485 952 2555 ejus,
1004 2489 1050 2541 tus
1063 2485 1195 2541 mihimet
1208 2484 1384 2540 intimaverit
1398 2483 1557 2555 inspiratio.

35 2648 39 2655 Ι
136 2578 168 2634 in
190 2593 279 2649 regno
300 2578 444 2646 successit,
464 2578 582 2650 jamque
608 2583 719 2634 sertum
741 2578 825 2649 regni
846 2593 953 2632 annum
1040 2579 1078 2634 lle
1092 2577 1273 2650 pontificibus
1292 2577 1440 2645 Romanis,
1456 2581 1485 2634 et
1504 2593 1607 2633 eorum
1626 2577 1656 2633 in
1674 2576 1759 2632 vinea
1773 2577 1822 2632 Sa·

137 2672 263 2745 peragit,
287 2671 317 2726 iu
343 2688 401 2744 quo
428 2687 527 2742 graves
549 2687 641 2742 casus,
659 2670 766 2727 multos
791 2671 903 2726 dolores
927 2676 955 2727 et
1004 2673 1091 2728 baoth
1112 2671 1344 2744 cooperatoribus
1364 2671 1435 2727 libet
1456 2672 1561 2727 seriem
1583 2670 1737 2743 diligenter
1756 2687 1821 2743 per-

139 2765 237 2821 multis
263 2764 437 2820 detrimcnta
462 2764 607 2836 parientes
631 2765 733 2820 attulit.
761 2765 833 2820 Nam
856 2769 955 2820 contra
1004 2765 1134 2833 scrutari,
1146 2770 1174 2821 et
1191 2765 1283 2820 veraci
1302 2766 1374 2837 stylo
1393 2764 1475 2821 sociis
1493 2765 1523 2820 id
1540 2780 1618 2820 ame
1636 2765 1820 2836 poscentibus

139 2858 270 2915 consules
291 2858 345 2913 sibi
364 2858 485 2914 rebelles
504 2858 636 2914 lincoliae
657 2859 796 2930 pugnavit
816 2862 845 2914 et
866 2859 955 2914 victus
1004 2859 1121 2931 profari.
1135 2858 1279 2914 Antistites
1296 2874 1401 2930 nempe
1420 2859 1572 2913 Romania
1586 2858 1752 2913 beatissimo
1773 2859 1822 2912 Pe-

140 2955 192 3020 εει,
207 2955 307 3024 captus
322 2957 351 3007 et
365 2951 396 3006 iu
408 2967 519 3008 carcere
534 2952 671 3008 liodberti
691 2953 816 3008 Brihitou
832 2969 954 3008 moerens
1003 2958 1058 3023 tro,
1069 2953 1116 3008 cui
1128 2952 1260 3024 primitus
1273 2951 1380 3007 dictum
1393 2956 1436 3007 est
1448 2968 1465 3006 a
1479 2952 1596 3008 Domino
1607 2952 1674 3008 lesu
1685 2951 1818 3008 Christo:

138 3046 314 3103 vinctusest.
1006 3048 1066 3105 libi
1088 3047 1158 3102 dabo
1179 3048 1265 3103 claues
1286 3049 1365 3117 regni
1386 3047 1512 3102 colorum
1532 3045 1655 3118 (notit,
1679 3062 1737 3114 xvi,
1765 3047 1820 3116 lt),

175 3144 259 3197 Anno
277 3141 314 3197 ab
331 3141 526 3197 lucaruatione
541 3140 654 3198 bomini
670 3144 748 3210 llas,
765 3143 864 3198 Petrus
878 3144 954 3198 dna·
1006 3158 1095 3214 usque
1117 3140 1154 3195 ad
1176 3140 1375 3197 innocentium
1398 3157 1510 3213 papam,
1532 3139 1583 3212 qui
1607 3143 1712 3212 preest
1735 3140 1821 3197 hodie

141 3237 230 3292 cletus
244 3235 338 3291 subito
352 3240 483 3292 mortuus
496 3239 549 3291 est.
1006 3235 1168 3308 apostolicae
1181 3235 1251 3303 sedi,
1267 3251 1326 3291 erar
1342 3238 1555 3306 computantur.

177 3330 327 3386 botharius
348 3335 447 3386 autem
469 3329 636 3402 imperator,
656 3330 725 3385 dum
748 3330 784 3385 de
805 3331 957 3402 subjugata
1041 3332 1078 3386 lie
1094 3329 1138 3385 his
1156 3329 1288 3384 omnihus
1305 3344 1429 3401 quorum
1447 3329 1477 3383 in
1498 3330 1583 3386 (lestis
1599 3332 1759 3400 pontificum
1776 3328 1821 3385 iu·

141 3424 194 3480 sibi
217 3424 317 3498 Apulia
341 3423 458 3493 rediret,
482 3423 566 3491 obiit;
591 3422 675 3495 eique
698 3424 843 3480 conradus
865 3425 957 3482 Caroli
1007 3428 1084 3479 serta
1096 3426 1140 3478 est
1152 3423 1311 3490 mentio,in
1325 3423 1455 3495 sequenti
1465 3423 1540 3478 libro
1552 3423 1661 3496 aliquid
1674 3424 1822 3496 propalare

142 3518 254 3575 ilenrici
273 3517 452 3591 imperatoris
471 3533 558 3590 nepos
577 3517 721 3573 successit.
735 3517 876 3590 llogerius
890 3533 972 3602 veru>¹
1007 3523 1137 3591 peropto.

148 3713 495 3730 me-
923 3714 1814 3731 matum-*m

660 3881 931 3969 SUllllhlllUll
959 3882 1082 3969 LIBRI
1109 3883 1308 3971 suuntur.

922 4051 1042 4067 ——d

142 4166 153 4222 i

157 4208 163 4222 .
268 4172 303 4221 lie
317 4166 466 4234 oriplreiboa
479 4168 599 4221 Ecclesia
612 4173 674 4222 iecra
690 4171 800 4223 christi.
814 4172 896 4223 Actio
911 4175 935 4223 et
947 4173 1081 4224 miraculo
1094 4174 1284 4236 apostotorum.
1300 4173 1428 4236 discipuli
1443 4184 1554 4224 nunrero
1567 4177 1698 4226 eremitat.

142 4253 175 4303 ll.
266 4252 412 4315 Stephanus
423 4252 529 4314 primus
541 4255 704 4315 marturum.
720 4254 870 4304 Persecutio
886 4254 914 4304 in
929 4255 1071 4306 nectutem
1086 4256 1243 4307 Jerusalem.
1259 4256 1339 4307 Porti
1352 4258 1496 4308 conversio.
1512 4255 1648 4307 Mirorule
1662 4255 1747 4306 Petri.

142 4333 185 4383 111.
266 4332 360 4395 Opinio
375 4333 487 4384 ltomoni
498 4336 606 4384 senatos
620 4333 651 4383 de
668 4333 784 4386 circio.
799 4336 934 4386 Faciliora
946 4337 1058 4387 Herodis
1071 4338 1180 4400 regiain
1194 4337 1370 4390 Christianos.

143 4413 186 4465 lv.
273 4413 385 4463 Verbum
400 4413 501 4465 Christi
514 4419 691 4478 propcpotur.
706 4415 870 4468 Antiocheno
884 4415 1010 4469 Ecclesia.
1026 4418 1106 4470 Paeti
1121 4422 1144 4470 et
1159 4419 1290 4470 Boniobae
1301 4418 1510 4481 praedicationes.

143 4492 173 4544 V.
267 4494 376 4546 Notitiae
390 4493 421 4544 de
436 4494 538 4546 Christi
549 4495 684 4559 apostolis.
700 4498 776 4548 Petri
788 4497 911 4549 historio.

143 4575 186 4626 vl.
269 4574 379 4624 Porcius.

143 4654 197 4706 Vll.
267 4655 415 4718 Sequentia.
432 4658 528 4708 Petrus
543 4661 567 4708 et
579 4657 682 4709 Pontos
696 4662 782 4712 Romae
795 4659 921 4725 tepentes.

144 4733 209 4785 Vlll.
266 4735 414 4798 Sequentia.
428 4738 502 4788 liora
513 4739 696 4801 apostotorum
710 4741 786 4792 Petri
800 4745 824 4792 et
836 4742 925 4792 Ponti.

143 4813 186 4864 lx.
268 4814 398 4867 Andreas.

143 4892 175 4943 x.
268 4894 398 4949 Andreae.
413 4898 553 4963 Sequentia
567 4900 707 4964 viteejos.

142 4971 185 5024 xl.
267 4974 415 5028 Joooboet
429 4981 553 5032 ioannes.

143 5054 199 5106 llll.
268 5056 380 5108 lacobus
393 5059 493 5113 Minor.

143 5135 210 5186 xlll.
268 5136 415 5201 Philippus.

143 5215 210 5268 XIV.
270 5215 388 5268 Thomas.

141 5297 198 5350 XV.
266 5296 483 5352 sennonem.

143 5375 209 5428 XVl.
267 5376 417 5431 Maniam.

143 5454 219 5508 XVII.
267 5456 686 5522 Stoicorumprinceps.

144 5534 235 5588 xvm.
268 5534 394 5593 uetitus.

142 5614 211 5670 xlx.
267 5618 391 5674 ilistorio
404 5623 605 5688 coeptorum.
620 5629 770 5687 namtas.

142 5694 197 5751 xa
265 5700 383 5758 tiam

58 5777 358 5857 ,misceo
