3750 6046
109 185 160 247 ata
808 193 970 254 enataret
990 192 1119 249 virtuts
1733 194 1785 250 320

107 328 203 370 aarum
218 313 344 386 partium
363 317 438 374 facili
458 324 599 390 proventu
620 319 780 380 deletitia
800 326 844 378 tot
856 338 918 377 cer·
930 319 1137 407 ACbristianae
1151 317 1244 389 gantis
1262 318 1408 390 utriusque
1432 332 1515 373 sexus
1535 319 1564 371 ct
1582 314 1676 372 omnis
1694 317 1786 373 aetatis

106 406 261 463 taminibus
282 409 397 482 sanguis
421 413 556 486 utrinque
577 415 685 471 multus
705 416 871 486 effunditur,
892 421 922 473 et
970 412 1104 469 homines
1118 411 1245 484 perirent
1256 412 1319 483 plus
1333 427 1420 483 qnam
1433 413 1548 466 centum
1561 409 1658 465 millia.
1670 411 1702 466 ln
1712 411 1787 466 mnl·

105 505 165 556 tam
185 501 302 558 inermis
321 521 409 577 quam
430 510 541 563 armata
560 507 642 581 plebs
663 508 782 565 dirersis
802 511 922 567 infortu-
971 507 1006 562 tis
1024 504 1207 562 Guillelmum
1227 511 1326 561 nostra
1343 504 1468 561 libenter
1485 503 1586 559 extulit
1603 503 1721 571 relatio,
1735 504 1785 560 scd

107 594 162 650 niis
186 595 252 652 hinc
274 596 339 654 iude
367 599 566 656 miserabiliter
594 603 766 659 concutitur.
789 605 843 660 Lex
870 605 921 660 liei
970 601 1001 657 in
1016 601 1071 657 hoc
1084 599 1162 673 qnod
1180 596 1360 670 unajnstum
1375 603 1402 654 et
1420 597 1562 669 injustum
1582 596 1687 653 tabidae
1701 597 1784 653 lamis

104 690 211 761 passim
235 689 366 760 violatur,
395 699 424 749 et
447 694 653 751 ecclesiasticus
680 696 761 769 rigor
784 713 860 769 pene
885 698 920 754 ab
971 696 1067 750 lancea
1089 710 1170 765 eque
1192 690 1343 760 transfixit,
1357 690 1475 747 laudare
1498 705 1556 747 nou
1577 689 1681 747 audeo.
1701 692 1784 760 Nam,

107 783 243 839 omnibus
256 785 428 842 dissolvitur.
438 787 537 844 Caedes
551 788 720 846 miserorum
733 790 922 863 multiplicari·
971 788 1040 845 dum
1055 787 1193 844 innocuos
1206 786 1330 842 infantes
1339 785 1517 858 juvenesque
1529 788 1682 841 vernantes
1696 787 1725 840 et
1735 784 1786 841 llo·

107 878 165 945 tur,
181 878 341 952 animaeque
355 880 518 952 cupiditatis
538 883 568 937 et
585 882 635 937 irae
650 884 770 939 stimulis
790 885 919 941 saucian-
970 881 1048 938 ridos
1067 880 1171 936 canitie
1190 896 1274 935 senes
1292 879 1369 934 lame
1387 877 1544 952 periclitari
1557 877 1651 946 rideo,
1669 878 1783 934 miseri-

106 972 164 1037 tur,
182 974 210 1025 et
225 972 390 1029 catervatim
404 973 469 1030 binc
490 974 557 1032 inde
576 974 613 1032 ad
627 976 742 1032 interna
758 982 919 1050 raptantur,
970 974 1066 1031 cordia
1078 977 1171 1030 motus
1181 972 1352 1029 miserabilis
1362 972 1461 1045 populi
1470 970 1641 1028 maeroribus
1650 974 1679 1026 et
1689 971 1785 1026 anxie·

105 1062 262 1120 damnante
281 1066 349 1135 Deo,
368 1067 449 1139 cujus
463 1069 570 1140 judicia
589 1087 650 1125 esse
669 1071 828 1142 justissima
845 1088 920 1127 corn·
969 1067 1074 1124 tatibus
1088 1066 1180 1139 magis
1193 1065 1344 1134 condoleo,
1356 1081 1442 1138 quam
1455 1064 1563 1120 frivolis
1572 1062 1784 1120 adulationibus

104 1157 273 1228 probantur.
289 1160 349 1215 Rex
366 1160 534 1218 Guillelmns
547 1179 614 1218 cum
630 1162 786 1221 aLindissc
799 1169 919 1222 reverte·
969 1160 1065 1217 favere
1080 1159 1220 1216 inutiliter
1239 1159 1348 1215 studeo·
1363 1159 1503 1214 Prffltetet
1521 1156 1720 1214 indubitanter
1738 1174 1781 1213 ³⁵·

104 1255 193 1318 retur,
209 1250 324 1325 reliquit
339 1252 378 1311 ibi
391 1270 561 1326 germanum
575 1272 659 1312 suum
675 1256 852 1314 liudbertum
866 1260 920 1315 llo·
970 1271 1032 1310 sero
1051 1253 1129 1326 quod
1146 1253 1265 1326 impune
1285 1269 1342 1308 uon
1360 1250 1525 1308 remittetur
1543 1254 1603 1307 tam
1624 1251 1720 1308 feralis
1739 1268 1784 1307 oc·

104 1344 280 1400 ritoliensem
295 1347 432 1404 comitem
449 1354 477 1405 et
490 1349 669 1405 Radbertum
685 1352 854 1418 lucensem,
870 1351 919 1424 qui
969 1346 1046 1403 cisio.
1061 1347 1193 1402 Summos
1212 1344 1289 1401 enim
1310 1348 1339 1401 et
1359 1345 1433 1399 imos
1452 1343 1580 1400 intuetur
1598 1342 1783 1415 omnipotens

103 1437 248 1493 [tenorum
275 1440 457 1497 excursiones
486 1449 627 1499 arcerent.
651 1444 724 1500 Dani
751 1444 919 1518 aliquandiu
965 1440 1064 1512 judex,
1087 1445 1116 1495 et
1135 1455 1218 1512 aeque
1236 1437 1366 1494 omnium
1384 1437 1461 1493 lacte
1480 1435 1610 1493 discutiet
1630 1453 1664 1492 ac
1684 1437 1783 1510 puniet

104 1529 255 1588 delituere.
270 1534 372 1589 Verum
392 1538 546 1609 postquam
562 1541 623 1593 tuta
641 1543 707 1594 sunt
721 1537 841 1610 opinati,
855 1556 919 1595 con·
970 1531 1196 1589 districtissimus
1219 1531 1334 1600 vindex,
1355 1533 1388 1586 ut
1409 1531 1501 1603 palam
1524 1529 1657 1587 omnibus
1679 1530 1783 1588 enodat

102 1623 184 1679 viriis
204 1625 432 1696 provincialium,
448 1645 511 1700 quae
532 1630 617 1702 vulgo
632 1631 743 1687 lirmam
762 1633 916 1705 appellant,
969 1627 1018 1683 [tei
1032 1631 1172 1700 perpetua
1186 1626 1241 1681 lex.

8 1746 15 1760 ι
102 1717 200 1786 illecti,
214 1718 250 1774 ad
264 1721 371 1776 terram
384 1722 683 1794 egrediuntn1·.bmbo
694 1725 856 1782 comitesex
867 1699 956 1782 ini-B

101 1812 216 1884 proviso
238 1829 286 1869 eos
308 1813 462 1886 invadunt,
482 1817 581 1888 epulas
605 1835 704 1875 cruore
728 1819 916 1890 confundunt,

103 1905 211 1962 instant
224 1906 352 1978 trepidis,
367 1909 401 1963 ad
417 1925 503 1965 naves
523 1926 611 1983 usque
626 1912 762 1969 credendo
776 1912 918 1987 fugientes

969 1783 1274 1841 viridunensem
1293 1783 1382 1838 tostos
1399 1783 1529 1853 mastiget
1547 1797 1619 1839 suos.
1639 1783 1724 1853 Regio
1736 1797 1779 1839 eo·

1192 1889 1261 1931 rona
1272 1877 1297 1930 ei
1309 1892 1327 1930 a
1337 1890 1412 1946 popo
1424 1877 1552 1930 mutuus.

102 2005 325 2072 persequuntur.
347 2001 514 2076 Divulgatur
528 2003 632 2061 itcnrm
646 2007 761 2063 eosdem
776 2007 918 2063 latruncu·
1003 2010 1081 2064 luter
1100 2007 1175 2063 bella
1194 2005 1361 2062 Guillelmus
1383 2020 1418 2061 ex
1437 2004 1550 2060 civitate
1569 2004 1679 2060 Guenta
1696 2004 1780 2077 jubet

101 2092 143 2149 los
168 2079 323 2150 Eboracum
345 2096 490 2167 advenire,
510 2114 566 2170 qua
590 2099 714 2156 Natalem
736 2100 915 2157 Dominicurn
967 2100 1063 2158 afferri
1076 2115 1225 2167 coronam,
1234 2098 1348 2171 aliaque
1360 2100 1530 2154 ornamenta
1539 2098 1647 2170 regalia
1660 2103 1689 2155 et
1701 2115 1779 2169 vasa,

102 2186 259 2256 celebrent,
274 2204 392 2261 seseque
410 2191 445 2246 ad
460 2190 651 2263 preliandum
665 2198 839 2266 praeparent.
853 2196 917 2251 Pro·
967 2198 997 2251 et
1016 2193 1131 2250 dimisso
1154 2192 1283 2249 exercitu
1306 2191 1335 2247 in
1358 2191 1467 2259 castris,
1489 2190 1647 2248 Eboracum
1671 2192 1778 2265 pergit,

101 2295 208 2352 perans
233 2280 282 2336 illo
308 2298 356 2338 rer
383 2299 399 2337 e
425 2284 651 2356 snotingeham,
677 2286 856 2359 praepeditur
879 2288 915 2344 ad
965 2287 1061 2361 ibique
1072 2287 1170 2343 Natale
1184 2285 1337 2342 Salvatoris
1350 2285 1440 2341 nostri
1452 2284 1642 2341 concelebrat.
1655 2286 1778 2341 Rursum

102 2373 301 2431 drani-Pontis
313 2390 419 2447 aquam
432 2376 629 2449 impatientem
643 2380 715 2448 vadi,
731 2397 784 2436 uec
799 2379 915 2453 navigio
965 2380 1105 2454 comperit
1121 2378 1224 2436 hostile
1244 2378 1396 2451 collegium
1417 2378 1447 2434 in
1465 2379 1571 2451 angulo
1589 2378 1717 2452 quodam
1732 2394 1777 2434 re·

101 2467 242 2522 usitatam.
269 2468 405 2525 Reditum
437 2471 624 2529 suadentibus
655 2491 714 2530 non
744 2474 914 2547 acquiescit,
964 2475 1058 2547 gionis
1069 2474 1193 2542 latitare,
1206 2471 1278 2528 mari
1290 2471 1335 2527 vel
1348 2471 1501 2545 paludibus
1512 2471 1642 2544 undiquc
1655 2471 1776 2529 munito.

99 2563 218 2633 pontem
241 2562 303 2617 llari
327 2563 486 2620 volentibus
509 2565 538 2621 id
561 2569 755 2639 opportunum
778 2584 835 2623 nou
855 2584 914 2625 esse
965 2568 1069 2625 Unicus
1091 2566 1186 2623 aditus
1206 2582 1258 2638 per
1282 2565 1403 2621 solidum
1430 2564 1606 2634 intromittit,
1628 2564 1778 2622 latitudine

100 2654 265 2727 respondet,
281 2672 318 2710 ne
332 2655 422 2712 bostis
441 2661 561 2731 repente
581 2676 667 2732 super
685 2676 734 2717 eos
752 2661 873 2717 irrueret
886 2665 916 2717 ct
964 2664 1078 2717 tantum
1091 2659 1192 2733 viginti
1204 2658 1310 2731 pedum
1323 2663 1432 2730 patens.
1442 2658 1571 2715 Praedam
1581 2657 1777 2714 abundantem

100 2747 260 2804 inlerendae
272 2749 362 2805 cladis
373 2751 549 2809 occasionem
565 2752 594 2808 in
607 2753 669 2826 ipso
682 2770 769 2826 opere
783 2754 912 2810 baberet.
964 2757 1177 2821 contraxerant,
1202 2751 1296 2808 securi
1322 2750 1485 2825 agitabant,
1509 2750 1618 2807 nnllam
1640 2751 1694 2807 sibi
1720 2751 1784 2811 rim

98 2840 165 2897 Tres
189 2840 383 2899 hebdomades
404 2844 461 2900 illic
483 2845 655 2902 detinentur.
679 2847 804 2919 lienique
827 2847 914 2903 Lisois
963 2864 1068 2905 nocere
1082 2862 1166 2921 posse
1180 2845 1328 2919 putabant.
1344 2846 1485 2917 littaman,
1501 2849 1532 2900 ot
1544 2861 1651 2918 agmen
1665 2845 1777 2917 regium

99 2933 193 2990 audax
213 2935 306 3004 miles,
322 2953 409 3009 quem
431 2937 467 2993 de
484 2939 657 2995 llouusteriis
676 2940 913 3012 agnominabant,
964 2939 1162 3014 approximare
1188 2940 1358 3009 audierunt,
1386 2941 1474 2994 noctu
1504 2938 1673 3011 quantocius
1698 2938 1776 2996 abie-

99 3027 207 3084 llnmcn
221 3046 402 3102 summopere
415 3031 584 3101 attentabat,
602 3035 631 3087 et
647 3033 751 3090 vadum
772 3051 859 3106 snpra
873 3033 1039 3135 inerunt.
1060 3035 1120 3090 lter
1141 3033 1243 3090 ardens
1265 3033 1384 3088 infestos
1407 3032 1460 3087 sibi
1485 3032 1582 3089 hostes
1609 3032 1644 3088 ad
1666 3032 1777 3089 flumen

97 3122 197 3194 iraque
216 3123 395 3195 queritabat.
411 3126 464 3181 Per
484 3126 607 3182 multam
628 3126 743 3182 demum
764 3127 913 3184 difficulta-
962 3127 1072 3184 Tesiam
1091 3127 1263 3199 insequitur,
1280 3130 1311 3182 et
1332 3125 1394 3181 avia
1415 3124 1585 3198 prorumpit,
1598 3142 1721 3199 quorum
1736 3143 1778 3182 as·

98 3218 157 3271 tem
172 3216 267 3272 locum
283 3218 513 3275 transmeabilem
534 3219 735 3292 deprehendit,
752 3225 782 3277 et
799 3238 866 3277 cum
879 3239 912 3278 nx
961 3221 1067 3295 peritas
1082 3219 1228 3276 interdurn
1242 3219 1368 3292 peditem
1384 3236 1450 3274 eum
1463 3218 1504 3275 ire
1517 3218 1671 3292 compellit.
1684 3220 1778 3291 Super

2 3320 10 3328 ”
97 3309 290 3382 magnanimis
304 3311 447 3384 equitibus
457 3312 648 3385 pertransivit,
663 3330 749 3386 super
763 3331 836 3388 quos
850 3316 912 3370 bos·
960 3314 1070 3370 'sesiam
1095 3313 1198 3369 sedens
1222 3312 1384 3384 quindecim
1409 3312 1471 3368 dics
1497 3312 1646 3386 transegit.
1671 3311 1712 3369 lbi
1736 3329 1777 3368 re·

97 3403 171 3458 tium
186 3403 911 3481 multitudoirrni15sedbisacerrimerepugnan·
961 3406 1104 3465 conciliati
1130 3408 1196 3461 suut
1224 3407 1353 3462 Gallevus
1380 3422 1505 3478 praesens
1532 3409 1561 3462 et
1581 3405 1664 3464 Caius
1686 3405 1775 3462 Patri·

97 3495 174 3552 tibus
196 3512 252 3553 nou
277 3498 433 3570 prevaluit.
457 3501 573 3556 Postero
599 3501 645 3557 die
673 3500 758 3556 Lisois
781 3517 911 3558 reversus
961 3501 1021 3558 eius
1041 3500 1155 3568 absens,
1171 3504 1351 3557 sacramento
1369 3516 1423 3573 per
1440 3499 1551 3574 legatos
1570 3498 1708 3556 exhibito.
1725 3501 1777 3555 llo·

96 3590 191 3662 prodit
211 3591 326 3660 vadum,
345 3608 397 3648 nec
417 3610 497 3650 mora
512 3593 670 3651 traducitur
684 3595 835 3652 exercitus.
851 3598 911 3652 ltur
960 3612 1025 3651 rum
1038 3594 1125 3669 paulo
1142 3600 1208 3650 ante
1231 3594 1448 3650 contubernales
1464 3594 1525 3666 jam
1541 3593 1778 3667 periclitabantur

95 3700 148 3757 per
162 3684 253 3756 silvas,
267 3686 397 3759 paludes,
414 3693 561 3758 montana,
578 3689 663 3744 valles
676 3688 834 3744 arctissimo
854 3693 911 3744 tra·
960 3688 1044 3759 Dani,
1059 3694 1090 3744 ut
1102 3687 1169 3761 vagi
1183 3687 1284 3761 pirate
1302 3687 1437 3743 lluclibus
1452 3692 1482 3742 et
1500 3687 1592 3743 ventis
1601 3687 1712 3759 jactati.
1726 3687 1777 3743 Ur·

96 3778 177 3847 mite,
199 3779 248 3851 qui
269 3778 353 3836 binos
371 3781 526 3837 lateraliter
540 3781 584 3837 ire
598 3798 657 3838 non
678 3782 849 3855 patiebatur.
864 3781 910 3839 Sic
961 3783 1047 3863 gebat
1065 3797 1112 3837 eos
1126 3797 1184 3837 non
1196 3780 1293 3836 minus
1311 3781 1401 3837 tames
1416 3796 1504 3853 quam
1523 3783 1689 3852 tempestas„
1705 3780 1775 3836 Pars

96 3872 224 3928 Eboraco
246 3873 508 3946 appropinquatum
527 3881 578 3943 cst,
592 3876 641 3930 sed
663 3878 754 3932 Dauos
768 3875 910 3949 aufugisse
959 3875 1111 3948 naufragio
1124 3874 1221 3947 periit.
1236 3872 1352 3930 llesidni
1371 3873 1458 3929 vitam
1473 3872 1605 3930 vilissima
1617 3872 1696 3946 pulte
1709 3888 1774 3929 sus·

94 3967 257 4022 nuntiatum
268 3971 319 4021 est.
333 3968 391 4022 Rex
403 3970 500 4023 autem
511 3968 640 4023 tribunos
655 3972 681 4024 et
692 3968 830 4041 praesides
842 3986 908 4026 cum
959 3969 1120 4037 tentabant,
1144 3985 1196 4024 nec
1213 3969 1304 4024 solum
1321 3967 1425 4024 milites
1446 3967 1582 4051 gregarii,
1600 3983 1700 4023 verum
1720 3967 1774 4041 ipsi

95 4063 271 4116 armatorum
287 4076 384 4129 manu,
400 4059 449 4132 qui
460 4065 656 4117 restaurarent
668 4061 697 4117 in
711 4061 783 4117 urbe
793 4064 910 4120 castella
958 4079 1073 4136 qnoque
1090 4061 1242 4134 principes,
1256 4061 1375 4117 comites
1393 4067 1480 4132 atque
1497 4059 1655 4133 pontifices.
1668 4061 1775 4117 Carnes

95 4151 209 4219 direxit,
226 4157 255 4208 et
273 4152 345 4208 alios
364 4151 551 4209 nibilominus
571 4154 600 4208 iu
620 4155 682 4227 ripa
703 4155 845 4226 flumme,
860 4156 908 4229 qui
958 4155 1073 4228 penitus
1085 4155 1260 4223 deiecerant,
1276 4153 1378 4226 quibus
1395 4153 1444 4210 diu
1462 4153 1586 4209 rancidis
1598 4169 1632 4209 ac
1650 4152 1775 4227 putridis

94 4244 180 4301 banis
207 4245 385 4315 resisterent,
408 4246 532 4320 reliquit.
556 4248 615 4319 lpse
644 4264 709 4303 vero
732 4248 761 4303 in
783 4249 908 4305 saltuosa
958 4247 1153 4304 vescebantur.
1169 4247 1320 4320 Egrediad
1333 4246 1573 4320 comportandum
1587 4247 1775 4319 rapinasnon

94 4337 228 4411 quoedam
243 4344 270 4395 et
290 4338 459 4396 difficillime
478 4341 655 4397 accessabilia
672 4341 733 4397 loca
752 4343 906 4412 contendit,
958 4341 1114 4412 audebant,
1128 4357 1221 4414 neque
1235 4340 1314 4397 littus
1327 4346 1443 4413 propter
1456 4339 1613 4396 incolarum
1627 4342 1774 4397 terrorem

94 4436 122 4488 el
136 4431 245 4488 abditos
261 4431 317 4488 illic
330 4432 424 4489 hostes
441 4434 572 4507 persequi
587 4451 768 4507 summopere
788 4437 905 4492 studuit.
916 4422 946 4495 D
958 4436 1068 4507 uspiam
1088 4435 1240 4508 attingere.
1261 4434 1387 4490 Tandem
1409 4449 1523 4506 magnae
1543 4432 1640 4489 classis
1660 4427 1774 4506 exigua

94 4525 192 4598 Spatio
205 4528 321 4582 centrum
340 4526 540 4584 milliariorum
555 4532 646 4584 castra
664 4529 727 4601 ejus
741 4529 906 4585 dillnndun·
955 4528 1084 4602 reliquiae
1103 4528 1219 4584 Daciam
1241 4526 1430 4600 repetierunt,
1454 4531 1482 4583 et
1508 4528 1602 4584 Sueno
1629 4526 1693 4599 regi
1720 4543 1774 4583 sno

93 4623 149 4675 tur.
172 4620 326 4693 Plerosque
348 4621 442 4694 gladio
462 4621 573 4678 vindice
592 4621 668 4690 lerit,
690 4623 813 4678 aliorum
834 4623 904 4678 late·
956 4639 1062 4695 magna
1083 4621 1246 4678 discrimina
1268 4637 1332 4693 qnae
1349 4619 1476 4693 perpessi
1495 4624 1573 4689 sunt,
1592 4619 1773 4694 nimiamque

92 4712 157 4769 bras
173 4713 285 4783 evertit,
303 4718 394 4771 terras
412 4714 550 4787 devastat,
570 4718 599 4772 et
613 4716 716 4771 domos
733 4732 799 4772 cum
821 4715 906 4773 rebus
955 4715 1134 4771 ferocitatem
1153 4715 1290 4783 hostium,
1304 4712 1614 4786 suorumqueruinam
1629 4713 1772 4770 sodalium
1819 4714 1823 4725 '

45 4883 48 4889 Ι
92 4806 225 4863 omnibns
255 4813 426 4865 concremat.
457 4810 600 4881 Nusquam
630 4812 711 4864 tanta
739 4810 906 4867 crudelitate
954 4808 1091 4866 flebiliter
1106 4810 1277 4865 retulerunt.

93 4916 160 4956 usus
178 4904 222 4958 est
241 4900 421 4969 Guillelmus;
443 4901 490 4957 hic
513 4903 635 4975 turpiter
656 4902 723 4959 vitio
747 4904 904 4974 succubuit,
990 4904 1083 4959 Mense
1103 4903 1252 4973 ianuario,
1276 4918 1327 4958 rex
1353 4901 1520 4959 Guillelmus
1544 4901 1771 4974 llaugustaldam

92 4994 160 5050 ditm
183 4994 255 5049 iram
276 5010 356 5050 suam
376 5010 477 5066 regare
496 4997 678 5069 contempsit,
695 4999 724 5052 et
743 5012 806 5052 reos
825 4996 906 5053 inno
955 4996 1151 5053 revertebatur
1174 4995 1298 5067 alesia,
1320 4994 1367 5050 ria
1388 5010 1451 5067 quae
1471 4995 1610 5051 hactenus
1631 4994 1773 5051 exercitui

92 5103 213 5158 cuosque
228 5088 291 5159 pari
305 5087 551 5144 animaduersione
570 5089 701 5161 peremit.
716 5091 801 5145 tussit
816 5091 904 5161 euim,
956 5094 1017 5146 erat
1030 5089 1181 5158 intentata,
1201 5105 1257 5161 qua
1275 5088 1374 5145 crebro
1393 5087 1556 5144 acutissima
1574 5088 1645 5161 juga
1666 5091 1696 5144 at
1716 5087 1775 5145 vel·

90 5180 134 5236 ira
149 5179 324 5248 stimulante,
339 5180 484 5253 segetibus
499 5185 527 5237 et
541 5183 691 5255 pecoribus
704 5199 768 5238 cnm
783 5184 858 5240 vasis
877 5189 906 5241 et
954 5184 1025 5239 lium
1038 5182 1204 5239 humillime
1220 5182 1311 5250 sedes,
1322 5197 1389 5237 cum
1400 5180 1501 5237 ricinia
1517 5180 1672 5237 serenitate
1685 5197 1775 5238 verna

91 5273 172 5331 omni
193 5289 301 5347 genere
322 5273 525 5331 alimentorum
540 5276 654 5348 repleri,
672 5279 700 5333 et
713 5277 783 5349 igne
798 5277 905 5350 injecto
955 5276 1071 5350 gaudet,
1096 5274 1211 5332 nivibus
1232 5273 1448 5348 compluuntur.
1469 5274 1506 5329 At
1528 5272 1575 5330 ille
1597 5273 1628 5329 in
1652 5273 1776 5331 acerbis·

89 5367 205 5441 penitus
220 5366 318 5424 omnia
328 5367 414 5424 simul
426 5368 567 5440 comburi,
583 5373 613 5426 et
624 5371 664 5427 sic
677 5386 792 5428 omnem
806 5370 905 5428 alimo-
955 5370 1027 5426 simo
1043 5368 1147 5425 hiemis
1160 5370 1225 5442 gelu
1239 5368 1378 5439 transivit,
1388 5367 1556 5441 animosque
1570 5366 1696 5423 miiitum
1706 5383 1774 5424 con·

89 5460 168 5517 niam
180 5477 232 5534 per
246 5463 335 5516 totam
347 5461 499 5535 regionem
511 5464 814 5521 'frans-llumbranam
829 5465 905 5538 pari·
954 5463 1079 5519 lirmarit
1099 5479 1150 5519 sua
1172 5462 1327 5519 alacritate.
1351 5458 1423 5518 lllud
1443 5460 1498 5518 iter
1521 5458 1679 5517 difficulter
1702 5476 1769 5533 per·

89 5554 135 5609 ter
153 5553 304 5611 devastari.
324 5555 403 5612 Unde
421 5558 554 5630 sequenti
572 5563 703 5632 tempore
725 5564 783 5615 tem
808 5557 905 5630 gravis
954 5563 1050 5614 actum
1062 5556 1223 5630 est,inquo
1232 5555 1403 5627 sonipedum
1416 5553 1520 5628 iugens
1532 5551 1618 5610 ruins
1629 5553 1708 5610 fecta
1717 5557 1772 5610 est.

88 5647 119 5703 in
138 5646 241 5720 Anglia
259 5646 316 5704 lale
337 5650 418 5706 sterit
434 5650 565 5723 penuria,
580 5656 609 5707 et
628 5651 769 5708 inermem
788 5666 820 5708 ae
834 5651 903 5708 sim·
953 5649 1062 5707 Anxius
1083 5665 1135 5723 pro
1152 5665 1203 5706 sua
1221 5648 1341 5724 quisque
1359 5648 1450 5705 salute
1467 5646 1585 5715 exstitit,
1600 5644 1771 5719 dominique

84 5741 192 5813 plicam
213 5742 354 5816 populum
377 5747 455 5802 muta
476 5743 560 5802 lamis
581 5744 697 5804 involvit
721 5744 848 5818 miseria,
874 5746 905 5802 ut
954 5760 1056 5820 parum
1080 5747 1129 5801 aut
1149 5742 1233 5801 amici
1255 5741 1395 5803 meminit.
1417 5742 1450 5800 lo
1475 5756 1509 5798 ea
1530 5736 1699 5801 nataturo
1719 5754 1772 5803 tax
