3750 6046
63 174 129 232 ssu
744 174 889 233 ornnem.
904 203 939 217 -
958 174 1020 231 ua
1041 175 1063 231 1.
1413 140 1417 151 ’
1669 174 1737 233 rus

59 301 161 354 vestrae
174 297 394 356 innotescerent.
409 298 543 356 Nonnulli
555 298 663 371 quippe
687 297 780 356 Latini
793 298 872 355 Gra·
882 309 913 384 Α
922 296 1063 354 cessiones
1075 301 1239 369 temporum
1253 298 1407 369 emergent
1419 295 1635 353 multiformiter
1651 312 1735 353 mun·

60 407 161 448 corum
189 391 270 448 dietis
293 393 463 465 plerumque
478 392 625 463 falluntur,
636 391 707 448 dum
721 406 756 448 ea
776 393 874 449 verbo·
924 390 971 448 do.
993 391 1125 457 Quamvis
1142 394 1238 448 autem
1256 394 1357 447 vestra
1381 390 1567 447 beatitudinis
1586 391 1737 449 arbitrium

58 501 124 541 rum
133 488 246 543 mntem
255 486 373 542 transite
385 487 518 555 audiunt,
533 503 590 542 non
604 490 701 542 autem
712 484 873 541 examinato
923 484 1129 558 pretiosissimo
1144 501 1290 542 sacrarum
1303 485 1514 558 seripturarum
1528 485 1662 541 thesauro
1676 487 1736 558 ple·
1849 536 1852 541 .

58 595 145 636 sensu
158 579 332 651 intelligunt,
352 582 482 652 putantes
506 596 554 636 eos
566 578 711 635 affirmare
725 579 804 652 quod
816 596 874 636 non
922 595 993 634 num
1008 581 1038 634 et
1052 580 1248 652 superomnia
1273 580 1405 635 eminens
1428 578 1542 635 abunde
1568 580 1603 635 ad
1617 595 1735 652 respon·

58 672 213 742 affirmant,
229 678 279 730 aut
291 689 396 746 negare
411 673 488 746 quod
501 675 662 729 nullatenus
674 678 790 746 negant.
923 672 1051 728 dendum
1064 672 1170 729 Graecis
1179 672 1311 741 sufficiat,
1326 678 1355 729 et
1365 673 1419 729 boc
1433 672 1675 745 Agnorerelante,
1690 674 1737 731 vel

96 768 162 823 feci
174 768 268 840 itaque
282 767 360 840 quod
371 767 456 838 jussit
476 767 630 840 apostolica
654 767 815 836 auctoritas,
829 767 873 823 oni
923 765 1070 838 aperiente
1089 766 1214 837 sigillum
1227 766 1329 822 divinae
1358 766 1521 838 Scripturas,
1550 767 1600 839 qni
1627 766 1737 823 oeeisua

58 877 172 934 semper
201 861 459 933 obtemperandum
487 865 539 931 est,
561 878 619 917 non
643 865 754 918 mutum
773 861 874 918 devota
924 862 968 915 est
980 859 1015 914 eb
1029 859 1141 932 origine
1155 859 1268 928 mundi,
1282 864 1311 917 et
1324 859 1453 932 quamvis
1467 864 1531 933 post
1543 859 1615 916 tanti
1636 861 1734 919 docto·

58 954 230 1022 bumilitate,
244 971 343 1010 rerum
356 955 443 1010 etiarn
452 959 566 1011 aeternae
578 955 677 1011 salutis
689 954 871 1011 necessitate.
923 954 962 1009 ris
976 953 1172 1009 excellentiam
1184 953 1221 1009 eb
1236 953 1299 1009 aliis
1313 970 1427 1027 quoque
1440 954 1606 1011 latinorum
1627 954 1737 1029 sapien·

58 1048 227 1103 Conservavi
239 1052 336 1104 antem
356 1053 497 1121 quantum
511 1049 652 1104 memoria
672 1048 873 1105 subministra·
922 1047 998 1103 tibus
1011 1047 1099 1102 multa
1111 1047 1245 1103 validiora
1268 1048 1405 1104 adversus
1428 1065 1478 1104 eos
1503 1051 1613 1121 queant
1634 1065 1736 1107 oonre·

58 1142 118 1212 bat,
145 1146 275 1197 tenorem
308 1141 412 1214 dialogi
443 1159 529 1215 quem
556 1159 623 1198 eum
651 1143 808 1199 venerabili
841 1158 873 1197 ac
924 1141 1546 1215 niriergumente,tameneaquaeegoinhoe
1560 1149 1737 1215 Ἀντικειμᾰνῶν

57 1235 222 1291 deotissime
245 1235 455 1308 archiepiscopo
490 1236 665 1291 Nicodemioe
697 1236 815 1293 Nechite
842 1237 872 1292 in
923 1234 975 1290 sub
988 1234 1100 1307 dialogo
1113 1235 1258 1303 contexui,
1274 1251 1330 1290 non
1345 1235 1437 1291 subito
1452 1236 1487 1291 ab
1505 1236 1736 1309 aliquibusjudi-

58 1329 318 1402 publieoeonventu
328 1331 405 1400 apud
420 1329 520 1385 urbem
530 1329 873 1404 constantinopolitanam
923 1329 1024 1384 centur
1037 1328 1190 1401 superflua,
1204 1329 1340 1401 quoniam
1355 1329 1481 1385 fortassis
1493 1329 1583 1402 aliqui
1602 1331 1735 1387 humiles.

57 1423 158 1491 habui,
172 1423 279 1478 addens
294 1423 426 1496 quedam
439 1440 495 1479 non
508 1424 604 1479 minus
616 1423 683 1479 fidei
703 1423 871 1494 necessaria,
924 1421 1003 1477 etad
1022 1421 1131 1494 aliquid
1154 1421 1357 1478 inveniendum
1376 1423 1471 1478 subito
1494 1441 1551 1479 non
1562 1425 1633 1481 adeo
1649 1425 1738 1498 agiles

60 1533 149 1590 quam
162 1517 228 1572 huic
241 1518 321 1589 operi
336 1534 474 1589 congrua.
492 1518 555 1573 Fuit
571 1521 667 1573 eutem
683 1517 761 1573 idem
780 1517 872 1572 erchi-
924 1531 1022 1571 sensus
1036 1515 1185 1585 habentes,
1201 1517 1255 1571 ista
1277 1515 1399 1571 libenter
1412 1517 1513 1573 lecturi
1533 1522 1609 1586 sunt,
1626 1525 1658 1575 ut
1672 1534 1737 1592 quse

59 1611 354 1683 episcopuslteobiles
376 1611 538 1683 precipuus
559 1611 635 1666 inter
656 1610 807 1667 duodecim
830 1610 873 1666 di·
923 1608 1013 1664 Graeci
1036 1608 1144 1673 dicunt,
1169 1608 1263 1664 verius
1294 1615 1484 1682 cognoscent:
1513 1611 1561 1684 [et]
1591 1629 1655 1684 quae
1683 1612 1738 1669 illis
1852 1602 1858 1611 ’

60 1704 198 1773 dasealos,
212 1705 263 1776 qui
278 1706 361 1776 juxte
382 1721 492 1761 morem
516 1705 679 1777 sapientum
700 1706 871 1773 Graecorum,
883 1684 912 1757 Β
923 1702 1091 1774 responderi
1103 1707 1222 1774 possunt
1234 1702 1412 1775 aliquatenus
1427 1704 1473 1759 bie
1492 1704 1646 1762 inveniant.
1662 1706 1736 1763 Sane

58 1803 87 1855 et
104 1797 268 1854 liberalium
292 1798 399 1855 artium
424 1806 452 1854 et
474 1799 635 1854 divinarum
660 1799 872 1871 seripturarum
923 1796 1086 1868 quicunque
1101 1796 1163 1851 haeo
1176 1796 1289 1869 legerit,
1305 1797 1376 1853 sciat
1390 1814 1436 1853 me
1462 1814 1495 1853 ea
1522 1799 1664 1870 scripsisse
1680 1816 1737 1856 non

57 1891 154 1948 studia
169 1896 284 1965 regunt,
298 1896 327 1948 et
340 1892 449 1948 caeteris
464 1892 652 1964 sapientibus,
663 1897 803 1964 tanquam
813 1908 874 1948 om·
922 1892 981 1944 tom
999 1894 1212 1962 utquemquam
1227 1890 1371 1959 docerem,
1382 1896 1430 1946 ant
1442 1892 1511 1963 quid
1525 1892 1736 1964 egodidieerim

56 1986 142 2042 nibus
151 1986 405 2058 praeminentesin
415 1986 555 2055 doctrina,
565 1989 701 2057 presunt,
713 1986 787 2041 etad
803 2002 873 2058 qnos
924 1985 955 2038 ut
991 1985 1179 2054 ostentarem,
1193 2000 1282 2056 quum
1318 1988 1350 2040 ut
1372 1985 1537 2055 apostoliea
1554 1985 1737 2042 beatitudinis

57 2097 157 2136 omues
172 2080 342 2151 quaestiones
356 2079 530 2135 difficillime
544 2080 722 2148 referuntur,
737 2083 767 2134 et
778 2078 815 2134 eb
832 2079 873 2135 eis
923 2082 1020 2132 sancto
1035 2076 1170 2132 mandato
1184 2077 1342 2145 obedirem,
1356 2078 1402 2132 oui
1426 2094 1485 2133 non
1508 2078 1622 2135 obedire
1645 2080 1739 2151 majus

56 2174 160 2230 solutae
174 2174 308 2244 deinceps
322 2173 383 2228 siue
390 2173 593 2228 retractatione
608 2176 695 2243 etpro
705 2172 873 2228 confirmata
923 2175 1074 2242 peceatum
1090 2187 1152 2226 esse
1166 2170 1300 2239 arbitror,
1314 2186 1402 2243 quam
1423 2171 1538 2226 tametsi
1553 2172 1648 2227 minus
1658 2173 1739 2228 utilia

58 2267 201 2323 sententia
223 2270 358 2323 tenentur
381 2272 409 2322 et
430 2265 602 2321 scribuntur.
622 2265 751 2320 Praemisi
776 2267 874 2321 autem
924 2280 976 2319 seu
989 2264 1084 2320 minus
1099 2263 1259 2335 probabilia
1274 2263 1443 2320 obedienter
1462 2265 1597 2321 scribere.
1613 2265 1675 2321 Feci
1688 2266 1740 2322 ita·

56 2361 166 2416 librum
190 2360 224 2414 de
247 2376 305 2414 una
328 2361 420 2416 forma
439 2358 575 2414 credendi
595 2363 623 2413 et
641 2357 873 2415 multiformitate
923 2373 979 2428 que
994 2357 1072 2429 quod
1087 2357 1178 2428 potui,
1196 2357 1259 2413 licet
1273 2357 1369 2413 miuus
1382 2358 1570 2430 quamdebui,
1587 2358 1631 2414 rel
1643 2358 1721 2415 volui
1727 2376 1737 2430 3
1846 2384 1849 2391 ·

57 2453 177 2509 vivendi
188 2457 343 2524 atempore
357 2453 426 2508 Abel
437 2453 507 2524 justi
522 2468 611 2523 usque
625 2452 662 2507 ad
683 2451 874 2507 novissimum
924 2453 953 2505 et
966 2452 1042 2523 quod
1056 2450 1152 2518 debui,
1166 2450 1351 2524 probabiliter
1363 2451 1481 2524 quidem
1493 2451 1661 2520 obediendo,
1673 2451 1740 2511 licet

57 2548 193 2614 electum,
209 2547 306 2603 multis
319 2546 635 2619 quorumdamfratrum
643 2545 777 2618 precibus
790 2563 872 2602 coac·
923 2545 1016 2599 minus
1027 2544 1214 2616 probabiliter
1226 2544 1377 2601 scribendo
1392 2545 1522 2617 :gravior
1535 2561 1640 2618 nempe
1654 2546 1737 2619 eulpa

59 2644 116 2708 tus,
131 2641 180 2713 qui
193 2640 324 2696 dicebant
341 2640 437 2695 multis
462 2640 596 2712 parvulis,
620 2656 734 2694 necnon
757 2640 872 2711 snpien-
924 2641 967 2693 est
991 2639 1126 2693 mandato
1147 2655 1205 2694 non
1227 2638 1352 2708 obedire,
1371 2655 1459 2711 quarn
1473 2638 1631 2695 obediendo
1650 2639 1739 2695 etiam

61 2735 137 2791 tibus
160 2734 256 2808 [baudi
287 2733 432 2788 modicum
457 2749 518 2788 esse
544 2734 719 2801 scandalum,
744 2733 820 2805 quod
844 2733 873 2788 in
924 2730 1136 2805 qualiacunque
1165 2731 1300 2800 scribere,
1326 2733 1404 2788 salva
1429 2736 1540 2789 tantum
1567 2732 1739 2788 reatitudine

57 2829 184 2885 Ecclesia
198 2845 261 2900 quse
270 2845 325 2883 une
341 2833 392 2895 est,
408 2844 494 2883 uuam
508 2826 595 2882 fidem
607 2827 743 2895 tenendo,
760 2831 803 2883 tot
815 2832 874 2882 tam
923 2825 1003 2895 fidei,
1030 2826 1166 2898 quoniam
1187 2826 1209 2881 si
1234 2826 1383 2899 imperitia
1401 2826 1551 2882 scribendo
1577 2830 1684 2898 peccat,
1708 2825 1739 2881 id
1845 2830 1855 2907 ,ᾗ

58 2924 176 2979 diversae
190 2921 336 2994 religionis
349 2921 486 2977 novitates
501 2920 606 2994 passim
620 2920 728 2994 ubique
746 2937 797 2992 per
809 2937 873 2976 suc·
924 2917 1055 2989 injuncta
1068 2925 1096 2976 et
1107 2919 1258 2976 humiliter
1269 2920 1388 2992 impleta
1402 2920 1565 2977 obedientia
1577 2923 1703 2976 excusat.

643 3278 845 3373 LIBER
884 3279 1149 3375 PRlMUS.

148 3500 193 3564 lle
214 3501 342 3566 unitate
362 3502 439 3567 fidei
460 3507 494 3567 et
512 3501 778 3567 multiformitate
799 3502 933 3568 vivendi
953 3503 995 3567 ab
1016 3501 1098 3567 Abel
1116 3503 1208 3583 Justo
1230 3500 1399 3583 usquead
1421 3498 1644 3564 novissimum

817 3601 969 3667 eleotum.

294 3975 483 4033 cernulus
500 3977 641 4035 PlllldUll.
883 3975 1015 4061 (plorum
1026 3972 1203 4047 prohibetur.
1216 3973 1295 4038 Quod
1314 3972 1399 4028 modo
1419 3974 1558 4044 tanquam
1572 3970 1741 4043 sacrilegum

54 4070 94 4124 De
105 4081 134 4122 co
146 4068 220 4137 quod
233 4068 347 4137 quidem
358 4071 443 4125 soleat
468 4072 567 4126 mirari
579 4076 634 4126 tom
660 4074 753 4129 eorico
779 4072 869 4131 cirris·
921 4069 1080 4140 inhibetur,
1094 4068 1186 4125 subito
1197 4072 1336 4140 tanquam
1353 4069 1483 4122 mucium
1494 4071 1524 4122 et
1543 4065 1655 4121 salubre
1669 4080 1739 4121 eon·

273 4150 355 4204 ttouae
380 4151 519 4221 sclipionts
542 4154 657 4219 formos.
922 4164 1045 4219 ceditur,

93 4250 192 4305 Solent
217 4250 346 4323 plerique
375 4252 486 4322 mirari,
514 4258 543 4309 et
563 4253 592 4308 in
611 4253 801 4326 quaestionem
824 4270 871 4325 po
956 4257 1044 4325 Tales,
1058 4272 1124 4310 cnm
1138 4254 1220 4311 otiosi
1239 4257 1315 4323 sunt,
1343 4254 1485 4310 inducunt
1505 4253 1686 4326 quaestiones,
1710 4259 1740 4312 et

54 4355 135 4406 nere,
149 4343 177 4394 et
190 4339 395 4412 interrogando
412 4359 468 4397 non
482 4342 575 4398 solum
589 4342 653 4411 sibi,
669 4342 870 4398 verumetiam
920 4348 1007 4405 eorda
1020 4348 1192 4420 simplicium
1216 4351 1393 4420 pervertunt,
1412 4348 1538 4405 dicentes
1557 4364 1673 4403 omnem
1699 4365 1743 4405 re·

55 4430 119 4486 aliis
133 4432 296 4488 scandalum
311 4451 467 4506 generare:
484 4436 583 4491 dicunt
596 4436 683 4505 enim,
697 4442 725 4494 et
734 4442 871 4510 tanquam
920 4442 1056 4515 ligionem
1066 4445 1214 4498 anteesse
1223 4441 1523 4513 contemptibiliorem,
1532 4445 1642 4514 quanto
1653 4442 1742 4498 mobi-

54 4526 225 4582 calumuiosi
253 4527 438 4599 inquisitores
474 4529 651 4602 interrogant
677 4547 683 4586 :
712 4531 804 4595 Quare
830 4532 872 4584 tot
921 4536 1036 4593 liorem.
1052 4535 1131 4600 Quod
1149 4533 1235 4604 enim,
1255 4535 1399 4607 inquiunt,
1416 4538 1459 4590 est
1478 4540 1536 4590 tam
1548 4535 1666 4604 mobile,
1681 4537 1740 4591 tam

55 4620 193 4677 1¹⁰fil⁸10³
213 4621 242 4676 ln
266 4623 388 4678 &clem
410 4623 459 4677 Dei
480 4623 571 4679 fiunt?
589 4624 682 4690 Quare
697 4628 737 4680 [οῑ
757 4623 872 4680 ordinet
920 4629 1066 4697 variabile,
1081 4634 1138 4685 tem
1152 4629 1294 4697 instabile,
1314 4629 1456 4701 quomodo
1469 4628 1562 4684 alicui
1574 4628 1740 4701 sapientum

53 4713 85 4769 in
109 4730 142 4768 ea
163 4715 307 4787 surgunt?
332 4715 399 4779 Quis
424 4732 575 4772 numerere
596 4721 684 4790 queat
697 4720 739 4772 tot
758 4717 871 4772 ordines
921 4724 1008 4797 digne
1037 4727 1129 4795 potest
1162 4737 1222 4779 asse
1244 4721 1405 4778 imitabile?
1427 4723 1543 4794 propria
1573 4722 1678 4795 quippe
1697 4723 1741 4780 sni

53 4806 248 4863 clericorum?
270 4808 337 4873 Quis
357 4824 416 4864 1¹0ss
445 4809 602 4866 fldmirelur
622 4813 664 4865 let
683 4826 788 4882 genera
813 4827 873 4866 ¹11⁰·
921 4817 1054 4874 varietate
1069 4816 1170 4888 probat
1181 4834 1211 4871 se
1231 4815 1425 4888 respuendum
1445 4832 1516 4871 esse.
1530 4817 1598 4872 Eece
1611 4816 1741 4873 videmus

54 4901 237 4957 nachorum‘?
271 4901 340 4966 Quis
369 4901 493 4975 denique
518 4920 574 4959 110ss
601 4903 818 4972 scandalizetur,
845 4907 873 4960 θῑ
922 4910 952 4965 in
966 4910 1154 4979 Ecclesiabei,
1168 4916 1200 4966 ut
1212 4909 1616 4982 sinuqqnosdememergore,
1630 4910 1741 4982 quipro

53 4994 130 5050 inter
139 5000 181 5050 tot
190 5002 218 5051 et
227 4999 286 5050 tam
301 4995 424 5051 diversos
437 4996 544 5052 formas
563 4997 734 5069 religionum
749 4996 871 5052 invicem
920 5003 1003 5060 libitu
1042 5020 1093 5060 suo
1130 5004 1246 5061 insolito
1288 5003 1389 5059 babitu
1432 5004 1601 5072 induuntur,
1633 5020 1740 5062 novum
1848 5022 1851 5027 ·

55 5089 278 5160 discrepantium
309 5089 427 5145 taedioso
459 5107 517 5146 non
549 5091 692 5147 afliciatur
721 5090 873 5146 amudalot
922 5097 1033 5153 vivendi
1046 5098 1177 5154 ordinem
1189 5098 1243 5153 sibi
1256 5097 1413 5169 eligunt,et
1431 5097 1488 5153 aive
1502 5098 1555 5153 sub
1575 5098 1740 5155 monasticae

55 5182 191 5248 Quinimo
216 5184 350 5256 quianon
369 5184 873 5257 contemnatchristiauamreligio·
923 5189 1109 5262 professionis
1134 5191 1229 5260 titulo,
1256 5190 1314 5245 sire
1340 5190 1393 5246 sub
1414 5190 1557 5247 oenonieae
1581 5190 1740 5263 discipline

55 5294 123 5332 nem
137 5281 180 5333 tot
192 5278 376 5334 varietatibus
390 5279 555 5351 subjectam,
572 5283 616 5336 tot
627 5279 874 5335 adinventionibus
923 5289 998 5351 voto,
1013 5284 1151 5356 quidquid
1166 5285 1275 5353 volunt,
1297 5284 1353 5340 sibi
1365 5291 1527 5353 assumunt,
1543 5301 1651 5341 novum
1665 5286 1737 5358 psal-

54 5371 247 5440 immutatem,
270 5377 313 5428 tot
334 5372 414 5427 novis
439 5373 551 5444 legibus
576 5377 605 5430 et
619 5361 913 5437 consuetudinibusD
923 5378 1002 5434 leudi
1015 5377 1067 5433 sibi
1080 5378 1280 5447 adinveniunt,
1296 5395 1401 5436 novum
1414 5378 1595 5436 abstinentie
1609 5379 1739 5445 modum,

53 5466 201 5535 agitatam,
213 5469 255 5522 tot
273 5467 379 5539 regulis
392 5469 421 5522 et
437 5467 563 5522 moribus
579 5467 639 5522 fere
658 5467 808 5523 annuatim
825 5468 870 5526 in·
923 5474 953 5528 et
965 5475 1057 5527 metas
1069 5471 1240 5530 cibariorum
1256 5475 1393 5542 statuunt,
1414 5476 1443 5529 et
1457 5474 1674 5531 neomonaebos
1693 5472 1743 5545 qui

54 5559 164 5615 novatis
193 5561 403 5617 fluctuantem?
438 5561 517 5625 Quod
547 5561 641 5631 modo,
678 5561 823 5636 inquiunt,
858 5580 874 5619 a
926 5566 978 5622 sub
993 5566 1101 5639 Regula
1121 5566 1197 5623 beati
1210 5566 1352 5623 Benedicti
1377 5567 1513 5636 militent,
1528 5583 1580 5624 nec
1591 5568 1740 5624 canonicos

56 5655 226 5729 quibusdem
236 5661 482 5728 proplerreguum
492 5657 626 5712 coelornm
641 5657 878 5730 precipitur,boe
929 5661 978 5734 qui
993 5662 1045 5717 snb
1065 5662 1176 5736 Regula
1195 5661 1279 5719 beati
1290 5662 1445 5733 angustini
1462 5661 1657 5729 uaesaniam
1670 5657 1773 5705 ibam

56 5752 152 5810 statim
165 5750 200 5809 ab
214 5750 333 5821 eisdem,
350 5767 401 5811 scu
415 5750 452 5811 ab
470 5750 534 5812 aliis
553 5757 674 5829 propter
689 5768 816 5835 regnum
830 5773 885 5819 cse-
937 5763 1060 5837 gerunt,
1070 5758 1230 5819 imitantur
1239 5776 1252 5818 a
1265 5757 1322 5815 sed
1331 5753 1532 5813 emilianae&
1541 5741 1802 5802 memmae
