3750 6046
388 256 544 313 tttstotttt
562 254 828 314 ecelesiastica.
843 284 878 295 -·
894 254 981 312 PARS
999 255 1045 313 ΙΙΙ.
1060 285 1094 295 -
1108 256 1170 311 tte.
1192 255 1235 311 xl.
1594 257 1645 313 att

78 398 127 438 rex
139 382 316 454 pedetentim
329 400 376 439 eos
390 387 555 456 persecutas
576 388 632 454 est;
650 384 698 439 scd
715 383 780 439 nul·
792 394 822 468 Α
833 384 867 440 de
894 384 1043 440 Girarenna
1052 402 1060 454 ;
1074 385 1203 456 aliosque
1218 385 1376 457 precipuos
1395 385 1525 451 barones,
1541 387 1645 442 Ranul-

72 482 122 534 rtra
143 493 208 532 eum
233 478 427 549 egrediensus
452 486 503 534 est.
523 480 619 535 blerilo
633 480 688 534 illis
710 479 782 534 male
833 480 892 533 term
920 479 1026 533 seilicet
1048 480 1238 550 bajocensem,
1253 482 1281 534 et
1295 479 1446 534 tladollum
1459 481 1494 535 dc
1509 480 1641 549 Cauchis,

72 571 101 637 it,
122 572 203 642 juxta
217 573 286 627 illud
312 574 389 644 qood
404 575 555 644 Apostolus
568 574 650 629 dicit:
674 577 704 631 Si
723 576 784 644 qais
836 572 1007 627 ltodlrerlum
1023 573 1058 627 de
1071 573 1230 629 blentelorti
1243 576 1273 627 et
1284 573 1461 628 liudbertum
1476 574 1511 629 de
1525 578 1643 633 Grente·

72 682 101 720 ‘m
117 668 166 721 liei
186 668 338 730 rioloarrit,
354 668 576 738 disperdetillam
589 669 692 737 Deasll
709 667 781 725 Cor..
834 666 987 736 maisnilio,
1019 667 1144 738 aliosque
1172 667 1267 738 plures
1302 683 1367 721 cum
1394 668 1452 722 suis
1482 670 1642 727 clientibus.

74 802 80 813 .
106 762 176 815 Ecce
190 760 235 815 isti
250 762 365 816 domum
382 761 431 817 [lei
456 762 620 833 speluncam
639 763 783 816 latronum
834 762 954 815 Econtra
975 760 1133 815 Radbertus
1147 760 1202 815 dita
1219 776 1316 816 secum
1331 760 1642 819 habebatllodbertum

72 856 229 926 elecerrrnt,
244 862 273 910 et
289 856 418 926 turpibus
429 857 618 911 immunditiis
631 856 783 912 hominum
834 855 1050 923 belesmensem,
1067 860 1096 908 el
1112 857 1246 925 nepotem
1257 855 1317 925 ejus
1330 854 1513 911 Guillelnrum
1528 858 1642 914 Merito·

72 965 145 1004 rrum
160 950 783 1022 irreverenterpolluerunt,meritoqueterro
834 949 963 1017 liensem,
987 948 1162 1003 liodbertnm
1187 950 1221 1003 de
1245 949 1388 1005 stotevilla
1403 953 1432 1005 et
1454 950 1641 1009 Goillelmum

72 1044 160 1100 scibas
175 1043 300 1099 llamrnis
314 1043 500 1099 interierunt!
547 1082 551 1089 -
834 1043 868 1098 de
882 1042 1027 1107 Ferrariis‚
1044 1042 1170 1115 aliosque
1195 1043 1291 1113 plures
1313 1059 1377 1097 cum
1390 1044 1448 1098 sais
1460 1045 1576 1103 viribus.
1591 1048 1642 1103 ldi-

72 1138 389 1193 cltodbertustradilor
399 1142 558 1209 captnsest,
568 1142 597 1192 et
607 1142 782 1194 transversus
832 1136 894 1192 lites
905 1136 1022 1208 quidem
1038 1153 1097 1191 non
1113 1140 1205 1191 tacitos
1221 1139 1251 1190 nt
1273 1137 1361 1191 irater
1374 1138 1445 1208 ejrts.
1462 1139 1580 1205 habuil;
1595 1142 1645 1199 sed

79 1248 195 1305 equum,
222 1233 293 1286 sicat
319 1249 423 1301 saccus,
446 1248 544 1287 eoram
563 1248 631 1303 rege
645 1233 782 1288 adductus
833 1230 961 1301 peditum
974 1230 1202 1286 numerosiorem
1211 1234 1352 1285 cateruam
1363 1232 1503 1303 produxit.
1514 1236 1544 1289 hs
1556 1236 1644 1291 armis

72 1326 106 1382 lui
138 1328 192 1381 uit:
228 1327 340 1395 Perdite,
374 1327 407 1380 de
433 1331 506 1381 terre
530 1343 588 1381 raca
618 1329 691 1395 supr.
724 1331 783 1384 Nisi
833 1344 865 1379 ex
880 1328 999 1397 atrarpre
1015 1328 1093 1396 parte
1107 1324 1207 1380 tratres
1221 1330 1250 1379 et
1260 1326 1373 1395 cognati
1388 1327 1586 1395 ersasistebant,
1613 1335 1641 1387 et

72 1424 178 1476 lcreatio
200 1424 272 1475 socri
296 1422 411 1479 ordinis,
430 1422 504 1490 cujas
528 1421 651 1475 habitam
665 1424 782 1476 caterius
833 1420 964 1475 nonnulli
979 1436 1076 1474 eorum
1099 1423 1198 1474 mutua
1221 1420 1334 1475 sibimel
1356 1422 1474 1477 vulnera
1496 1423 1641 1495 parabant.

72 1517 201 1571 riserriem
214 1517 331 1582 facerem
358 1521 382 1568 te
396 1517 521 1568 reatinae
535 1516 701 1570 membratim
726 1515 780 1570 dis·
832 1513 1016 1568 Fraudulenli
1042 1530 1156 1584 qnoque
1171 1514 1328 1569 desertores
1349 1515 1457 1587 spicula
1470 1518 1638 1589 gestabant3

72 1626 86 1663 r.
123 1609 258 1663 Dimissus
289 1610 384 1680 itaque
420 1611 549 1679 apostata
583 1610 710 1679 prothoas
746 1609 780 1662 ad
833 1609 879 1663 scd
895 1624 950 1662 non
965 1608 1049 1662 hrnto
1074 1608 1159 1662 corde
1182 1624 1233 1662 suo
1250 1608 1372 1679 principi
1386 1610 1640 1683 adluerebanl,i·
1728 1652 1731 1657 -

72 1720 102 1772 ts,
121 1703 196 1757 unde
211 1706 358 1767 arabeum
374 1702 511 1757 dedecore
526 1703 646 1773 aulagil,
668 1707 693 1757 et
709 1719 782 1774 prae-
834 1718 933 1773 greqoe
949 1702 1040 1772 magis
1060 1718 1146 1773 quam
1163 1702 1305 1757 conllictui
1319 1719 1370 1773 pro
1390 1705 1587 1762 malevolentia
1601 1708 1642 1765 in-

72 1813 125 1852 ant
161 1797 324 1865 argentolii,
351 1797 418 1867 quia
445 1797 631 1852 monachatus
655 1766 962 1868 quietemsshiahant.

74 1895 221 1962 aupertate
237 1891 265 1944 in
285 1891 405 1945 elaustro
419 1891 491 1946 ferre
515 1890 691 1962 negligebat,
711 1892 780 1946 obti-
871 1891 965 1944 Plures
977 1889 1109 1960 equidem
1129 1889 1253 1961 religiosi
1269 1889 1319 1944 riri
1339 1894 1449 1945 tantum
1463 1892 1540 1947 ucles
1553 1894 1640 1967 impe·

72 1985 195 2056 [tumque
218 1985 247 2038 in
265 1985 366 2039 eodem
381 2001 456 2040 anno
473 1984 627 2056 quemdam
641 1987 782 2041 ioannem
834 1985 894 2039 dire
908 1983 1000 2038 coacti
1022 1989 1097 2052 sunt,
1118 1983 1293 2054 fraternique
1308 1984 1455 2052 sanguinis
1477 1986 1643 2046 allusionem

72 2079 308 2149 sconstringeret‚
325 2082 354 2132 et
370 2080 464 2133 nescio
478 2095 548 2150 quas
561 2080 783 2134 consuetudines
834 2078 930 2133 videre
945 2078 1030 2133 nimis
1043 2077 1210 2132 timuerunt.
1227 2075 1323 2131 Vitatis
1336 2080 1431 2133 antem
1446 2081 1575 2148 eremite,
1592 2085 1643 2155 qui

72 2172 354 2243 riolenlerexigerct,
371 2171 549 2239 iralurentm
568 2175 784 2245 aproelalopa-
834 2175 901 2227 tuoe
926 2172 1001 2227 inter
1028 2170 1203 2225 venerabiles
1232 2187 1367 2241 personas
1391 2176 1452 2227 orat
1473 2176 1641 2247 praecipuus,

72 2273 279 2337 percussisses,
296 2272 323 2321 et
344 2267 393 2332 ila,
416 2266 594 2336 exigentibus
609 2267 707 2338 calpiS,
723 2268 783 2323 sine
834 2266 944 2322 crateris
957 2264 1119 2332 torrentior,
1134 2267 1280 2334 sequester
1302 2264 1376 2319 inter
1395 2281 1544 2336 germanos
1565 2270 1645 2326 dissi·

72 2361 138 2414 talia
149 2361 234 2415 miser
244 2360 400 2415 trucidatus
414 2364 465 2414 est.
834 2360 935 2415 dentes
947 2358 1048 2424 laetus,
1064 2356 1198 2412 audacter
1224 2357 1370 2412 interdixit
1389 2374 1423 2414 ne
1446 2363 1586 2419 certarent
1598 2381 1644 2420 oo·

71 2471 165 2509 amnas
179 2458 247 2508 tune
259 2455 288 2508 in
304 2455 477 2508 h'ormannia
492 2455 625 2509 tonitruis
641 2458 670 2508 et
682 2455 782 2509 imbri·
835 2454 938 2520 minus,
962 2469 999 2507 ne
1022 2453 1188 2506 viderentur
1212 2450 1315 2506 imitari
1337 2451 1500 2510 detestabile
1514 2458 1645 2515 omnibus

72 2565 127 2620 que
151 2548 233 2603 bellis
254 2551 461 2618 tempestuosus
477 2549 546 2611 tuit,
569 2552 598 2602 et
618 2548 783 2620 praeliorum
834 2546 943 2601 stecnlis
956 2545 1168 2617 OEdipodarum
1190 2544 1308 2613 lacinus,
1335 2545 1495 2619 meritoque
1516 2551 1645 2607 subirent

94 2642 298 2713 multiplicibus
311 2643 402 2696 causis
425 2643 510 2707 lotus,
525 2643 617 2713 palam
642 2643 781 2714 prorupit.
834 2640 966 2696 Ethioclis
980 2638 1149 2693 ctPolinicis
1165 2638 1289 2693 nefarios
1311 2643 1339 2694 et
1351 2638 1502 2697 horribiles
1517 2649 1643 2703 eventus.

72 2740 113 2791 rto
129 2735 269 2806 siqnidem
300 2736 363 2790 duci
384 2736 545 2792 bedbertus
565 2736 599 2791 de
622 2737 743 2791 belismo
757 2743 785 2792 ct
870 2734 997 2805 [lenique
1019 2750 1067 2788 rcx
1090 2732 1263 2804 multiplices
1277 2749 1357 2787 casus
1379 2734 1496 2792 solerter
1509 2737 1642 2810 inspexit,

73 2846 146 2898 mus,
172 2846 264 2884 comes
279 2830 422 2896 hloritolii,
444 2830 546 2901 aliique
568 2830 663 2901 plures
683 2830 784 2885 obnixe
834 2827 982 2899 verbisque
1010 2827 1201 2899 sophistarum
1228 2826 1326 2880 animo
1349 2829 1498 2900 perceptis,
1520 2830 1645 2889 diversos

72 2922 165 2985 ebant,
190 2923 256 2994 quia
274 2939 371 2994 regem
397 2924 593 2989 formidantes,
620 2925 696 2977 illias
711 2925 783 2996 jugo
835 2923 978 2976 consultas
1007 2920 1149 2975 subtiliter
1173 2920 1304 2975 resolvit.
1336 2921 1417 2977 Unde
1448 2923 1646 2995 hujuscemodi

99 3018 215 3072 omnino
238 3017 416 3084 recusabant,
433 3018 516 3089 eique
530 3018 597 3073 lotis
622 3018 730 3073 nisilms
741 3035 784 3072 re·
835 3015 1008 3086 legationem
1023 3014 1102 3069 lratri
1112 3030 1162 3068 suo
1175 3013 1337 3069 mandarit:
1361 3017 1427 3083 lige.
1442 3016 1543 3088 iuquit,
1556 3022 1647 3087 lucter

75 3113 117 3165 nt.
139 3111 217 3166 Unde
241 3127 299 3179 rex,
328 3117 500 3183 congregata
523 3128 637 3167 snorum
653 3112 781 3167 multitu·
834 3111 881 3169 esi,
911 3109 1196 3181 neuprocapiditate
1218 3110 1318 3162 terreni
1338 3109 1447 3164 honoris
1465 3112 1517 3165 hac
1539 3116 1646 3178 cremat,

72 3208 187 3259 astrum
212 3209 310 3258 contra
325 3204 597 3260 tenerchebraicum
618 3206 781 3271 construxit,
832 3219 880 3259 aec
895 3205 946 3258 tibi
959 3204 1026 3272 para
1041 3203 1157 3257 ducatus
1171 3204 1214 3256 tui
1225 3201 1344 3257 adimere
1362 3203 1484 3271 deercoi3
1497 3207 1544 3260 sed
1555 3207 1646 3277 lacry-

88 3300 227 3354 Thomam
257 3300 291 3354 de
321 3299 423 3353 Sancto
451 3301 572 3367 ioanae,
598 3317 661 3354 cum
688 3301 784 3354 maltis
834 3300 913 3352 tnesis
926 3298 1062 3367 questibus
1070 3311 1221 3366 priapeium
1237 3297 1377 3359 irreitetas,
1391 3297 1572 3354 Ecclesiaehei
1583 3308 1646 3371 opto

72 3409 115 3448 sus
128 3397 156 3447 et
170 3393 325 3464 peditibus,
342 3393 378 3447 ad
392 3393 528 3448 arcendos
544 3397 701 3448 castrenses
715 3410 782 3449 con·
833 3392 991 3461 salteriensi,
1009 3406 1076 3460 qaae,
1090 3391 1165 3444 oelrrt
1177 3392 1255 3444 auris
1264 3391 1321 3443 siae
1339 3389 1527 3456 gubernatore,
1538 3395 1648 3462 pericli·

98 3488 183 3541 Porro
210 3487 385 3554 Guillelmas,
410 3487 539 3541 bloritolii
569 3503 674 3555 eomes,
705 3487 783 3557 cujas
834 3488 993 3540 tatariatcr
1004 3484 1252 3553 proceltuspelagi.
1269 3486 1648 3555 Taenimterrrrmaturber

72 3598 106 3635 rm
123 3580 315 3649 obsidebatur,
346 3581 442 3635 uthac
458 3581 575 3646 audivit,
593 3580 783 3635 militamno·
834 3580 1007 3645 r'nsractaoso
1038 3592 1167 3645 occupas,
1196 3576 1354 3646 uallumque
1379 3577 1495 3646 iustitia>
1524 3581 1646 3646 tractam

87 3680 189 3730 ecclam
217 3676 392 3747 aggregavit,
418 3675 614 3744 mingentem
642 3673 783 3741 ciborum,
835 3671 958 3726 Creatori
975 3677 1066 3726 nostro
1092 3671 1238 3739 sacrificas.
1254 3671 1435 3739 Daaqaidem
1449 3675 1556 3729 stamine
1570 3679 1647 3731 lenas

72 3785 148 3840 nque
174 3786 281 3836 rerum,
297 3770 401 3840 quibas
415 3768 541 3822 obsessos
556 3767 685 3839 indigere
698 3784 782 3823 nove·
834 3766 958 3829 voerta-tm
974 3764 1021 3819 sect
1033 3780 1050 3819 o
1062 3764 1203 3818 clientibus
1217 3765 1270 3817 tais
1282 3764 1380 3833 polam
1398 3766 1585 3831 subsanrmm's,
1597 3786 1647 3826 nec

72 3869 219 3934 pparatum
244 3863 390 3931 conduxit,
412 3863 558 3932 regiisque
573 3861 741 3916 satellitibus
754 3862 784 3916 id
835 3861 876 3914 lai
891 3862 1055 3929 contemptas
1076 3858 1192 3927 injurias
1214 3858 1356 3913 ulcisceris.
1372 3860 1498 3917 Gmtcieles
1511 3878 1573 3933 crgo
1597 3867 1647 3919 iai·

72 3972 176 4012 noerore
200 3956 467 4027 contemplantilms,
492 3956 659 4011 introdusit.
675 3956 784 4011 Virides
834 3955 951 4024 quitatis
963 3953 1016 4023 filii
1028 3953 1076 4008 sab
1090 3953 1186 4006 ambro
1199 3954 1242 4006 tui
1254 3954 1378 4022 aequiter
1389 3957 1548 4025 opprimant
1558 3958 1648 4027 plebes

72 4066 121 4121 pcr
135 4067 218 4121 agros
242 4066 347 4105 messes
374 4051 460 4104 secari
484 4050 559 4117 lecit,
590 4052 619 4104 et
634 4050 784 4121 oppidanis
835 4047 1017 4111 Christianos,
1026 4048 1141 4117 jamque
1153 4046 1245 4117 plures
1255 4062 1326 4116 pene
1338 4048 1489 4106 horninibus
1501 4067 1601 4107 vocaus
1618 4056 1648 4109 ta

72 4145 84 4198 i
109 4143 247 4215 pulsatum
270 4161 409 4215 equorum
437 4134 670 4198 subministravit.
687 4146 783 4200 Tantae
833 4142 1003 4201 Normannio
1028 4142 1151 4207 {recurat
1179 4141 1332 4210 parochias.
1361 4144 1423 4197 Hac
1446 4144 1557 4209 rideas,
1591 4148 1647 4203 zelo

72 4254 107 4291 rm
137 4238 310 4293 strenuitatis
344 4239 481 4308 praelatus
510 4238 623 4308 juvenis
651 4241 726 4305 erat,
756 4242 783 4292 et
835 4238 893 4296 Dei,
916 4237 965 4304 qui
979 4248 1025 4289 aes
1046 4236 1127 4304 regit,
1147 4234 1296 4297 inardesco,
1312 4238 1484 4306 animamque
1498 4255 1584 4294 merim
1596 4257 1648 4312 pre

72 4348 125 4386 em
141 4336 199 4386 lam
216 4348 326 4402 magnae
347 4333 458 4387 virtutis
472 4332 583 4403 copiam
598 4331 729 4399 habehat,
752 4337 784 4386 at
833 4330 923 4385 solerte
935 4329 1056 4396 fratrem
1067 4334 1092 4382 et
1104 4327 1209 4382 dilectae
1217 4330 1314 4395 poetis,
1328 4331 1480 4400 patriaque
1490 4347 1592 4401 periere
1603 4339 1646 4404 c!-

72 4426 447 4481 xcabiloresdemimitione
462 4426 623 4481 nullatenus
637 4425 782 4498 progredi,
834 4424 939 4492 tegite.
959 4424 1009 4477 llis
1032 4424 1127 4491 itaque
1146 4424 1302 4492 perspectis,
1317 4438 1415 4492 qaaese,
1442 4428 1507 4480 meis
1532 4429 1648 4484 consiliis

76 4521 233 4575 omniando
249 4520 397 4574 introitum
412 4537 476 4574 cum
493 4519 545 4574 illis
565 4519 704 4574 auderent
716 4536 781 4575 con·
793 4503 822 4575 D
834 4521 919 4577 utere,
937 4520 963 4571 ct
974 4530 1016 4570 me
1042 4518 1097 4570 isto
1111 4515 1203 4569 moliri
1217 4531 1270 4570 aea
1283 4530 1334 4586 pre
1349 4518 1510 4587 rapiditate,
1529 4521 1576 4576 secl
1594 4538 1647 4592 pre

78 4616 134 4670 lloc
148 4614 258 4684 andito,
276 4630 324 4668 rex
341 4614 425 4667 nimis
439 4615 528 4668 iratas
541 4617 591 4682 est,
608 4618 636 4668 ct
650 4614 741 4668 acrius
755 4614 783 4668 in
835 4611 903 4665 bona
931 4609 1082 4671 ootaatute,
1106 4609 1202 4678 palam
1222 4612 1324 4679 peteris
1348 4612 1526 4681 comprobare.
1551 4615 1647 4673 Omaes

90 4708 238 4780 insurgere
265 4710 383 4764 coriatus
415 4711 467 4762 est.
496 4708 675 4780 Congregato
706 4707 782 4762 enim
834 4706 1010 4771 munitiones,
1034 4706 1170 4773 totamque
1184 4703 1320 4772 iustitium
1335 4708 1361 4759 et
1370 4710 1589 4775 procurationem
1604 4717 1646 4766 te·

75 4820 102 4868 o,
122 4803 396 4858 ‘tenerchebraicum
411 4803 496 4869 venit,
513 4806 541 4856 et
555 4802 717 4873 aliquandiu
733 4801 781 4857 ob·
835 4800 888 4854 tias
900 4799 1076 4856 nomenata
1093 4801 1119 4852 ct
1132 4797 1301 4853 medictatem
1323 4797 1440 4854 ancilias
1453 4802 1521 4855 mila
1528 4802 1644 4873 dimitte,

72 4915 78 4951 e
94 4897 231 4952 coercuit.
834 4893 972 4963 aliamque
984 4892 1153 4947 medietatem
1165 4893 1224 4947 siae
1238 4892 1329 4947 labere
1344 4898 1369 4948 et
1383 4908 1448 4948 caro
1463 4896 1513 4950 tibi
1525 4898 1645 4967 posside,

72 5006 112 5044 ea
132 4990 299 5044 Guillchnus
315 5005 409 5043 eomes
431 4989 530 5044 ducem
557 4993 585 5043 et
609 4989 783 5045 liodbertum
834 4992 859 5042 et
882 4986 1110 5058 equipoltattiom
1128 4987 1241 5041 litterius
1254 4986 1405 5041 medietatis
1414 4988 1447 5043 dc
1461 5004 1517 5044 meo
1530 4992 1646 5062 simpatia

76 5084 148 5138 ismo
171 5089 198 5138 et
223 5083 293 5138 alios
317 5083 423 5138 amicos
443 5099 510 5137 suos
533 5082 689 5154 requisivit,
706 5084 782 5138 auxi·
835 5083 917 5135 tranis
943 5083 973 5135 in
996 5080 1102 5146 Angliae
1120 5082 1217 5136 aerario
1239 5081 1334 5150 recipe.
1359 5082 1478 5151 tlapibas
1498 5086 1524 5139 et
1538 5084 1647 5143 ladbct

72 5194 95 5233 re
109 5181 208 5232 contra
224 5193 320 5247 regem
336 5194 517 5248 summopere
531 5177 699 5247 procuravit.
723 5177 783 5231 llux
834 5176 940 5229 canetis
962 5180 1058 5243 postea.
1091 5188 1199 5228 sesamis
1224 5173 1422 5231 oblectamentis
1447 5177 1507 5244 frui
1533 5182 1645 5249 peteris.

72 5272 218 5326 exercitam
245 5270 391 5336 adunavit,
417 5271 554 5342 fratrique
577 5287 627 5325 suo
657 5270 684 5324 in
709 5276 783 5325 terra
832 5269 891 5335 Ege
905 5272 997 5323 uatem
1011 5269 1178 5321 interimentes
1187 5282 1240 5336 pre
1250 5271 1317 5337 poce
1339 5269 1442 5325 labores
1466 5273 1594 5337 tolerabo,
1609 5277 1645 5329 ti-

74 5364 216 5419 sidionem
237 5365 387 5419 dissolvere
402 5364 551 5435 pracepit3
569 5363 695 5434 alioquin
708 5380 781 5435 prce·
835 5363 914 5432 bique
935 5363 1069 5432 proraisso
1089 5362 1236 5430 quiescenti
1249 5364 1306 5417 st'ae
1318 5363 1467 5430 defectione
1482 5370 1645 5440 procurabo,

72 5459 163 5515 rdiait.
192 5462 226 5513 tlt
250 5459 297 5513 ille
321 5458 460 5513 obstinate
486 5457 569 5512 corde
591 5457 619 5512 in
634 5457 782 5513 obsidione
832 5456 988 5525 rabiemque
1001 5455 1219 5524 atriligaeatiam,
1231 5471 1264 5510 ae
1280 5457 1411 5527 papulam
1426 5461 1476 5515 Dei
1489 5464 1645 5533 sapqilleat,

72 5554 138 5619 avit,
161 5559 189 5608 et
213 5553 319 5608 bellum
341 5553 505 5624 plusquam
527 5551 607 5606 civile
621 5551 717 5606 lutura
731 5569 782 5623 pro
833 5550 939 5605 ‘lucilio
951 5549 1088 5618 ejasp'astc
1106 5549 1256 5605 cortrctabo.

72 5648 198 5719 suscepit.
223 5648 352 5712 Qiratnor
375 5647 513 5717 siquidem
538 5645 656 5700 comites
681 5645 783 5701 habuit
869 5644 933 5699 ttae
946 5643 1077 5710 audiens,
1092 5641 1148 5697 dux
1163 5642 1335 5699 consiliarios
1352 5662 1418 5701 suos
1436 5652 1573 5722 accersiit,
1594 5654 1646 5709 eis·

72 5785 76 5807 ,
100 5742 209 5797 Heliam
233 5740 667 5801 Cenomanorum.Goillelmnm
687 5740 782 5795 Ebroi-
832 5754 888 5810 que
912 5737 1045 5793 mandata
1070 5737 1147 5807 regis
1170 5737 1277 5792 retulit.
1301 5741 1430 5796 Protinus
1444 5742 1488 5799 illi
1511 5747 1654 5799 maadata

72 5852 108 5909 m,
134 5835 308 5891 Radbertum
334 5834 370 5888 de
391 5834 532 5904 hlellento,
551 5839 579 5888 et
601 5835 780 5891 Guillclmum
832 5832 911 5909 regis
924 5830 1156 5905 abhorruerunt,
1169 5836 1202 5889 et
1211 5833 1439 5889 contumacitas
1449 5833 1540 5887 dictas
1556 5832 1684 5895 osseam,
