3750 6046
486 234 586 303 LIBER
606 238 650 296 bn
669 234 796 296 ORDINE
813 237 1066 298 canonicalium.

1558 244 1626 302 lton

86 375 239 434 contectos,
253 386 318 425 cum
338 376 366 425 et
390 372 490 441 potens
507 370 544 424 sit
565 369 700 425 Dominus
722 368 757 423 de
769 373 866 454 Atem
886 370 1001 437 radunt,
1021 368 1140 426 interius
1162 369 1249 425 solam
1270 369 1368 425 circuli
1392 386 1528 428 eoronam
1541 372 1626 430 relin-

72 463 755 535 resiscere,antlupisejectisagnosintruduccre.

74 578 82 611 ι
104 561 190 613 etiam
216 559 315 613 ordine
338 559 392 613 hoc
416 558 510 613 forsan
537 558 597 614 odit
617 557 755 626 diabolus,

72 652 435 723 similitudinemprimrerae
449 652 632 707 institutionis
641 658 755 723 aposto·

72 747 278 801 mediocriter
289 750 318 800 et
330 730 660 800 communiterumnibus
674 746 755 799 iusti-

74 847 92 908 t,
121 846 152 895 ut
164 841 193 895 in
215 856 249 895 eo
269 856 325 895 nun
340 841 431 894 solum
443 840 568 894 virorum
585 840 634 895 sed
648 845 677 894 et
690 855 756 894 mu-

72 936 181 1008 agmina
203 934 231 989 in
257 935 314 988 suis
327 935 429 988 turmis
441 934 757 989 convenientielausura

87 1029 380 1099 cubabite111,parruli
394 1028 630 1100 quoquepueriet
643 1028 756 1099 puella,

72 1123 267 1192 miratoribus
288 1138 382 1177 nomen
407 1123 517 1177 Domini
540 1122 653 1177 inrideat
670 1120 756 1193 (Paul.

74 1216 145 1270 sicut
160 1233 211 1288 per
233 1216 331 1270 lsaiaur
359 1216 386 1269 iu
417 1219 482 1286 typo
505 1216 674 1286 pradictum
698 1222 738 1270 est
746 1232 754 1284 3

86 1311 169 1365 leone
185 1327 249 1364 cum
265 1309 359 1375 bado,
377 1309 461 1363 titulo
474 1325 588 1380 quoque
604 1326 667 1363 cum
691 1325 755 1364 urso

72 1420 121 1459 nm
137 1421 212 1475 agno
228 1404 511 1458 cunnnorautcsimul
528 1404 615 1458 etiam
628 1403 757 1474 requiem

89 1505 184 1553 esseut
208 1498 294 1552 catuli
322 1515 420 1552 eornm
436 1499 523 1568 (lsai,
539 1497 594 1567 ιιι);
624 1498 663 1552 sie
678 1499 754 1553 vide·

73 1595 115 1646 tro
141 1609 204 1646 rrro
222 1591 304 1646 taeob
330 1592 381 1645 vira
404 1607 462 1645 suaa
477 1595 756 1662 processumtcmpe·

72 1690 124 1740 ,cut
143 1686 243 1740 viderit
257 1701 359 1757 greges
375 1702 442 1739 siros
460 1691 488 1740 et
508 1685 638 1755 parrulos
652 1700 752 1755 posse:

807 467 935 536 qrrentes,
960 465 992 518 ut
1015 463 1044 517 iu
1069 464 1193 518 raserat
1219 464 1303 536 plana
1324 465 1512 538 partecapitis
1528 482 1622 522 saeer-

807 558 909 613 dotalis
926 557 1027 612 thiarae
1041 557 1155 612 schema
1170 558 1216 624 sit,
1238 560 1268 613 et
1287 557 1317 613 in
1331 557 1437 615 circulo
1452 560 1623 632 capiliorum

806 651 913 723 regalis
940 667 1053 707 coronas
1089 651 1261 723 praefulgeat
1291 652 1417 725 insigne;
1437 669 1473 709 ne
1497 653 1626 711 videlicet

807 744 974 817 quempiam
988 746 1117 814 illorum,
1135 762 1216 802 mure
1229 745 1387 818 hbsulonis,
1400 764 1520 819 gravans
1538 764 1623 805 casa·

806 839 872 906 rias,
895 839 980 895 etiam
1001 840 1199 911 peccaminum
1218 841 1295 897 mole
1312 857 1453 913 pressum,
1468 842 1624 899 notabilem

806 932 930 1001 raddat;
954 933 1009 1001 vel,
1032 939 1170 1006 tanqmm
1196 951 1278 990 more
1301 935 1476 1004 ludaeorum,
1491 937 1624 993 velamen

807 1026 898 1082 adhuc
930 1042 1014 1099 super
1036 1044 1084 1083 eur
1110 1027 1287 1097 habentium,
1320 1045 1379 1085 non
1413 1033 1564 1086 coronatus
1589 1046 1624 1087 ac

807 1119 952 1189 infulatus,
966 1121 1015 1176 sad
1028 1122 1193 1192 pelliceatus
1208 1122 1331 1178 incedat.
1348 1124 1426 1179 Nunc
1438 1139 1506 1179 reru
1519 1124 1550 1180 in
1562 1140 1626 1180 rasa

807 1220 895 1284 parte,
911 1216 943 1269 ut
958 1214 1066 1270 dictum
1080 1218 1132 1285 est,
1144 1216 1243 1288 capitis
1257 1220 1333 1271 recte
1350 1217 1528 1273 sacerdotalis
1542 1234 1623 1275 sanc·

806 1313 933 1368 timoniae
957 1313 986 1367 in
1014 1313 1097 1369 nobis
1112 1317 1154 1369 est
1176 1315 1308 1387 signum;
1335 1319 1367 1369 ut
1382 1317 1527 1388 quomodo
1549 1316 1624 1372 inter

806 1405 1000 1461 summitatem
1028 1407 1126 1478 cupitis
1154 1408 1243 1462 nostri
1266 1425 1298 1463 ae
1322 1408 1423 1464 coelum
1448 1408 1623 1465 nihilmedii
1705 1436 1708 1441 ·

806 1498 944 1554 obstaculi
965 1499 1094 1567 interest,
1119 1500 1156 1555 ita
1175 1504 1301 1557 mentem
1324 1507 1452 1558 nostram
1474 1503 1549 1558 curis
1566 1510 1622 1559 ter·

806 1594 883 1647 renis
906 1592 1053 1664 spoliatam
1072 1595 1210 1649 orationis
1228 1601 1367 1667 ternpore,
1387 1613 1443 1668 quo
1459 1595 1554 1652 minus
1569 1596 1627 1655 lieo

806 1686 972 1742 immediate
996 1688 1147 1755 cohaereat,
1169 1689 1239 1743 nihil
1259 1690 1349 1745 valeat
1363 1690 1533 1747 retardantis
1548 1691 1627 1748 solti-

72 1781 131 1852 plus
144 1781 173 1834 in
187 1779 359 1834 ambulando
375 1783 492 1850 cogeret
509 1779 650 1844 laborare,
666 1787 795 1859 mure-B
808 1780 939 1835 citudinis
953 1786 1060 1852 tegere.

72 1892 115 1930 rna
138 1875 183 1929 die
203 1875 296 1927 enneli
320 1889 430 1944 greges.
456 1873 512 1928 Sed
528 1877 556 1928 et
569 1874 671 1945 hluysr,
686 1873 758 1927 meis
845 1876 949 1929 Verum
966 1891 1127 1948 quanquam
1149 1875 1179 1930 in
1198 1875 1251 1943 his,
1266 1891 1320 1930 non
1335 1876 1494 1933 secundum
1510 1894 1627 1934 earnem

72 1968 104 2023 tis
127 1968 204 2036 viris,
232 1984 298 2022 rere
325 1968 456 2022 israelitis
481 1972 614 2021 cantante
636 1967 757 2021 Dourinu
809 1968 973 2038 militantes,
990 1976 1084 2024 tamen
1107 1971 1137 2024 in
1156 1985 1241 2024 carna
1262 1969 1449 2040 ambulamus,
1468 1972 1498 2027 in
1514 1989 1580 2045 qua,
1597 1977 1628 2029 ut

81 2063 276 2133 magnificato,
301 2063 424 2116 maxime
447 2061 533 2115 simul
547 2078 613 2115 curn
627 2061 756 2115 mulieri·
808 2061 886 2117 novit
898 2063 980 2117 Pater
992 2067 1088 2118 noster
1101 2064 1232 2133 caelestis,
1250 2064 1383 2120 omnibus
1400 2066 1487 2121 etiarn
1505 2067 1627 2122 terrenis

74 2158 172 2212 nmnia
197 2158 260 2210 rita
276 2157 377 2210 choros
392 2155 571 2223 ducentibus,
589 2155 618 2208 id
634 2160 676 2208 est
692 2171 756 2209 can·
807 2155 939 2210 subsidiis
959 2155 1132 2228 indigemus,
1146 2156 1228 2213 decet
1240 2157 1270 2211 in
1295 2157 1356 2212 viru
1377 2158 1502 2229 perfecto
1525 2159 1627 2215 eadem
1703 2140 1707 2148 ¹

72 2251 158 2306 rusicn
174 2251 296 2305 nielodia
315 2250 505 2316 coricclcbral,
522 2248 620 2303 dicens
632 2263 642 2304 ’τ
661 2249 757 2304 Curate-
807 2253 919 2304 terrena
940 2250 1067 2305 subsidia
1086 2267 1222 2321 congruae
1245 2251 1377 2323 dignitati
1402 2252 1505 2307 mentis
1526 2253 1626 2308 subor-

72 2349 123 2409 tae,
139 2347 252 2414 gloriose
265 2347 335 2398 cuim
350 2346 538 2413 rriupoifirntns
551 2344 754 2415 csttandnrt.
808 2342 912 2411 dinari,
932 2343 1014 2415 juxta
1040 2344 1117 2416 qnod
1139 2344 1242 2399 dicitur
1261 2360 1267 2398 :
1283 2348 1363 2401 tauri
1385 2346 1443 2415 ejus
1465 2347 1516 2401 aab
1539 2349 1628 2417 cupite

72 2440 127 2494 rsit
143 2456 228 2510 prope
242 2454 355 2493 crucem
371 2436 756 2508 bomini,l1incdiscipulum
806 2452 862 2491 meo
875 2438 977 2506 (carna,
992 2440 1032 2507 nt,
1042 2438 1083 2492 ita
1095 2437 1238 2507 videlicet,
1254 2455 1289 2495 ue
1304 2444 1423 2510 gravent
1438 2445 1567 2495 mentem
1577 2445 1627 2495 aut

74 2532 171 2601 utino,
198 2534 264 2588 bine
288 2532 438 2586 mulierem
468 2533 495 2586 in
522 2531 652 2586 muliebri
677 2548 754 2599 sexu,
807 2529 992 2601 obnubilent;
1016 2532 1064 2587 sed
1086 2531 1233 2604 prudentis
1252 2531 1446 2605 dispositionis
1469 2532 1628 2589 ordinatio·

72 2624 756 2696 ›commendatam,assistere.Videantprincipes
806 2641 872 2679 nem
904 2631 1052 2693 coronent,
1079 2629 1108 2680 ut
1135 2626 1202 2680 hinc
1223 2625 1368 2697 sapienter
1391 2627 1627 2698 contemplando,

72 2725 167 2789 mtur;
187 2720 299 2774 dolores
325 2720 473 2773 obtineant
495 2719 670 2773 habitatores
687 2718 754 2773 Phi-

113 2815 193 2870 ldoab
233 2814 361 2868 obtineat
402 2819 530 2868 tremor:
575 2813 756 2883 obrigescant

72 2925 110 2964 :es
131 2908 284 2975 Chanaan3
312 2908 403 2962 irruat
421 2923 508 2978 super
526 2923 574 2962 eos
588 2906 711 2962 formido
728 2908 756 2962 et

94 3002 291 3073 magnitudine
312 3002 420 3055 brachii
442 3001 493 3069 tui,
510 3001 592 3068 brus,
608 3001 674 3055 dum
689 3017 755 3055 vera

72 3112 86 3151 e
113 3097 195 3163 duce,
211 3096 248 3150 ad
266 3102 372 3150 terram
400 3095 605 3167 promissionis,
621 3095 754 3156 terribilis

806 2718 871 2772 hine
885 2717 1044 2789 prudenter
1057 2718 1236 2790 disponendo
1252 2720 1294 2774 vel
1309 2720 1422 2792 agendo
1444 2720 1627 2776 sacerdotalis

806 2812 888 2883 regni
921 2829 978 2867 non
1006 2812 1146 2868 incassum
1171 2812 1332 2884 insignibus
1356 2814 1538 2870 decorentur.
1564 2816 1628 2871 Jam

805 2922 882 2975 vero,
908 2906 1041 2978 quoniam
1065 2907 1118 2963 ista
1143 2906 1279 2978 perfectio
1303 2924 1335 2962 ae
1357 2907 1541 2979 perfeetionis
1560 2925 1628 2964 con-

806 3000 926 3055 servatio
940 3016 997 3055 nen
1015 3002 1097 3056 unius
1113 3001 1167 3057 diei
1182 3018 1253 3072 opus
1264 3006 1315 3069 est,
1331 3000 1475 3074 siquidem
1491 3008 1519 3057 et
1541 3002 1626 3059 allae·

805 3094 915 3148 tionum
941 3099 1102 3149 nostrarum
1130 3095 1179 3167 pili
1204 3110 1261 3150 non
1286 3095 1421 3150 radicitus
1449 3096 1549 3166 evulsi,
1579 3096 1629 3153 sed

72 3206 146 3245 >rum
164 3190 237 3244 acies
252 3189 389 3256 ordinata,
406 3189 518 3243 incedat
533 3189 565 3259 (ll
580 3190 685 3255 rorat,
697 3188 752 3259 ιιι.
765 3160 792 3233 C
805 3188 956 3259 proposita
971 3189 1058 3244 semel
1073 3189 1268 3245 sanctimoniae
1281 3189 1418 3245 novacula
1435 3190 1500 3257 rasi,
1522 3190 1628 3247 iterum

72 3284 172 3340 tillud
198 3285 225 3338 in
258 3284 329 3338 mois
355 3282 519 3338 domesticis
550 3283 608 3336 rrrlit
636 3283 754 3337 lursitan

87 3380 216 3434 omnium
244 3379 384 3433 bonorum
411 3377 552 3443 inimicus,
576 3376 652 3448 ephod
675 3376 755 3446 juxta

72 3491 111 3528 ιιιι
143 3472 253 3526 llomini
280 3491 296 3526 a
323 3472 438 3543 gemino
464 3472 604 3526 termento
638 3476 755 3526 careant

96 3570 164 3623 llinc
200 3566 351 3621 mundanas
375 3565 576 3636 snperlluitatis
601 3582 701 3636 pompa
727 3569 756 3620 et

72 3676 78 3712 ι
99 3666 235 3729 tanquam
253 3657 370 3712 Herodis
384 3657 525 3710 fermento
541 3671 570 3709 se
591 3655 753 3709 abstinent:

72 3769 97 3808 ro
122 3769 136 3805 a
164 3751 296 3806 iteritatis
320 3751 520 3822 superstitione
546 3755 681 3820 tanquam
702 3749 755 3803 ler-

72 3846 267 3901 'burisaorum
295 3851 397 3898 carent
428 3845 549 3913 (blesilla,
576 3844 644 3915 ιιιί),
671 3860 755 3899 usum

77 3941 228 4012 antiquum
248 3940 370 3993 ecclesiae
387 3941 442 3992 tam
457 3937 485 3991 in
501 3938 609 4005 habitu,
624 3954 711 4010 qnam
724 3939 754 3993 in

72 4036 109 4090 tia
127 4052 159 4089 ac
178 4034 353 4104 jejuniorum
383 4036 411 4086 et
423 4032 580 4086 officiorum
595 4032 754 4087 divinorum

72 4135 230 4200 ‘spirituales
265 4128 432 4181 terrendum.
456 4128 514 4182 Non
541 4127 625 4181 facile
656 4128 698 4182 vel
725 4127 754 4182 in

75 4224 117 4278 vel
134 4221 472 4287 insiuistramdeelinant,
483 4226 522 4285 ut,
536 4221 755 4292 juxtaregulare

72 4317 195 4388 ugustini
221 4322 394 4387 praeceptum
420 4315 471 4369 boc
491 4315 620 4380 sollicite,
644 4319 700 4369 tam
726 4316 754 4369 iu

77 4428 162 4484 quum
185 4410 212 4464 in
240 4410 415 4476 austeritate,
432 4412 491 4463 tam
513 4409 539 4463 in
560 4409 651 4479 pretio
669 4426 753 4479 quam

806 3281 840 3336 de
863 3283 989 3353 reliqniis
1006 3282 1110 3337 innatis
1127 3283 1208 3337 nobis
1228 3300 1260 3339 ae
1285 3282 1474 3338 residentibus
1497 3284 1526 3338 in
1546 3284 1628 3339 nobis

806 3374 975 3432 miserrimae
995 3376 1099 3432 mentis
1119 3383 1223 3431 nostrae
1246 3376 1416 3444 increscunt,
1437 3376 1505 3431 dum
1528 3393 1626 3433 curam

805 3469 896 3523 earnis
915 3469 1051 3524 iacientes
1073 3470 1116 3524 vel
1143 3468 1311 3541 temporalia
1332 3475 1516 3540 procurantes
1536 3477 1627 3526 metas

806 3562 979 3618 necessitatis
998 3563 1169 3631 excedimus,
1192 3568 1220 3617 et
1241 3580 1315 3618 euris
1338 3563 1488 3634 superlluis
1509 3550 1626 3619 sensum

805 3660 954 3712 onerantes
969 3657 1201 3729 multiplicamus,
1219 3658 1302 3729 juxta
1314 3656 1391 3729 quod
1406 3658 1543 3729 scriptum
1561 3662 1625 3714 est:

806 3750 917 3820 Corpus,
933 3751 1006 3822 quod
1019 3755 1214 3823 corrumpitur,
1234 3755 1368 3820 appruerit
1387 3754 1518 3813 cratinum.
1534 3756 1559 3807 et
1577 3751 1625 3807 dc·

802 3846 899 3915 primit
914 3849 1022 3900 terrena
1039 3845 1199 3900 inhabitatio
1223 3860 1330 3900 sunum
1349 3845 1439 3900 multu
1461 3848 1624 3915 cogitantem

807 3938 895 4010 (Sap,
911 3938 957 4011 ιι).
982 3938 1051 3993 llinc
1073 3938 1123 3995 illa
1150 3938 1408 4011 perquotidianam
1427 3938 1625 4011 paenitentiam

805 4039 833 4088 et
859 4033 1069 4089 confessionem
1094 4039 1222 4088 mutuam
1252 4034 1350 4088 erebra
1378 4033 1458 4089 nobis
1480 4034 1627 4090 innovatio

806 4128 967 4183 necessaria
999 4131 1051 4195 est,
1086 4127 1115 4182 ιιι
1144 4144 1201 4199 qua
1223 4135 1387 4194 renovatur,
1411 4128 1483 4184 sicut
1510 4127 1625 4201 aquiloe,

801 4222 936 4294 juventus
951 4224 1059 4289 nestra,
1076 4221 1314 4293 quamPsalmista
1329 4223 1477 4295 inquirens
1492 4239 1498 4278 :
1514 4224 1627 4278 Exerci-

806 4317 895 4379 tubur,
908 4315 1042 4387 inquitet
1051 4317 1189 4386 scopebam
1198 4319 1325 4387 spiritum
1332 4333 1417 4372 meum
1429 4316 1512 4389 (Paul.
1523 4322 1624 4390 anxur).

805 4410 845 4465 Ob
874 4411 954 4481 eujus
980 4409 1195 4465 innovationem
1220 4410 1403 4465 intrinsecam
1439 4412 1521 4482 juxta
1548 4415 1625 4485 quud

73 4512 100 4561 te
126 4506 256 4573 vestium,
271 4521 369 4558 cavere
389 4503 548 4571 videamur,
568 4520 603 4558 ne
624 4502 915 4605 nutabilistietum
935 4507 979 4557 est
999 4520 1015 4556 n
1036 4504 1158 4558 Domino
1176 4519 1183 4557 :
1199 4504 1330 4558 Mundute
1349 4519 1410 4574 qrrae
1423 4507 1498 4560 intus
1514 4510 1627 4570 suntet

72 4599 220 4656 nbubitus.

238 4694 369 4750 CAPUT
398 4693 453 4747 tx.

258 4790 294 4841 be
310 4794 433 4842 tonsura.

72 4901 83 4939 ι
105 4884 133 4938 in
159 4883 281 4937 tonsuris
307 4883 350 4936 rel
377 4881 480 4935 rasuris
499 4881 752 4952 capitumsnorum

72 4978 155 5050 cupiti
182 4993 243 5043 sno,
271 4975 332 5046 regi
345 4992 457 5030 surnrno
475 4982 503 5030 et
525 4976 661 5030 sacerdoti
677 4992 752 5042 vero,

79 5073 156 5127 unxit
170 5072 241 5126 Deus
258 5069 433 5124 [lominusin
449 5085 548 5140 regern
563 5073 592 5124 et
620 5069 752 5124 sacerdu-

73 5184 89 5220 n
106 5165 274 5236 prophetam
289 5181 348 5234 prm
363 5163 544 5234 participibus
556 5163 622 5231 suis,
640 5163 702 5234 ipsi,
717 5164 752 5218 de

76 5276 175 5331 oquur,
200 5257 346 5313 domestici
367 5257 433 5323 mei,
450 5258 550 5328 regalis
572 5274 603 5310 ac
625 5256 752 5311 sacerdo

72 5353 155 5407 uenti
183 5351 335 5423 participes
349 5350 451 5416 allecti,
469 5351 613 5421 cupientes
627 5350 710 5405 etiam
723 5351 751 5405 in

72 5465 80 5502 s
105 5445 205 5500 risibili
231 5446 403 5516 consignari,
429 5461 485 5500 non
501 5445 583 5499 modo
598 5461 664 5513 nun,
681 5445 752 5500 sicut

72 5539 157 5595 adnm
182 5540 380 5594 baereticorum
394 5547 463 5605 erat,
479 5538 621 5593 modicum
637 5540 663 5592 in
678 5557 750 5594 sum·

72 5633 293 5707 rpitiseircnlum
303 5634 473 5698 radentium,
486 5650 549 5704 quae
564 5633 649 5687 etiam
662 5650 751 5706 usqne

72 5746 133 5785 snos
150 5729 285 5801 quosdam
305 5728 470 5800 perdurarit
486 5728 595 5797 abusio,
611 5730 659 5785 sed
671 5729 752 5802 juxta

72 5823 260 5878 lr'tdnitionem
277 5827 364 5878 toturn
379 5824 478 5895 capitis
494 5826 673 5897 superiorem
689 5844 752 5903 par·

807 4614 867 4667 qua
887 4599 956 4665 toris
979 4598 1166 4653 santanaco
1187 4602 1268 4653 erunt
1289 4597 1408 4666 thorat„
1428 4601 1523 4669 xxrrrt3
1537 4601 1624 4657 etiam

806 4706 958 4764 corporum
979 4696 1141 4746 nostrorum
1161 4690 1301 4761 capitibus
1318 4707 1370 4763 per
1389 4692 1508 4760 lauaem,
1532 4710 1622 4752 nura-

805 4786 868 4841 cnla
899 4789 928 4840 et
956 4784 1068 4840 lorlices
1098 4784 1211 4839 crebras
1239 4784 1436 4841 innovationes
1469 4786 1623 4845 admittere

805 4881 939 4947 solemus,
966 4887 996 4935 ut
1018 4880 1047 4934 iu
1074 4879 1126 4934 bac
1149 4895 1263 4951 quaque
1285 4885 1367 4952 parte
1381 4879 1564 4936 sacerdotalis
1578 4883 1625 4939 vel

805 4973 943 5029 clericalis
964 4973 1072 5028 ordinis
1097 4978 1233 5045 tauquam
1256 4973 1386 5029 Ecclesia
1400 4974 1496 5046 sponsi
1519 4991 1623 5032 manus

804 5068 860 5122 siut
890 5067 1045 5133 tornatiles,
1078 5083 1132 5138 per
1158 5066 1290 5138 mysticas
1316 5067 1473 5122 eoelestium
1493 5068 1622 5127 rationes

805 5177 898 5216 aureae
909 5176 942 5216 ac
958 5161 1049 5233 plena
1064 5159 1204 5231 hyacintis
1219 5160 1322 5229 (disat,
1336 5161 1372 5232 r).

837 5258 909 5312 Sane
928 5255 988 5310 haec
1009 5254 1126 5310 catastis
1145 5252 1324 5309 numismatis
1344 5255 1465 5310 turmula
1484 5258 1571 5313 semel
1591 5257 1622 5315 iu

803 5348 1624 5420 nubisbeuecoepta,neperlousorisrclrusurisincuriam

802 5443 984 5515 depravetur,
993 5443 1029 5497 ad
1042 5442 1131 5498 Patris
1141 5441 1263 5499 coenobii
1272 5442 1450 5516 diligentiam
1458 5445 1623 5517 pertinebit,

801 5535 1623 5611 persingulerasurretemporacapitucontemplari,velnl·

803 5632 856 5686 teri
870 5631 1001 5703 diligenti
1017 5631 1163 5702 inspector
1176 5629 1304 5687 videnda
1314 5631 1642 5691 etemenhanbacasn-

802 5704 1671 5801 rasritiacommereampresidebat,anabattaxacao‘x-

805 5826 843 5886 tis
850 5824 995 5885 morlachi
1001 5824 1141 5900 superior
1149 5817 1417 5895 permanare
1424 5803 1561 5861 ‘antemon
1577 5801 1704 5846 esconia
