3750 6046
466 166 622 225 {ustulata
642 165 908 227 accuratissimi.
921 195 954 208 -
968 169 1056 225 PARS
1065 167 1099 224 ll.
1114 198 1149 211 -
1162 169 1226 226 cru.
1247 167 1290 225 lii.
1631 172 1685 229 282

72 290 204 348 ›deratus
230 295 301 358 erat,
325 297 353 348 et
371 291 406 347 ad
433 306 519 348 omne
541 309 623 364 opos,
648 298 680 348 ut
702 293 819 367 reliquis
829 304 859 378 Α
869 292 915 348 clai
927 298 1134 362 successerunt,
1150 299 1179 350 ct
1192 294 1317 352 ecclesiia
1330 294 1517 353 medietatem
1529 312 1618 371 usque
1630 298 1683 354 lro.

74 386 133 442 bns
159 386 260 442 fortior
287 385 441 454 rideretur,
466 389 524 442 toto
548 387 610 442 nisu
639 386 814 459 insurgebat,
865 389 912 444 dia
928 388 1131 462 possederunt;
1158 388 1256 462 ibique
1280 388 1434 447 liutbertus
1453 389 1553 447 Calvus
1572 397 1600 448 et
1627 393 1682 448 Ra·

72 496 114 535 uu
130 479 347 547 intestinorum,
362 479 430 534 dum
451 483 557 536 terram
575 485 710 552 gestaret,
732 483 815 539 lasus
866 482 961 538 dolius
973 482 1010 538 de
1024 482 1157 539 Rosscria
1168 498 1282 538 necnon
1296 484 1419 539 loannes
1433 483 1468 540 de
1482 485 1608 556 Belnaio,
1623 485 1683 543 alii·
1728 500 1731 505 ·

72 589 182 646 psoque
194 572 248 630 sibi
257 589 314 630 non
322 579 471 646 parcente,
480 574 581 631 lasura
590 574 691 631 eadem
699 575 811 632 insana-
865 591 921 649 que
935 576 1018 649 probi
1036 575 1120 631 ruodo
1130 575 1340 632 habitaverunt.

72 667 174 725 allecta
183 672 236 723 est.
249 667 379 740 Denique
385 669 447 740 jam
464 684 516 741 per
528 675 638 741 septem
652 686 743 727 annos
756 672 815 727 taur
901 670 1033 735 Quodam
1054 672 1181 741 ternpore
1201 670 1278 726 inter
1292 687 1367 743 saepe
1389 671 1570 729 nourinatum
1591 676 1682 746 liugo-

72 808 74 813 ,
102 778 259 835 oppressus
273 765 316 817 est
331 763 460 834 passione
483 768 516 818 ut
529 779 581 820 nec
599 780 717 820 manum
730 765 766 820 ad
783 782 815 821 os
864 779 931 819 nem
946 767 975 820 et
988 763 1139 820 Radnllurn
1153 764 1289 821 comitem
1303 763 1540 836 medantensium,
1554 767 1682 839 Philippi

84 856 179 928 possit
196 855 319 927 erigere,
333 872 386 911 nec
411 857 528 929 propria
542 857 569 913 vi
584 858 728 929 quodlibet
752 859 813 914 olli-
864 857 941 930 regis
974 858 1145 914 Francorum
1174 857 1313 927 vitricum,
1341 858 1435 931 gravis
1467 860 1569 916 seditio
1586 867 1682 916 exorta

79 949 135 1006 sibi
149 949 667 1023 exhibere.Summelleus,quisanas
679 953 815 1008 contritos
865 954 917 1019 est,
934 967 1057 1023 comque
1071 952 1151 1023 llugc
1168 968 1234 1007 curn
1253 952 1387 1024 praedicto
1413 953 1527 1009 consule
1546 954 1682 1011 audacter

72 1063 86 1111 ι,
101 1042 349 1100 clementerillius
362 1044 672 1117 miserere,ipsnmqne
688 1045 814 1101 abomni
865 1061 1034 1117 congressus
1056 1049 1109 1112 est,
1131 1044 1199 1117 qnia
1224 1045 1348 1102 militurn
1377 1046 1470 1118 impar
1491 1047 1519 1102 ei
1544 1063 1683 1103 numerus

72 1137 813 1209 rgsnsscelere,ereptumdecarrrismoleatocarcere,
865 1140 928 1194 erat
949 1139 1051 1211 lugere
1075 1137 1239 1210 compulsos
1252 1146 1303 1196 est.
1330 1141 1361 1194 ln
1378 1139 1431 1195 bac
1443 1139 1514 1212 logo
1525 1140 1683 1197 Richardus

72 1246 145 1286 arna
157 1230 257 1303 requie
268 1230 442 1287 famulorum
451 1232 693 1304 lucrumcollegio
704 1233 813 1290 inseret
864 1232 899 1288 de
913 1231 1135 1290 lleldrici-Corte
1152 1231 1264 1303 nobilis,
1279 1232 1360 1288 miles
1375 1233 1411 1289 de
1425 1250 1499 1306 pago
1517 1233 1679 1304 Vilcassino,

72 1323 303 1380 aeBrnaldililiae
317 1328 512 1396 postmortem
526 1325 615 1397 patris
624 1332 654 1383 et
666 1326 816 1384 desolatio·
864 1326 1028 1382 vnlneratus
1053 1332 1105 1381 est.
1130 1326 1200 1381 Nam
1226 1326 1295 1381 durn
1319 1326 1421 1382 vadum
1447 1328 1526 1399 Epire
1553 1325 1680 1383 fluminis

80 1419 483 1490 suorumoptaveruntmagis
496 1419 673 1491 [leoplacere
686 1420 816 1476 modesta
865 1436 940 1493 equo
965 1420 1097 1476 velociter
1112 1419 1226 1491 fugiens
1246 1419 1390 1491 ingressos
1410 1424 1463 1490 est,
1484 1421 1681 1493 persequentis

72 1510 200 1568 ositione
222 1527 338 1569 morum
352 1528 439 1584 quam
457 1511 560 1568 saeculo
583 1512 731 1585 subjacere
749 1531 813 1570 cor·
864 1513 964 1571 militis
977 1512 1077 1570 lancea
1088 1529 1175 1585 super
1185 1529 1320 1586 equuma
1343 1518 1422 1586 tergo
1451 1512 1587 1570 acerrime
1612 1530 1678 1585 per·

72 1604 341 1676 bilipulcbritodine
354 1621 514 1678 corporum.
533 1606 813 1680 Underirginitatem
864 1611 1024 1664 cussrrsest.
1039 1606 1091 1673 Qui
1110 1623 1177 1663 mox
1198 1606 1235 1663 ad
1262 1608 1547 1689 Novum-Mercatum·
1569 1607 1679 1664 delatus

72 1699 157 1754 clleo
169 1699 347 1767 dicaverunt,
361 1699 525 1771 mundoque
539 1704 645 1772 spreto,
660 1702 811 1758 sanctimo·
823 1671 852 1744 Β
864 1705 907 1757 est
919 1718 936 1756 a
953 1701 1196 1759 commilitonibus
1212 1700 1284 1770 suis;
1301 1700 1429 1775 morique
1454 1705 1595 1770 metuens,
1609 1717 1678 1758 con-

72 1808 79 1848 ι
92 1791 204 1848 allecta
217 1795 294 1848 sunt.
314 1793 385 1848 Nam
395 1792 549 1850 Petronilla
563 1793 594 1848 in
608 1793 766 1851 cmnobiom
780 1796 810 1852 S.
863 1794 925 1851 silio
938 1795 1075 1868 begonis,
1089 1796 1119 1851 in
1139 1796 1219 1867 cujus
1236 1794 1344 1851 familia
1362 1794 1497 1853 servierat
1524 1795 1554 1851 in
1580 1795 1678 1863 armis,

72 1902 85 1941 e
99 1886 263 1957 andegavis
278 1886 373 1942 velum
389 1887 523 1959 suscepit,
532 1887 639 1959 diuque
652 1888 811 1944 secundom
863 1893 976 1950 devovit
986 1893 1089 1950 amodo
1102 1910 1131 1949 aa
1144 1892 1335 1949 militaturum
1351 1892 1404 1948 sub
1418 1892 1564 1949 monachii
1579 1908 1680 1948 norma

72 1979 237 2035 mulierum
247 1979 672 2052 virginnmdiligentersacrum
682 1981 812 2038 ordinem
862 1988 1000 2044 virtutum
1023 1986 1173 2044 exercitiis.
1200 1987 1344 2043 Uticenses
1371 2002 1441 2059 ergo
1466 1986 1618 2043 monachos
1632 2002 1678 2043 ac-

72 2073 123 2141 rit,
141 2090 174 2128 ac
190 2073 296 2129 deinde
311 2090 363 2145 par
382 2090 399 2128 x
419 2090 510 2130 annos
523 2075 586 2146 jam
603 2074 721 2143 inclusa,
734 2076 813 2131 lama
862 2081 969 2151 cer-siit,
983 2085 1012 2137 et
1032 2080 1153 2137 Osberni
1172 2079 1283 2137 abbatis
1308 2079 1471 2152 magisterio
1488 2096 1518 2135 se
1540 2080 1680 2152 mancipo·

72 2167 149 2223 itatis
162 2171 191 2223 ct
213 2167 326 2223 virtutis
340 2168 471 2239 exemplo
485 2168 573 2240 longe
586 2169 699 2241 lateque
715 2170 812 2225 multis
862 2175 910 2243 rit,
938 2176 1048 2243 Postea,
1068 2172 1192 2229 donante
1213 2174 1282 2242 Deo,
1302 2174 1351 2245 qui
1370 2180 1535 2245 peccatores
1561 2173 1679 2230 dirersis

72 2259 155 2316 escit.
178 2261 268 2316 Porro
293 2262 369 2316 Gara
393 2277 472 2316 soror
498 2262 559 2332 ejus
580 2263 610 2317 in
639 2262 768 2319 coenobio
783 2264 809 2320 S.
862 2267 1056 2324 occasionibus
1072 2266 1107 2322 de
1125 2267 1259 2323 barathro
1287 2266 1458 2338 perditionis
1482 2266 1611 2324 retrahit.
1631 2267 1677 2322 lli-

72 2354 147 2423 latis,
170 2354 248 2426 quod
273 2353 412 2410 llatbildis
434 2354 536 2426 regina
555 2355 633 2426 apud
655 2356 812 2412 Cadomum
861 2360 986 2416 chardus
1000 2360 1218 2432 aliquantulum,
1235 2376 1293 2415 non
1311 2365 1408 2416 tamen
1423 2376 1458 2415 cx
1475 2359 1597 2431 integro,
1611 2374 1677 2413 con·

71 2448 161 2517 ruxit,
192 2447 244 2503 sub
271 2448 398 2503 Beatrice
422 2447 562 2503 abbatissa
584 2465 695 2504 sacram
708 2451 811 2506 scriem
861 2454 960 2526 valuit,
974 2459 1004 2510 et
1028 2455 1089 2510 lere
1110 2471 1145 2509 vn
1170 2454 1251 2509 annis
1271 2454 1301 2508 in
1325 2452 1425 2508 ordine
1449 2453 1575 2509 fervidus
1598 2452 1677 2508 vixit.

72 2542 198 2614 gerendo
213 2547 242 2597 et
258 2542 397 2609 docendo,
411 2541 463 2597 sibi
491 2549 519 2598 et
543 2541 604 2598 aliis
629 2543 812 2602 landabiliter
861 2552 946 2621 atqua
959 2547 1088 2622 pluribus
1101 2547 1193 2603 modis
1212 2547 1339 2603 Ecclesia.
1360 2546 1489 2620 proiecit.
1509 2545 1677 2602 llicatenim

72 2635 121 2692 cit.
151 2637 215 2691 llaec
231 2635 268 2690 de
290 2634 490 2691 fundatoribus
510 2636 639 2692 Ecclesiae
653 2644 768 2707 nostra,
783 2644 812 2693 et
862 2642 1068 2714 patrimonium
1081 2658 1178 2708 suurn,
1193 2640 1270 2713 quod
1286 2641 1315 2696 in
1327 2656 1401 2713 pago
1418 2640 1568 2695 vilcassino
1581 2656 1677 2713 possa·

72 2745 88 2785 o
104 2728 263 2784 dictasunt
277 2728 424 2800 progenie·
861 2736 952 2805 derat,
979 2735 1046 2808 quia
1062 2740 1226 2791 uxoremst
1242 2734 1345 2790 liberos
1369 2751 1428 2790 non
1451 2734 1600 2800 habuerat,
1613 2736 1679 2806 post

74 2820 240 2904 angilelmus
263 2846 483 2901 Nos-magnorum
508 2861 591 2902 mm„
609 2863 656 2903 seu
679 2851 809 2906 mammo,
863 2830 991 2886 vulneris
1019 2829 1161 2885 lesionem
1183 2829 1286 2884 Sancto
1313 2828 1429 2884 Ebrullo
1453 2833 1555 2900 sponte
1579 2843 1678 2883 secum

72 2928 168 2982 iteratio
181 2928 253 2982 inter
262 2929 403 2995 Huqouern
417 2927 449 2981 dc
468 2927 702 2985 Grcntcmoisnilio
721 2937 747 2984 ct
759 2934 811 2987 lto-
861 2923 992 2991 contulit,
1010 2925 1073 2979 eta
1094 2922 1214 2978 Fulcone
1236 2925 1338 2994 patruo
1359 2938 1410 2977 suo
1431 2925 1518 2994 atque
1541 2920 1678 2977 llerberto

72 3008 139 3075 lum
169 3008 389 3063 acaemetarum
413 3010 545 3064 comitem.
570 3008 682 3066 osberni
706 3011 1007 3113 obbatiscl'incerna,
1022 3016 1072 3089 qni
1093 3015 1220 3088 capitalis
1240 3015 1372 3071 dominus
1390 3018 1462 3083 erat,
1487 3014 1603 3087 aliisque
1625 3031 1676 3087 pa·
1784 3084 1789 3091 Ι

72 3101 107 3142 ⁹⁸·
861 3109 988 3166 rentibus
1003 3109 1060 3164 suis
1076 3109 1217 3181 integram
1232 3108 1317 3180 liujus
1336 3108 1377 3165 rei
1396 3107 1606 3165 concessionem
1625 3106 1677 3163 ob·

72 3218 105 3258 nc
119 3202 156 3257 ad
173 3202 533 3260 narrationemredeamus
546 3204 680 3260 historica.
690 3206 811 3278 inclytus
861 3203 955 3260 tinuit.
970 3205 1033 3276 lpse
1046 3202 1195 3269 nimirum,
1209 3202 1339 3275 quamvis
1355 3203 1440 3273 plaga
1454 3201 1517 3274 ejus
1530 3217 1678 3273 nonquam

72 3296 177 3352 ranniae
190 3295 318 3351 marchio
332 3296 499 3366 willelmus,
519 3302 617 3355 contra
631 3299 811 3355 Belvaccnses
861 3297 959 3352 clausa
974 3302 1057 3364 esset,
1073 3302 1101 3354 et
1121 3296 1187 3352 inde
1207 3295 1309 3362 sanies,
1327 3301 1465 3367 quantum
1484 3300 1556 3350 testa
1570 3294 1614 3349 ori
1629 3311 1678 3349 an-

72 3406 124 3445 uas
137 3406 204 3445 suos
216 3389 385 3461 depopulari
396 3391 583 3459 conabantur,
596 3395 721 3448 castrum
732 3394 810 3465 quod
861 3391 931 3446 seris
943 3407 1046 3463 capere
1061 3397 1167 3462 posset,
1183 3395 1213 3445 ut
1225 3389 1349 3445 refertur
1362 3389 1398 3444 ab
1412 3387 1456 3443 his
1470 3388 1519 3460 qni
1532 3387 1675 3455 viderunt,

72 3483 241 3539 s-lleroatus
263 3483 375 3551 dicilor,
391 3485 505 3555 expulso
533 3501 585 3557 pro
607 3486 730 3558 quadam
756 3487 810 3542 lovi
860 3484 987 3556 quotidie
1015 3484 1162 3554 delineret,
1183 3485 1356 3538 conventum
1379 3481 1510 3537 ordinate
1533 3481 1613 3553 sequi
1634 3497 1678 3535 ar·

72 3593 97 3633 ra
110 3576 261 3632 Goislredo
275 3577 396 3633 naturali
412 3577 537 3648 haerede,
551 3579 736 3635 adtuendam
751 3583 810 3653 plu·
861 3576 962 3634 deuter
976 3576 1116 3645 studebat,
1137 3582 1167 3631 ct
1191 3576 1361 3646 ministeria,
1377 3591 1441 3647 quur
1454 3573 1548 3630 ordini
1560 3590 1675 3646 compe-

83 3670 230 3727 baronum
244 3686 361 3727 suorum
376 3671 602 3740 commendarit,
615 3673 664 3729 sed
678 3673 723 3728 rix
736 3674 810 3729 ullus
860 3670 968 3738 lebant,
989 3670 1122 3727 alacriter
1144 3669 1305 3725 exhibebat.
1328 3668 1427 3725 blundo
1452 3667 1496 3722 rel
1520 3665 1675 3739 equitando
1785 3708 1787 3713 .

72 3781 87 3821 n
103 3769 224 3838 propter
236 3764 402 3821 infestantes
419 3765 553 3821 Milliacos
575 3769 604 3822 et
624 3767 808 3837 Gerberritos,
860 3780 917 3837 quo
943 3763 995 3819 sibi
1006 3763 1163 3835 jubebatur
1175 3763 1244 3831 ibat,
1259 3767 1287 3818 ct
1299 3760 1493 3818 ecclesiasticis
1508 3759 1677 3816 utilitatibus

72 3874 118 3932 [ac
133 3858 262 3914 contines
278 3874 333 3914 uno
347 3874 421 3914 anno
447 3859 532 3915 tutari
556 3859 662 3930 potuit.
683 3860 810 3917 landem
860 3873 912 3929 pro
925 3872 1006 3929 posse
1019 3873 1070 3912 suo
1085 3856 1179 3912 verbis
1197 3862 1226 3910 ot
1247 3854 1407 3911 actionibus
1423 3853 1561 3910 instanter
1578 3853 1673 3908 deser-

72 3954 194 4010 unimus
218 3954 276 4009 dux
302 3953 414 4025 llugoni
432 3954 468 4010 de
485 3954 743 4023 Grentemaisnilio,
760 3958 810 4029 qui
859 3951 963 4008 viabat.
992 3951 1070 4007 llunc
1093 3951 1231 4006 nimirum
1251 3949 1393 4006 Osbernns
1412 3947 1499 4004 abbas
1525 3947 1589 4018 plus
1613 3946 1675 4002 aliis

72 4048 88 4103 :i
106 4047 251 4120 probitate
265 4053 292 4102 et
303 4047 463 4118 dapsilitate
478 4047 637 4120 praecipuus
650 4053 722 4116 erat,
739 4066 808 4104 con·
859 4044 1006 4117 diligebat,
1020 4045 1090 4102 etin
1108 4044 1169 4116 ipso
1184 4042 1268 4100 valde
1282 4044 1360 4099 relut
1373 4042 1403 4097 in
1416 4057 1467 4097 suo
1482 4039 1599 4113 proprio
1611 4056 1676 4095 con·

72 4141 184 4213 ltogerii
200 4140 236 4196 de
258 4141 515 4209 Monte-Gemenci,
530 4142 579 4213 qui
600 4141 653 4196 sibi
673 4142 759 4198 nimis
772 4143 808 4198 ri·
858 4139 975 4196 lidebat.
992 4140 1070 4195 Unde
1089 4138 1125 4195 ad
1144 4154 1246 4193 novam
1262 4137 1418 4205 basilicam,
1439 4151 1526 4208 qoam
1542 4134 1676 4191 inchoare

72 4233 228 4291 tortitudini
237 4233 547 4306 ejnsinridcbat,ciqoe
557 4233 725 4290 scandalum
736 4251 806 4307 qna·
859 4232 1037 4304 disponebat,
1057 4248 1157 4288 curam
1182 4235 1211 4288 et
1237 4232 1391 4305 impensas,
1418 4228 1675 4301 magisteriumque

71 4331 127 4383 irte
137 4327 182 4383 rel
194 4332 299 4383 eventu
307 4332 476 4398 praestruere
485 4327 627 4399 cupiebat,
641 4327 808 4399 pradictum
858 4327 1032 4382 latomorum
1046 4326 1074 4382 ei
1084 4325 1312 4382 commendabat.

72 4437 126 4477 urn
139 4437 204 4476 cum
213 4420 333 4478 Geroldo
347 4421 475 4492 dapilcro
485 4421 703 4490 commendavit,
716 4403 847 4477 elme-l)
893 4419 1030 4475 Preietos
1043 4424 1133 4492 pater,
1148 4419 1233 4490 hujus
1248 4417 1381 4474 Richardi
1396 4416 1527 4489 precibus
1552 4418 1582 4470 cl
1605 4415 1674 4469 hor·

72 4531 123 4570 em
132 4513 224 4569 dedit.
234 4516 269 4568 At
282 4514 330 4570 ille
341 4515 491 4569 tuitionem
501 4515 628 4585 praelata
639 4515 806 4571 munitionis
856 4517 927 4577 tatu,
948 4512 1094 4569 Franciam
1116 4512 1198 4581 adiit,
1212 4515 1241 4568 et
1255 4512 1430 4568 Rodbcrtum
1444 4509 1628 4581 eloquentem
1642 4523 1676 4563 ac

72 4612 136 4664 oter
149 4607 281 4678 suscepit.
297 4609 410 4678 [leoque
419 4606 550 4678 juvante,
564 4607 638 4662 intra
654 4624 743 4663 onum
758 4625 807 4663 an·
856 4606 1027 4663 lierbertum
1045 4606 1080 4662 dc
1106 4606 1224 4662 Serrana
1253 4611 1281 4660 et
1311 4603 1453 4660 Falcoiunr
1479 4602 1515 4658 de
1533 4599 1673 4671 coarcto,

72 4701 140 4757 luas
161 4700 372 4756 Belvacensium
393 4700 530 4755 maximos
547 4700 699 4772 optimates
720 4702 804 4774 cepit,
855 4700 983 4773 aliosque
999 4700 1102 4757 milites
1120 4703 1149 4755 et
1168 4699 1296 4772 plebeios
1323 4696 1551 4752 vilcassinienses
1575 4693 1675 4750 adsui

72 4794 206 4865 rritisque
220 4793 335 4866 reliquis
350 4793 488 4862 hostibus,
503 4796 593 4849 totam
611 4793 762 4865 regionem
776 4795 806 4850 iu
856 4794 984 4850 aotitiam
1008 4793 1085 4849 dulci
1097 4792 1239 4867 colloquio
1264 4790 1401 4859 invitarit,
1424 4789 1603 4862 fundumque
1615 4788 1675 4843 llcl·

72 4888 167 4944 imate
179 4886 347 4959 pacificavit.
856 4887 1039 4957 duci-Certis,
1059 4887 1184 4959 praefatis
1203 4885 1368 4957 proceribus
1381 4886 1411 4940 et
1429 4882 1528 4939 vicinis
1549 4898 1674 4938 annuen-

72 4981 238 5036 *oMorcato
276 4986 399 5052 quatuor
430 4980 558 5036 canonici
591 4981 739 5037 ecclesiam
776 4982 804 5039 S.
856 4981 932 5036 tibus
944 4987 973 5038 et
994 4980 1253 5054 congaudentibus,
1272 4979 1301 5034 in
1327 4976 1486 5035 dominium
1512 4976 1540 5035 S.
1567 4974 1674 5032 Ebrulli
1757 4970 1776 4987 '

75 5073 201 5147 apostoli
221 5073 414 5146 possidebant,
436 5074 483 5130 sed
504 5074 555 5129 liei
579 5076 687 5130 cultum
712 5075 803 5147 ncgli·
855 5073 970 5147 recepit.
985 5075 1053 5130 lude
1069 5074 1182 5130 rediens
1194 5073 1224 5128 in
1236 5072 1344 5129 lectum
1355 5071 1469 5128 decidit.
1484 5073 1549 5127 Post
1564 5070 1676 5142 aliquot

71 5185 88 5224 r
101 5167 238 5240 agebant,
246 5166 390 5239 vitamque
403 5184 483 5222 snam
498 5167 621 5222 multum
634 5169 805 5225 seculariter
855 5169 927 5237 dics,
941 5169 1043 5224 morbo
1070 5168 1293 5240 ingravescente,
1311 5166 1342 5222 in
1368 5165 1524 5237 capitulum
1538 5164 1674 5220 deductus

73 5266 138 5317 ant.
165 5260 246 5316 Unde
269 5260 471 5332 magnanimus
498 5263 580 5332 llugo
606 5261 804 5333 medietatem,
855 5261 945 5333 venit,
960 5266 990 5318 et
1010 5262 1170 5334 epistolam,
1185 5277 1272 5334 quam
1284 5260 1444 5317 Alexandro
1459 5275 1540 5330 papae
1566 5257 1674 5312 misisse

74 5355 116 5410 ibi
130 5353 320 5426 competebat,
344 5355 479 5424 ecclesiia,
495 5355 641 5410 monachis
654 5355 683 5410 S.
698 5355 805 5411 Ebrnlli
854 5355 986 5413 eamdem
1001 5372 1089 5427 supra
1104 5355 1236 5422 diximus,
1251 5354 1348 5427 palam
1364 5352 1475 5409 recitari
1485 5351 1580 5423 jussit.
1595 5350 1675 5415 Quod

72 5447 188 5504 ssittali
206 5451 362 5517 tenorent,
389 5448 457 5503 dom
480 5448 632 5503 mortevel
647 5449 703 5504 alio
732 5465 803 5520 quo·
854 5449 1013 5505 italaclorn
1041 5452 1085 5505 est
1100 5455 1131 5505 ut
1150 5448 1258 5504 cunctis
1282 5447 1468 5503 manifestum
1493 5444 1574 5501 lieret
1596 5442 1675 5516 quod

72 5558 131 5598 asu
141 5540 272 5597 canonici
283 5540 446 5610 delicerent,
460 5542 593 5597 monachi
608 5542 802 5598 succederent.
853 5543 915 5615 ipse
939 5541 1083 5600 abbatiam
1105 5542 1249 5599 liudberto
1273 5540 1369 5597 abbati
1396 5555 1453 5595 nou
1476 5538 1673 5611 subripuisset,

75 5634 161 5691 etita
175 5636 285 5691 lactum
301 5639 353 5691 cst.
374 5636 445 5690 Nam
460 5636 571 5692 duobus
585 5635 738 5704 canonicis,
754 5637 804 5708 qni
854 5637 905 5692 scd
922 5635 1027 5693 inritus
1046 5653 1077 5692 ac
1098 5637 1235 5693 violentia
1247 5638 1361 5691 coactus
1374 5632 1506 5705 regimen
1535 5630 1671 5701 suscepis·

72 5727 248 5803 tellugonis
267 5728 446 5799 crastinis
466 5728 686 5801 discedentibus,
707 5745 803 5788 mona·
853 5733 907 5788 set.
923 5730 1053 5807 Denique
1066 5730 1168 5788 iratres
1187 5731 1303 5793 horula
1316 5721 1684 5795 corroborantuacataui
