3750 6046
62 233 116 287 525
483 235 638 292 HISTORIA
658 236 922 295 reclusiasrlca.
939 267 971 280 -
986 240 1070 296 raus
1089 242 1134 297 lll.
1150 271 1184 281 —
1198 241 1259 296 lla.
1281 242 1335 296 llll.
1696 244 1746 297 516

63 358 245 425 Buamnndo,
266 374 352 430 quem
373 375 471 416 curare
494 361 662 430 debuerant,
681 365 756 417 virus
781 367 881 423 mortis
893 378 921 450 Α
932 365 1103 421 nuissimum
1121 367 1223 422 dircen]
1240 384 1322 422 suum
1336 366 1432 424 vident
1446 367 1580 422 muliebri
1593 366 1657 421 dolo
1672 367 1747 438 pori-

62 451 265 521 contulerunt3
282 469 340 524 quo
360 461 505 526 percepto,
526 454 562 510 ad
579 461 702 512 mortem
722 459 880 529 agrotavit,
931 460 1031 529 clitari,
1048 468 1076 516 et
1089 462 1177 517 robur
1190 463 1330 517 exercitus
1344 463 1386 516 sui
1404 461 1563 516 defectione
1576 461 1743 532 Langobar-

62 544 199 618 patrique
213 562 263 602 suo
278 563 331 618 per
350 548 483 604 nuntium
502 550 671 621 languorem
689 567 772 605 suum
790 551 880 623 proti·
932 553 1045 617 dorum,
1067 555 1117 626 qui
1142 571 1207 609 cum
1235 555 1354 611 domina
1376 572 1425 609 sua
1450 556 1522 610 clam
1546 555 1742 623 discesserant,

61 654 118 693 nus
134 638 290 696 intimavit.
312 641 436 696 Callidus
454 658 521 698 sero
543 643 599 699 dur
617 643 695 699 dolos
716 645 808 699 uxoris
822 661 881 701 suae
931 645 1073 713 imminui,
1088 652 1117 702 et
1130 664 1160 702 se
1173 664 1231 703 non
1242 664 1323 720 posse
1337 648 1368 704 in
1384 647 1505 715 ltaliam,
1519 647 1586 718 quia
1599 663 1682 703 naves
1698 663 1744 702 eo·
1839 700 1843 709 ,

62 732 159 787 subito
181 733 390 804 animadvertit,
413 736 564 808 ipsamque
587 743 652 793 ante
677 754 706 794 sc
727 738 815 794 tristis
837 755 882 794 ac·
930 756 993 794 rum
1005 741 1160 797 combusta
1174 746 1265 810 erant,
1276 742 1337 796 sine
1349 742 1428 813 gravi
1439 758 1521 797 mora
1537 747 1567 796 et
1581 741 1745 797 difficultate

61 826 199 895 cersiens,
225 826 264 882 sic
289 827 474 900 interrogavit
494 846 500 884 :
523 851 537 878 «
556 830 665 886 Vivitne
688 832 879 903 buamundos,
930 834 1076 903 proficisci.
1093 835 1289 905 llaguanimus
1303 836 1398 906 itaque
1412 837 1466 890 dux
1481 834 1638 892 Rohcrtum
1652 836 1743 891 comi·
1782 875 1785 882 .

60 917 202 975 domiuus
223 921 350 976 mouet»
373 921 442 986 Quae
464 924 615 996 respondit
635 941 642 979 ε
666 944 679 976 a
698 925 806 992 Nescio,
827 925 880 981 do·
930 929 989 981 tem
1003 927 1147 995 Lorotelli,
1163 934 1191 984 et
1205 929 1385 984 Goisfredum
1401 930 1435 985 de
1448 931 1637 996 conversana,
1653 945 1742 1000 nepo·

60 1012 153 1068 mine.
168 1035 183 1065 o
195 1015 231 1068 at
243 1013 291 1069 ille
302 1031 308 1069 :
320 1035 333 1064 α
344 1014 459 1084 afferte,
471 1016 575 1088 inquit,
587 1017 658 1072 mihi
669 1022 779 1073 textum
790 1018 881 1074 sancti
929 1026 972 1075 tes
986 1038 1062 1086 suos,
1080 1023 1227 1090 llugonem
1248 1021 1430 1077 monoculum
1446 1023 1482 1077 de
1502 1023 1696 1090 Claromonte,
1716 1025 1746 1076 et

60 1105 211 1177 Evangelii
225 1112 252 1162 et
266 1106 407 1178 gladium.
424 1129 436 1157 o
451 1108 558 1173 Quibus
576 1111 677 1179 allatis,
692 1112 820 1182 gladium
838 1129 881 1168 ac·
930 1113 1109 1169 Guillelmnm
1132 1115 1167 1169 dc
1189 1115 1448 1184 Grentemaisnilio,
1474 1115 1606 1171 Odonem
1629 1130 1744 1186 quoque

60 1198 149 1271 cepit,
164 1205 193 1255 et
213 1217 302 1273 saper
320 1217 399 1257 sacra
416 1202 457 1257 sic
475 1203 604 1273 juravit:
627 1225 640 1253 α
658 1205 756 1274 audis,
773 1205 879 1262 Sichel·
932 1207 1235 1276 tionum-llarchisum,
1253 1210 1394 1263 sororium
1412 1225 1506 1275 suum,
1524 1209 1653 1280 aliosque
1675 1223 1743 1279 cog·

59 1293 176 1364 guedel
192 1294 246 1349 Per
264 1295 318 1349 hoc
332 1299 464 1351 sanctum
484 1297 669 1368 Evangelium
686 1298 752 1369 juro
767 1299 880 1370 quodsi
931 1304 1013 1355 natos
1030 1317 1216 1372 proceresque
1234 1317 1299 1355 suos
1318 1302 1353 1356 ad
1373 1318 1403 1356 se
1428 1303 1603 1368 convocavit,
1624 1304 1654 1356 et
1673 1300 1744 1372 quid

60 1387 251 1442 ltnamundus
265 1387 340 1443 lilius
359 1405 438 1444 meus
454 1390 507 1444 hoc
527 1391 635 1459 morbo,
652 1407 707 1462 quo
725 1392 878 1461 detinetur,
931 1393 1019 1449 acturi
1033 1400 1128 1450 essent
1145 1394 1339 1466 interrogavit.
1356 1396 1484 1465 Cumque
1502 1410 1603 1451 omncs
1622 1396 1697 1451 inter
1712 1410 1743 1450 se

59 1485 197 1536 mortuns
220 1481 318 1549 siverit,
341 1483 397 1537 hoc
418 1500 484 1538 ense
511 1484 680 1540 interficiam
700 1492 737 1540 te.
757 1507 771 1536 »
794 1489 880 1542 Porro
931 1487 1123 1554 mussitarent,
1139 1504 1192 1542 nec
1206 1494 1315 1544 certum
1330 1488 1397 1558 quid
1413 1488 1584 1559 proferrent,
1599 1488 1660 1543 ait:

58 1574 108 1629 illa
129 1575 180 1630 tali
196 1574 365 1647 allegatione
383 1577 470 1632 nimis
492 1577 600 1647 territa,
624 1578 748 1634 salutare
769 1580 881 1636 antido·
968 1602 981 1629 a
1001 1581 1074 1636 tillio
1093 1581 1187 1635 divina
1202 1598 1255 1652 pro
1275 1582 1397 1651 peccatis
1418 1581 1521 1637 nostris
1541 1598 1591 1636 nos
1610 1581 1744 1652 percutit,

57 1672 122 1723 tum
136 1668 319 1740 praeparavit,
332 1676 361 1725 et
379 1671 495 1727 medicis
509 1672 576 1740 suis,
596 1689 650 1746 per
663 1689 735 1745 quos
755 1678 880 1730 mortem
930 1679 960 1729 et
973 1690 990 1729 a
1004 1674 1101 1729 nimiis
1116 1675 1319 1744 cupiditatibus
1333 1675 1436 1730 nostris
1451 1691 1502 1729 nos
1515 1675 1654 1746 reprimit.
1668 1677 1746 1730 Juste

56 1767 221 1833 paraverat,
244 1763 421 1819 Psalcrniam
445 1765 597 1820 confestim
622 1767 782 1822 transmisit
803 1784 878 1823 nun·
889 1743 917 1815 Β
930 1783 980 1822 nos
996 1767 1134 1822 Dominus
1145 1771 1179 1822 ut
1191 1783 1286 1823 servos
1305 1784 1372 1823 suos
1390 1768 1531 1835 verberat,
1551 1773 1579 1822 et
1597 1768 1745 1839 perspicue

56 1855 149 1924 tium,
174 1854 226 1927 qui
253 1861 286 1911 ut
311 1856 365 1912 sibi
388 1858 562 1929 periclitanti
593 1858 878 1929 adminicularentur,
929 1859 1004 1932 quod
1018 1860 1117 1915 mundi
1132 1859 1224 1932 gloria
1242 1877 1301 1917 non
1323 1862 1358 1916 sit
1378 1861 1549 1933 appetenda,
1567 1860 1649 1915 nobis
1671 1877 1745 1916 nun·

55 1947 206 2004 blanditiis
233 1954 262 2004 et
283 1949 417 2022 precibus
444 1951 554 2007 obnixis
580 1952 748 2008 sollicitavit.
778 1955 877 2009 archi·
929 1954 990 2008 tint.
1006 1952 1113 2009 Gratias
1129 1952 1168 2007 illi
1186 1969 1238 2023 pro
1258 1954 1400 2024 omuibus,
1417 1970 1481 2025 qna
1499 1953 1582 2008 nobis
1603 1952 1746 2025 impertiri

56 2042 113 2096 atri
125 2041 269 2098 detectam
280 2042 412 2099 fraudem
423 2049 451 2099 et
461 2045 622 2117 angustiam
632 2046 753 2102 herilem
763 2047 880 2103 audien·
929 2047 1061 2119 dignatus
1082 2053 1134 2111 est,
1154 2064 1287 2118 agamus,
1311 2051 1339 2102 et
1359 2053 1390 2102 ut
1414 2048 1505 2102 nostri
1527 2063 1639 2118 semper
1661 2047 1747 2103 mise-

55 2137 112 2202 tes,
128 2138 159 2191 et
179 2134 209 2190 in
226 2135 355 2192 futurum
371 2153 408 2192 ne
428 2139 570 2194 terribiles
584 2139 670 2194 minae
687 2141 766 2195 ducis
782 2142 878 2212 exple·
929 2144 1035 2209 rentur,
1050 2141 1206 2196 totocorde
1223 2145 1401 2212 appetamus.
1416 2143 1485 2197 Ecce
1499 2157 1549 2195 nos
1560 2141 1595 2195 de
1610 2140 1743 2213 pauperi·

57 2235 164 2285 rentur
188 2233 356 2301 precantes,
385 2234 446 2286 toto
468 2232 522 2287 nisi
544 2233 659 2304 juveni,
687 2250 773 2305 quem
798 2236 878 2291 lese·
928 2232 981 2288 hus
1001 2233 1164 2304 infimisque
1185 2233 1350 2304 parentibus
1370 2234 1570 2305 processimus,
1596 2238 1625 2288 et
1648 2233 1744 2289 sterile

58 2326 137 2390 runt,
152 2323 184 2377 iu
202 2322 281 2379 omni
299 2324 434 2380 exercitio
454 2325 578 2397 physicae
596 2327 665 2381 artis
686 2328 795 2384 mederi
817 2345 878 2383 cer·
929 2344 977 2381 rus
989 2327 1177 2395 Constantini,
1196 2342 1355 2398 vacuosque
1373 2327 1536 2382 necessariis
1557 2327 1641 2382 rebus
1657 2343 1744 2398 pena·

56 2417 168 2472 tabant.
197 2416 361 2488 opitulante
383 2420 449 2486 lieo,
472 2419 520 2490 qui
542 2436 594 2490 per
616 2420 752 2476 cumdem
776 2423 879 2477 'lurcos
928 2427 972 2476 tes
985 2419 1182 2492 relinquimus,
1199 2423 1228 2475 et
1239 2420 1360 2491 profecti
1374 2421 1493 2475 Romam
1507 2436 1573 2475 cum
1587 2436 1692 2490 magno
1705 2419 1741 2475 ti·

58 2514 90 2565 et
112 2513 274 2581 agarenos,
298 2510 463 2566 Christiana
481 2511 548 2567 fidei
568 2513 673 2579 hostes,
690 2515 879 2585 comprimere
929 2530 1007 2569 more
1033 2514 1076 2568 vix
1100 2512 1345 2585 pertransivimus.
1371 2513 1493 2580 Deinde,
1524 2513 1650 2569 donante
1675 2514 1743 2581 Deo,

57 2603 237 2673 decreverat,
257 2619 336 2675 aeger
356 2605 505 2660 convaluit.
526 2605 581 2662 Sed
599 2607 629 2661 in
647 2609 725 2662 omni
744 2608 801 2664 vita
818 2625 878 2677 sna,
930 2624 1049 2679 magnas
1067 2610 1096 2661 et
1113 2608 1216 2661 multas
1234 2601 1319 2661 urbes
1338 2605 1524 2662 obtinuimus.
1539 2607 1594 2662 Sed
1614 2607 1667 2662 hoc
1681 2623 1741 2663 nou

57 2714 120 2769 prae
136 2712 259 2764 veneno,
274 2713 332 2768 quo
351 2698 474 2753 infectus
486 2699 591 2771 fuerat,
607 2700 731 2772 pallidus
744 2718 878 2773 perman·
930 2701 1034 2756 nostris
1047 2700 1152 2754 viribus
1172 2716 1224 2753 nec
1243 2700 1362 2763 meritis,
1377 2700 1426 2755 sed
1442 2699 1544 2755 divinae
1565 2698 1742 2755 ordinationi

56 2791 103 2845 sit.
929 2794 1071 2865 imputare
1085 2793 1233 2848 debemus.
1248 2793 1375 2864 lienique
1394 2794 1429 2847 de
1443 2794 1563 2864 imperio
1579 2793 1742 2849 Constanti-

94 2886 211 2940 Interea
223 2884 381 2956 versipellis
397 2889 426 2941 et
445 2885 595 2957 ingeniosa
615 2888 718 2942 mulier
730 2888 820 2942 multa
834 2904 878 2942 se·
929 2887 1093 2959 nopolitono
1119 2903 1169 2958 pro
1195 2887 1320 2941 reatibus
1358 2886 1560 2957 indigenarum
1593 2887 1744 2942 invasimus

57 2992 125 3032 cum
146 2977 322 3047 revolvebat,
344 2979 492 3051 nimioque
510 2987 589 3036 metu
611 2981 809 3037 indesinenter
833 2982 879 3036 sti·
929 2983 1069 3052 quantum
1086 2981 1233 3052 potuimus
1246 2980 1274 3034 in
1293 2997 1328 3034 xv
1344 2979 1491 3052 peragrari
1506 2979 1615 3036 diebus.
1629 2979 1743 3052 Optime

58 3072 182 3141 mulcta,
193 3071 395 3127 considerabat
410 3074 484 3144 quod
498 3074 521 3128 si
534 3074 646 3146 legatus
659 3091 726 3129 suus
740 3075 775 3129 ad
790 3078 880 3130 trans·
889 3103 916 3177 C
929 3075 1018 3128 nostis
1034 3074 1111 3145 quod
1131 3075 1160 3128 in
1181 3074 1223 3129 sui
1243 3073 1404 3145 presidium
1424 3073 1560 3128 invitatus
1581 3089 1643 3128 sum
1660 3089 1677 3127 a
1697 3073 1744 3129 lti-

57 3164 227 3220 fratandum
249 3182 329 3220 marc
350 3168 484 3234 tardaret,
503 3171 532 3222 et
548 3174 670 3239 aegrotus
684 3172 750 3224 ante
772 3169 877 3224 adven·
929 3167 1026 3222 chaele
1048 3168 1234 3238 imperatore,
1249 3183 1333 3238 quem
1357 3166 1430 3222 cives
1452 3167 1494 3220 sui
1514 3167 1549 3220 dc
1571 3167 1641 3222 solio
1660 3167 1744 3239 regni

57 3262 121 3313 nrm
135 3259 201 3329 ejus
212 3258 378 3330 emigraret,
395 3260 443 3314 illa
453 3261 580 3331 iuratam
600 3262 652 3316 sibi
671 3268 794 3317 mortem
810 3278 879 3317 ense
929 3260 1064 3332 nequiter
1076 3260 1219 3333 expulere,
1234 3260 1303 3332 quia
1323 3259 1413 3315 liliam
1432 3276 1527 3314 meam
1544 3259 1744 3332 lilioejustra·
1849 3278 1874 3299 -·

56 3353 158 3408 mariti
170 3368 231 3408 nou
245 3351 389 3409 evaderet.
405 3354 495 3425 lgitur
510 3354 597 3410 aliam
611 3360 727 3411 econtra
741 3357 876 3427 tergiver·
929 3352 988 3408 didi
1002 3353 1140 3426 legitime.
1155 3353 1440 3423 Constantinopolim,
1453 3369 1540 3425 quam
1554 3354 1678 3425 possidet
1689 3353 1742 3410 im·

56 3447 199 3501 ationem
214 3446 407 3502 truculentam
428 3450 458 3502 et
476 3448 594 3503 omnino
613 3448 816 3504 exsecrabilem
833 3465 879 3505 ex·
929 3447 1009 3503 bellis
1022 3448 1153 3519 populus,
1173 3446 1339 3518 deliciisque
1361 3446 1486 3502 serviens
1504 3451 1532 3501 et
1552 3447 1681 3514 lascivia,
1695 3447 1744 3502 da·

56 3539 205 3612 cogitavit.
229 3541 347 3595 Veneno
364 3541 459 3596 virum
479 3558 573 3610 suom,
595 3543 670 3613 proh
690 3542 786 3599 dolori
808 3542 879 3598 infe·
928 3557 1082 3608 creveram,
1104 3540 1127 3596 si
1146 3541 1203 3596 Deo
1223 3540 1386 3613 placuisset,
1404 3539 1554 3595 Catholicis
1575 3541 1744 3612 pugnatori·

55 3633 104 3688 cit.
119 3632 255 3689 Protinus
270 3637 302 3688 ut
314 3632 361 3689 illc
375 3640 519 3706 egrotare
532 3636 627 3707 coepit,
649 3641 677 3691 et
692 3636 753 3707 ipsa
768 3636 803 3692 de
817 3636 879 3691 ine·
927 3635 980 3689 hus
999 3633 1164 3705 subjugare,
1180 3634 1229 3706 qni
1249 3639 1376 3690 sanctam
1396 3633 1446 3689 ltei
1467 3631 1613 3688 civitatem
1630 3636 1743 3691 Jerusa-

55 3726 166 3782 vitabiti
187 3743 254 3782 casu
269 3728 331 3798 ejus
350 3744 408 3784 non
431 3728 580 3797 dubitavit,
595 3729 876 3801 convocatisparasi·
927 3726 986 3782 lem
1011 3727 1108 3782 Turcis
1131 3726 1287 3794 auferrent,
1310 3725 1486 3798 ethnicisque
1506 3726 1581 3781 hello
1609 3728 1740 3798 repulsis,

56 3822 92 3876 tis
105 3822 166 3876 suis
186 3836 255 3875 cum
278 3820 397 3892 reliquis
414 3821 617 3892 langobardis,
638 3827 723 3878 noctu
744 3823 876 3891 surrexit,
926 3819 1117 3875 Christianum
1133 3819 1284 3890 imperium
1300 3818 1463 3875 dilatarent.
1482 3820 1601 3890 Propter
1623 3820 1675 3874 hoc
1693 3821 1742 3877 de·

55 3921 83 3970 at
101 3915 138 3971 ad
154 3930 237 3970 mare
250 3930 412 3987 progressa,
428 3931 515 3970 naves
530 3916 654 3986 optimas
666 3932 731 3971 cum
746 3917 878 3972 omnibns
927 3914 1073 3982 siderium,
1083 3919 1142 3969 tam
1153 3930 1291 3985 magnum
1302 3912 1430 3969 laborem
1442 3916 1538 3968 ettam
1549 3913 1740 3984 periculosum

54 4008 114 4064 suis
126 4008 257 4077 intravit,
270 4014 299 4063 et
314 4024 412 4064 omnes
424 4009 550 4080 reliquas
564 4026 659 4079 naves,
671 4026 708 4066 no
720 4011 878 4066 Normanni
928 4023 1050 4079 agonem
1065 4007 1145 4063 inivi.
1160 4005 1217 4063 Sed
1235 4007 1289 4062 hoc
1303 4006 1385 4061 aliter
1397 4006 1539 4062 ordinavit
1557 4007 1739 4079 irreprehen-

54 4119 121 4158 eam
135 4108 391 4174 persequerentur,
402 4101 540 4158 incendit.
553 4104 625 4158 llum
637 4120 703 4159 vero
716 4104 794 4160 littus
804 4107 878 4176 dpu—
928 4100 1016 4156 sibilis
1035 4101 1165 4156 voluntas
1185 4100 1389 4170 omnipotentis
1410 4100 1467 4155 liei.
1487 4100 1574 4155 David
1598 4101 1740 4173 templum

53 4195 99 4252 liae
119 4195 229 4267 attigit,
254 4195 370 4267 quidem
396 4197 478 4251 miles
505 4198 540 4251 de
567 4197 698 4252 satellitio
720 4198 781 4268 ejus
803 4199 877 4253 clam
928 4196 985 4249 lieo
1001 4195 1204 4265 hierosolymis
1213 4198 1377 4250 construere
1390 4193 1489 4262 voluit,
1503 4193 1553 4248 sed
1566 4195 1740 4251 hocaSalo·

54 4305 200 4362 egressm,
221 4288 394 4344 Psalemiam
410 4292 497 4345 noctu
515 4290 603 4356 venit,
626 4293 655 4345 et
677 4291 877 4347 Buamnndnm
927 4305 1011 4344 mone
1025 4289 1084 4343 lilio
1105 4288 1166 4357 ejus
1188 4288 1288 4360 peragi
1309 4303 1374 4343 cum
1393 4287 1503 4359 ingenti
1525 4287 1647 4358 tripudio
1666 4290 1740 4343 Deus

55 4383 231 4439 festinanter
248 4397 410 4454 aggressus,
424 4384 464 4438 ait
479 4401 486 4440 ε
504 4384 624 4454 «Surge
638 4385 702 4451 cito,
717 4389 746 4441 et
756 4385 834 4456 fuge,
849 4390 877 4440 et
927 4382 1075 4453 disposuit.
1090 4380 1134 4436 Sic
1150 4381 1230 4435 labor
1249 4397 1341 4448 meus,
1355 4386 1387 4435 nt
1409 4385 1535 4447 autumo,
1551 4380 1653 4434 futuris
1670 4386 1742 4436 tem·

54 4479 134 4534 salva
151 4480 193 4532 te.
209 4498 225 4528 >v
239 4477 369 4549 Cumque
382 4477 430 4532 ille
444 4493 558 4532 calisam
573 4477 743 4549 inquireret,
759 4469 1043 4548 novitiustoribus
1064 4475 1317 4540 consummabitur,
1341 4479 1369 4529 et
1389 4475 1498 4529 fructus
1520 4472 1626 4527 laboris
1651 4488 1740 4544 quan·

53 4570 207 4643 respondit
228 4587 236 4624 :
256 4571 369 4626 «Pater
389 4576 454 4626 tuus
478 4574 607 4626 mortuus
629 4577 681 4639 est,
704 4576 733 4626 et
755 4587 876 4626 noverca
927 4568 1019 4639 doque
1034 4566 1272 4633 manifestabitur,
1288 4569 1316 4621 et
1330 4566 1546 4621 incitamentum
1569 4569 1654 4620 tantae
1674 4582 1739 4638 pro·

55 4671 106 4720 toa
128 4665 159 4721 in
182 4664 287 4736 Apulia
306 4667 359 4719 est.
380 4667 438 4721 Huc
461 4667 558 4720 autem
577 4665 692 4720 festinat
717 4665 821 4733 venire,
845 4667 877 4719 ut
925 4662 1023 4717 hitatis
1040 4661 1151 4716 utiliter
1171 4660 1294 4732 posteris
1316 4660 1418 4714 nostris
1441 4658 1648 4730 propinabitur.
1670 4659 1740 4716 ilinc

55 4757 171 4814 occidat
184 4763 223 4812 te.
240 4778 254 4808 »
274 4757 330 4812 Nec
344 4773 425 4812 mora
441 4757 634 4826 Bnamundus,
654 4762 711 4813 tam
733 4758 811 4829 gravi
832 4773 877 4812 ru·
928 4756 1024 4828 igitur,
1038 4772 1054 4810 o
1067 4755 1121 4809 viri
1133 4754 1230 4823 fortes,
1245 4753 1359 4824 sapiens
1371 4753 1521 4807 consilium
1537 4752 1668 4822 accipite,
1684 4753 1738 4826 pri·

54 4867 137 4907 more
155 4850 300 4919 turbatus,
321 4851 432 4905 asinum
450 4850 586 4917 ascendit,
601 4851 672 4905 clam
692 4851 792 4906 urbem
816 4851 875 4905 exi·
927 4849 1089 4920 stinamque
1109 4848 1245 4903 virtutem
1270 4851 1402 4914 vestram,
1428 4863 1513 4917 quam
1537 4848 1566 4900 in
1591 4846 1688 4901 arduis
1712 4852 1741 4903 ot

55 4946 106 5011 vit,
124 4943 164 5000 ad
181 4943 343 5000 lordonum
360 4945 464 5015 Capuae
483 4943 653 5016 principem,
672 4943 875 4999 consobrinum
926 4942 1054 5014 angustis
1067 4943 1153 4997 rebus
1166 4941 1310 4996 multoties
1324 4944 1457 5011 expertus
1470 4956 1543 5007 sum,
1558 4940 1677 5011 perdere
1691 4957 1741 4996 no-

55 5054 154 5108 strum,
168 5036 317 5108 conlugit;
333 5053 350 5091 a
365 5054 422 5109 quo
437 5037 626 5092 amicabiliter
643 5044 782 5109 receptus,
796 5037 875 5092 frau-
928 5037 989 5092 lite.
1008 5038 1086 5091 Unus
1101 5036 1188 5091 homo
1211 5052 1272 5090 sum
1294 5050 1336 5103 ac,
1357 5040 1388 5088 ut
1402 5033 1516 5104 reliqui,
1536 5034 1672 5090 mortalis.
1687 5037 1741 5090 Vos

55 5132 108 5188 des
120 5136 151 5188 et
162 5131 258 5186 minae
275 5146 405 5186 novercae
418 5147 476 5186 sure
499 5132 596 5186 evasit.
612 5131 661 5186 llla
676 5147 753 5200 vero,
770 5133 801 5186 ut
812 5132 877 5185 Psa·
926 5135 1022 5184 nutem
1051 5129 1134 5183 multi
1157 5128 1234 5195 estis,
1255 5127 1409 5198 multisque
1434 5126 1660 5197 charismatibus,
1687 5127 1743 5183 lar-

57 5226 182 5282 lerniam
196 5225 342 5298 pervenit,
356 5230 385 5280 et
398 5240 512 5295 egresso
527 5241 612 5296 qoem
627 5224 783 5296 quaerebat,
794 5224 875 5279 delu·
928 5223 1024 5295 giente
1039 5224 1103 5288 lieo,
1119 5221 1230 5292 vigetis.
1251 5221 1367 5275 Famosa
1380 5236 1448 5275 vero
1462 5226 1553 5292 gesta,
1570 5238 1635 5293 quae
1655 5221 1742 5294 longe

54 5336 116 5374 sam
138 5334 173 5375 se
192 5317 355 5389 comperit,
378 5318 565 5373 vehementer
587 5317 755 5372 contristata
769 5322 820 5384 est,
848 5319 878 5371 et
927 5318 1040 5388 lateque
1064 5316 1207 5386 divolgata
1227 5319 1302 5383 sunt,
1328 5330 1376 5369 vos
1398 5314 1519 5383 fecistis;
1542 5331 1594 5370 nec
1616 5332 1741 5387 unquam

57 5412 201 5486 hogerius
221 5409 299 5467 tilius
327 5412 398 5482 ejus,
425 5415 618 5482 cognomento
643 5414 797 5478 Crumena,
819 5426 876 5466 am·
927 5410 1037 5480 majora
1052 5427 1066 5464 a
1082 5414 1139 5464 lam
1156 5408 1252 5480 paucis
1266 5411 1296 5463 et
1308 5407 1414 5463 intimis
1429 5407 1594 5463 hominihus
1610 5410 1745 5480 leguntur

55 5507 136 5578 plum
150 5504 227 5563 citra
238 5521 321 5561 mare
344 5504 479 5562 ducatum
494 5522 528 5560 ex
543 5504 720 5561 successione
732 5504 876 5576 maiorum
928 5503 957 5558 in
984 5502 1126 5574 aliquibus
1149 5501 1274 5557 historiis
1294 5519 1391 5574 quam,
1407 5503 1526 5573 juvante
1547 5505 1610 5566 tteo,
1630 5520 1647 5557 a
1667 5503 1745 5558 vohis

56 5599 178 5673 adeptas
191 5605 247 5656 est.
926 5597 1085 5652 factasunt.
1101 5596 1260 5651 Fortiorem
1274 5595 1371 5668 itaque
1389 5599 1418 5650 et
1431 5596 1632 5668 sapientiorem
1646 5596 1681 5651 de
1694 5613 1742 5651 vo·

92 5692 228 5766 Undique
250 5690 349 5749 nimiis
368 5692 559 5749 anxietatibus
582 5691 730 5764 aggravati
754 5696 821 5747 suut
846 5691 876 5748 in
928 5691 971 5746 bis
993 5689 1100 5761 eligite,
1124 5691 1276 5763 ipsumque
1295 5689 1376 5745 vobis
1391 5690 1493 5745 ducem
1509 5689 1688 5745 constituite.
1704 5689 1750 5741 tte

57 5785 593 5862 commuuionertormunntuum
602 5785 878 5844 maximumacstrc·
926 5784 1054 5860 perdatis
1074 5783 1245 5845 foecundam
1259 5785 1402 5844 tellurem
1419 5784 1579 5856 quesitam
1601 5792 1716 5847 magno
1729 5776 1777 5825 ta·
