3750 6046
80 188 83 195 '
138 210 208 267 vaae
832 211 970 267 aarum
989 212 1022 266 iv
1041 212 1137 267 rara
1760 214 1824 270 vars

135 336 245 391 tensam
273 335 439 400 Ecclesiam,
463 333 518 402 cui,
546 337 602 390 [teo
617 338 741 402 auctore,
766 351 886 406 pracesse
907 334 949 390 di·
962 335 1136 419 Amnouice
1169 335 1304 406 possidet,
1334 344 1385 392 aut
1415 336 1446 392 in
1476 337 1605 393 futurum
1641 337 1825 393 concessione

137 428 293 501 gnosceris,
324 428 376 483 sub
399 428 476 483 beati
505 430 578 484 Petu
593 432 622 482 et
641 434 738 484 nostra
752 428 949 501 protectione:
1002 429 1190 500 pontiticuvu,
1223 430 1376 500 largitione
1403 447 1523 502 regum,
1558 432 1600 486 vel
1638 431 1825 503 principum,

137 521 316 594 suscipimus,
332 526 362 577 et
374 522 522 594 praesentis
535 522 631 595 scripti
652 522 801 595 privilegio
820 539 950 577 commu·
1002 523 1147 578 oblatione
1169 523 1298 578 fidelium
1316 541 1366 579 seu
1382 525 1444 579 aliis
1460 525 1666 596 justismodis,
1691 526 1750 580 ileo
1764 542 1826 597 pro·

135 617 242 685 nimos,
271 619 443 687 statuentes,
473 622 504 670 ιιι
535 632 718 689 quascunque
748 619 951 688 possessiones,
1002 617 1083 688 pitio,
1109 618 1213 688 poterit
1231 617 1357 689 adipisci,
1382 618 1465 673 tirma
1492 619 1553 688 tibi,
1574 619 1693 691 tuisque
1718 636 1827 674 sncces-

137 711 520 783 qnaecunquebonacadem
542 711 665 766 Ecclesia
684 711 951 783 impraesentiarum,
1003 711 1123 777 sorihns,
1151 718 1179 766 ot
1209 711 1318 765 illibata
1346 716 1545 784 permaneant.
1572 715 1605 768 ln
1635 713 1745 784 quibus
1772 715 1828 769 haee

134 806 211 876 juste
226 808 254 861 et
263 804 400 860 canonice
415 805 552 876 possidet,
568 811 616 860 aut
633 806 662 860 in
684 806 811 860 futurum
837 822 951 861 eonces-
1002 805 1125 876 propriis
1134 804 1267 859 dviximus
1277 805 1465 877 exprimenda
1473 806 1627 873 vocabulis,
1645 808 1829 879 episcopatus

138 899 218 955 sione
233 898 414 970 pontificum,
426 899 576 970 largitione
597 916 709 971 regum,
724 899 767 954 vel
782 899 951 971 principum,
1002 898 1185 967 Avelliuuvn,
1231 899 1536 955 blontenr-blarauum.
1577 900 1828 972 Frequentinum,

139 992 281 1048 oblatione
312 993 452 1060 fidelium,
481 1009 530 1048 seu
563 993 624 1048 aliis
648 993 733 1064 J'ustis
761 993 862 1061 modis,
896 994 952 1047 Deo
1003 991 1153 1060 mianum,
1181 994 1307 1047 llontem
1337 991 1372 1046 de
1395 993 1473 1059 Vico,
1496 995 1650 1061 Bovinnm,
1678 995 1827 1061 Asculum,

139 1087 274 1158 propitio,
293 1087 398 1158 poterit
417 1086 546 1158 adipisci,
570 1088 657 1142 tirma
680 1087 743 1153 tibi,
758 1087 869 1158 tuisque
888 1103 952 1141 suc·
1004 1086 1165 1151 luceriam,
1205 1086 1414 1154 Florentinum,
1455 1087 1653 1155 Tortibulum,
1692 1088 1826 1144 blontern·

139 1180 296 1236 ccssoribus
309 1184 339 1235 et
351 1181 456 1235 ihibata
471 1185 670 1251 permaneant,
683 1197 800 1236 omnem
813 1197 878 1236 vero
890 1198 951 1235 am·
1004 1179 1168 1247 Corvinum,
1195 1180 1398 1247 vulturariam,
1423 1181 1584 1249 Civitatem,
1613 1182 1826 1251 Draconarianv,

140 1274 233 1330 bitum
259 1274 434 1330 Ravelleusis
458 1275 600 1342 Ecclesia,
626 1275 698 1331 sicut
723 1292 739 1330 a
768 1276 953 1346 praedecesso·
1003 1272 1168 1341 alarinum,
1204 1274 1385 1341 Termulam,
1428 1275 1599 1344 Guardiam,
1637 1276 1824 1341 Trisanton,

139 1368 218 1423 ribus
237 1367 294 1422 tuis
308 1367 515 1423 rationabiliter
532 1384 677 1440 possessus
698 1372 750 1436 est,
769 1368 821 1423 tibi
842 1369 954 1440 tuisque
1005 1366 1156 1437 Bojanum,
1170 1366 1292 1435 Alisram,
1308 1369 1446 1437 Tolosam,
1457 1374 1485 1424 et
1504 1370 1639 1426 Sanctam
1663 1371 1824 1442 agatham

139 1462 386 1517 successoribusin
403 1465 576 1534 perpetuum
592 1463 805 1517 confirmamus.
1004 1460 1081 1515 inira
1093 1460 1238 1544 civitatem
1252 1463 1495 1533 Beneventanum,
1512 1464 1666 1519 ecclesiam
1691 1465 1722 1521 S.
1742 1465 1824 1528 Pauli,

175 1555 360 1612 Decernimos
379 1572 460 1627 ergo,
482 1558 515 1610 ιιι
536 1556 606 1611 nulli
624 1556 740 1611 omnino
759 1556 909 1611 homiuum
925 1556 956 1610 li·
1007 1555 1153 1609 ecclesiam
1171 1557 1198 1611 S.
1224 1555 1320 1610 Mariae
1344 1555 1380 1611 de
1402 1556 1484 1611 Porta
1509 1557 1652 1626 Gloriosa,
1681 1559 1824 1613 ecclesiam

141 1656 204 1706 ceat
227 1650 375 1722 praefatam
396 1649 550 1705 Ecclesiam
572 1656 682 1705 temere
704 1650 883 1721 perturbare,
907 1656 956 1705 aut
1006 1648 1034 1703 S.
1063 1648 1139 1703 Petri
1166 1649 1356 1718 Paceadesso,
1386 1650 1532 1705 eeclesiam
1555 1654 1673 1707 Sancta
1703 1652 1823 1718 Theclae,

143 1745 204 1815 ejus
218 1743 408 1816 possessiones
426 1744 548 1811 auterre,
562 1744 605 1797 vel
618 1743 723 1799 ablatas
746 1743 880 1812 retinere,
901 1744 953 1798 mi·
965 1719 994 1791 B
1006 1741 1152 1796 ecclesiam
1167 1741 1195 1796 S.
1216 1743 1337 1810 llartini,
1354 1743 1503 1799 ecelesiam
1518 1748 1629 1801 Sauctae
1645 1746 1746 1802 blarim
1764 1752 1824 1800 ante

143 1854 232 1893 unere
252 1854 302 1893 sen
324 1837 496 1908 quibuslibet
518 1837 713 1893 vexationibus
739 1837 875 1909 latigare3
905 1837 956 1892 sed
1007 1835 1115 1901 horam,
1131 1834 1281 1890 ecclesiam
1300 1838 1327 1892 S.
1351 1837 1425 1892 Petri
1449 1839 1535 1893 sitam
1554 1838 1638 1910 juxta
1661 1818 1735 1894 ecclf
1759 1840 1827 1894 l'etri

144 1932 241 1987 omnia
262 1932 372 2002 integra
393 1934 596 1986 conserventur
621 1948 731 1997 eorum,
757 1947 809 2003 pro
833 1947 955 2002 quorum
1007 1929 1041 1983 dc
1067 1928 1189 1997 tledicis,
1215 1928 1363 1986 ecelesiam
1387 1933 1497 1987 Sanctae
1523 1933 1620 1987 blaciae
1644 1933 1684 1988 de
1705 1936 1826 1999 aurona,

144 2025 360 2097 gubernatione,
379 2041 411 2080 ac
436 2024 642 2082 sustentatione
660 2041 792 2080 concessa
815 2030 881 2079 sunt
900 2025 955 2080 usi·
1006 2023 1154 2078 ecclesiam
1174 2023 1202 2078 S.
1223 2023 1382 2090 arthellais,
1406 2026 1553 2080 ecclesiam
1581 2027 1609 2081 S.
1639 2028 1770 2083 tannarii
1796 2027 1827 2082 de

143 2120 196 2173 lvus
211 2119 329 2174 omniuo
344 2119 500 2190 profutara,
519 2119 595 2173 salva
620 2119 692 2173 sedis
710 2119 873 2190 apostolicae
888 2136 955 2174 auc·
1006 2116 1116 2183 Graecis,
1133 2116 1279 2171 ecetesiam
1299 2117 1328 2173 S.
1351 2118 1473 2185 Martini,
1489 2120 1643 2174 ecclesiam
1655 2121 1686 2175 S.
1712 2121 1825 2175 Pascha·

142 2212 266 2268 toritate.

179 2307 275 2379 Siqua
286 2307 386 2378 igitur,
402 2309 456 2361 etc.

180 2403 239 2472 Ego
254 2400 402 2468 Adrianus,
423 2400 566 2456 catholica
580 2401 710 2457 Ecclesia
723 2401 884 2474 episcopus.

180 2497 240 2567 Ego
254 2494 408 2561 liuboldus,
423 2494 518 2564 presb.
534 2494 611 2549 eard.
630 2495 672 2550 tit.
687 2494 716 2550 S.
731 2495 876 2550 Praxedis.

181 2587 239 2656 Ego
268 2583 422 2650 liuboldus,
452 2583 544 2655 presb.
572 2584 651 2639 eard.
678 2584 723 2639 tit.
757 2584 783 2639 S.
809 2584 904 2640 Crucis
929 2585 958 2639 iu

144 2678 329 2735 Hierusalem.

179 2776 239 2845 Ego
264 2772 393 2841 lacobus,
422 2772 513 2844 presb.
534 2771 611 2826 card.
634 2772 680 2827 SS.
708 2775 808 2827 Joauu.
837 2779 863 2829 et
881 2773 959 2828 Pauli

146 2867 189 2922 tit.
204 2867 387 2921 Pammachii.

180 2963 238 3031 Ego
252 2959 372 3028 arditio,
387 2959 458 3015 diac.
475 2960 550 3014 eard.
567 2961 594 3014 S.
605 2959 756 3014 Theodori.

181 3056 238 3124 Ego
254 3055 334 3121 lloso,
351 3052 421 3107 diac.
437 3052 514 3107 card.
536 3052 584 3107 SS.
602 3054 711 3107 Cosnue
726 3057 754 3107 et
769 3054 851 3107 llam.

1008 2208 1051 2276 sii,
1066 2209 1251 2264 ecclesianis.
1267 2211 1378 2282 augeli,
1402 2228 1466 2283 quea
1491 2216 1534 2267 est
1563 2212 1618 2267 sita
1638 2214 1724 2284 juxta
1749 2216 1827 2270 eccle·

1008 2303 1076 2357 siam
1092 2305 1118 2357 S.
1133 2303 1266 2371 Cassiani,
1278 2304 1423 2359 eeclesiam
1433 2305 1543 2361 Sanctae
1559 2306 1659 2361 itariae
1675 2309 1824 2367 uetando:

1009 2402 1087 2451 extra
1108 2397 1247 2450 civitatem
1273 2414 1339 2452 vero
1364 2400 1605 2468 Benererrtauam,
1630 2402 1783 2457 ecclesiam
1801 2403 1826 2457 S.

1008 2490 1101 2545 illarius
1117 2490 1151 2545 de
1164 2492 1263 2559 hocca,
1277 2491 1424 2546 eeclesiam
1441 2492 1469 2558 S,
1485 2493 1583 2548 llarim
1599 2494 1638 2549 de
1665 2496 1827 2564 venticano,

1009 2583 1155 2638 eeclesiam
1175 2584 1204 2639 S.
1221 2585 1295 2639 Petri
1318 2578 1353 2640 dc
1375 2587 1498 2654 Caedite,
1519 2588 1674 2643 ecelesiam
1704 2591 1733 2647 S.
1761 2591 1828 2645 Petri

1009 2678 1043 2731 de
1069 2678 1200 2745 Planisio,
1224 2680 1371 2735 ecclesiam
1396 2680 1423 2735 S.
1439 2681 1609 2748 Theodora,
1632 2684 1827 2739 ecclesianis.

1008 2771 1101 2826 itariae
1119 2771 1149 2826 in
1174 2771 1311 2842 Geldone,
1332 2772 1475 2828 abbatiam
1504 2774 1533 2829 S.
1557 2776 1659 2831 blarim
1684 2777 1714 2831 iu
1735 2778 1828 2841 Strata,

1011 2864 1154 2920 abbatiam
1178 2866 1291 2921 Sancta·
1314 2867 1408 2923 llariae
1426 2867 1462 2922 de
1484 2872 1596 2938 Coram,
1624 2872 1781 2926 ecclesiam
1803 2873 1827 2927 S.

1008 2959 1101 3014 Mariae
1127 2959 1156 3013 iu
1184 2959 1338 3030 Gradellis,
1366 2966 1394 3016 et
1422 2961 1565 3034 quidquid
1589 2964 1672 3034 juris
1697 2965 1783 3020 habes
1806 2968 1829 3019 iu

970 3056 1100 3158 Ceastro
1121 3053 1222 3108 Montis
1241 3054 1360 3123 Sarenli,
1382 3060 1410 3110 et
1436 3056 1509 3109 valle
1530 3056 1676 3112 Caudina.
1703 3062 1830 3115 l'rarterea

182 3149 284 3202 ilatum
310 3146 447 3216 Anagniae
466 3162 650 3217 permanuvu
679 3146 808 3209 ltolandi,
830 3147 857 3202 S.
879 3148 911 3201 ll.
928 3149 958 3202 E.
1012 3146 1194 3201 concedimus
1208 3147 1258 3201 tihi
1272 3147 1349 3219 pallii
1366 3164 1451 3203 usum
1467 3166 1501 3204 ex
1517 3166 1600 3206 more
1620 3151 1661 3206 ad
1675 3170 1758 3209 saera
1771 3156 1828 3209 mis·

144 3240 237 3313 presb.
255 3246 284 3296 et
299 3240 376 3295 eard.
401 3245 430 3295 et
446 3240 618 3307 cancellarii,
638 3257 667 3296 ιιι
689 3240 729 3295 ld.
754 3244 843 3311 Sept,
857 3240 916 3296 ind.
934 3259 959 3310 v,

143 3336 233 3390 lucar.
248 3335 327 3389 Dom.
345 3337 423 3403 tt57,
437 3333 619 3405 pontificatus
634 3349 701 3388 voro
722 3334 820 3388 domni
844 3333 960 3391 Adriani

145 3443 226 3501 papae
238 3428 282 3499 lV,
298 3443 373 3483 anuo
388 3443 426 3481 vu.

504 3508 602 3564 cxetl.

263 3603 496 3672 Prioitepiumpro
510 3604 627 3657 Ecclesia
639 3605 839 3658 Beneuentano.

387 3695 567 3763 (Ei-beveteri,
585 3697 647 3765 Sep.
665 3697 721 3764 ⁶28.)

288 3791 428 3860 [Ueneria
452 3791 538 3845 ltalia
557 3805 645 3851 secra
667 3789 732 3858 Vlll,
749 3789 821 3860 tlt]

181 3907 321 3958 anniacus
334 3898 498 3970 episeopus,
520 3914 617 3952 servus
638 3914 786 3953 serrorum
805 3897 864 3965 Dei,
882 3913 963 3953 vene·

144 3995 229 4053 rabili
256 3993 337 4049 fratri
365 3994 486 4048 Huumco
511 3992 710 4046 beneventano
735 3991 961 4063 archiepiscope,

1012 3258 1109 3296 sarum
1130 3242 1272 3297 solemnia
1296 3243 1475 3311 celebranda,
1489 3250 1517 3300 et
1532 3262 1655 3302 crucem
1679 3266 1736 3320 per
1751 3252 1829 3304 totam

1012 3336 1177 3407 parochiam
1193 3339 1274 3391 tuam
1292 3336 1477 3393 deserendam
1490 3356 1497 3406 3
1512 3340 1595 3410 pallii
1612 3357 1683 3397 vero
1698 3360 1784 3398 usmn
1797 3346 1828 3398 vi·

1013 3429 1117 3484 dclicot
1130 3429 1158 3483 in
1173 3430 1265 3484 Natali
1280 3430 1404 3498 Domini,
1413 3431 1443 3485 in
1456 3431 1502 3486 dic
1512 3432 1709 3507 S.Stephani‚
1719 3438 1828 3509 Epipha-

1013 3524 1070 3586 nia,
1086 3522 1286 3578 Puriticatioue
1300 3530 1405 3580 sanctae
1426 3526 1532 3596 hieriae,
1558 3528 1590 3582 in
1614 3531 1828 3586 Annuntiatione

1014 3617 1151 3687 ejusdem,
1168 3618 1197 3671 in
1220 3620 1329 3673 Laetare
1350 3620 1518 3687 ierusalem,
1542 3622 1634 3677 cona
1661 3625 1787 3692 Domini,
1806 3627 1826 3678 io

1013 3710 1136 3766 Sabbato
1150 3714 1258 3781 saneto,
1271 3712 1299 3767 iu
1315 3713 1492 3783 paschalibus
1502 3714 1725 3785 festivitatibus,
1739 3723 1825 3773 asceu-

1014 3805 1092 3859 sioue
1106 3805 1219 3860 Domini
1232 3809 1261 3861 et
1281 3808 1458 3862 Pentecostes
1467 3824 1476 3877 3
1491 3808 1521 3862 in
1541 3809 1706 3867 testivitate
1724 3814 1753 3869 S.
1761 3814 1826 3867 loan-

1013 3898 1056 3952 uis
1069 3898 1213 3970 baptistae,
1235 3905 1263 3953 et
1277 3900 1305 3953 iu
1320 3899 1454 3955 natalitiis
1467 3901 1627 3959 beatorum
1642 3907 1826 3976 apostolorvm

1013 3991 1042 4045 in
1053 3992 1250 4063 assumptione
1265 3996 1294 4046 et
1309 3993 1456 4048 Nativitate
1478 3994 1574 4051 beatae
1597 4000 1697 4054 blaciae
1714 4000 1826 4071 virginis,

146 4091 264 4162 ejusque
299 4086 509 4142 successoribus
540 4086 674 4141 canonice
701 4085 904 4140 substituendis
933 4086 963 4140 in
987 4156 991 4162 ,
1013 4088 1041 4139 ιι
1062 4085 1092 4140 in
1120 4085 1229 4140 duabus
1252 4087 1484 4142 translationibus
1511 4091 1544 4144 R.
1575 4093 1790 4162 bartholomei,
1805 4093 1827 4146 iu

144 4186 326 4257 perpetuum.

180 4280 213 4335 Et
239 4274 356 4331 rationis
374 4274 444 4329 ordo
458 4273 594 4345 disponit,
618 4279 646 4329 et
664 4273 859 4329 ecclesiasticae
886 4274 961 4329 utili-

144 4371 211 4429 tatis
231 4369 419 4427 consideratio
437 4368 600 4442 persuadet,
626 4368 763 4423 fratribus
789 4368 962 4441 coepiscopis

1013 4179 1192 4234 dedicatione
1211 4180 1251 4235 tui
1276 4180 1544 4252 archiepiscopatus,
1572 4192 1605 4239 ct
1626 4186 1658 4241 in
1678 4189 1827 4244 anniversa·

1012 4272 1055 4327 rio
1082 4278 1137 4327 tua
1167 4273 1386 4328 consecrationis
1407 4273 1463 4343 die,
1489 4276 1519 4330 iu
1548 4282 1829 4352 congregationibus.

1013 4369 1041 4419 ιι
1065 4366 1323 4421 consecrationibus
1348 4368 1574 4441 episcoporum,
1608 4374 1831 4432 ordinationibus

144 4466 251 4523 nostris
272 4465 441 4536 ampliorem
468 4463 590 4535 gratiam
614 4465 643 4516 ot
663 4462 800 4517 honorem
821 4455 1201 4534 impendi,D‹·lrricorum,
1228 4461 1488 4517 consecrationibus
1517 4466 1731 4539 ecclesiarum,
1757 4476 1785 4527 ιι
1810 4474 1833 4524 io

144 4565 174 4616 et
192 4560 408 4616 commissarum
426 4573 526 4613 eorum
550 4554 750 4628 gubernationi
773 4557 961 4612 Ecclesiarum

145 4660 246 4712 contre
280 4652 421 4708 mentoris
448 4650 596 4722 pravitatis
626 4651 752 4705 incursus
779 4656 961 4705 sacrosanctos

146 4751 281 4804 Rornanm
314 4746 442 4802 Ecclesiae
473 4744 593 4800 tuitione
618 4745 730 4813 vallari,
757 4746 788 4798 ut
820 4747 897 4798 tanto
928 4745 961 4797 dc

145 4841 325 4897 subditorum
340 4841 441 4906 salute,
460 4854 493 4892 ac
507 4838 551 4892 sui
574 4838 752 4893 exsecutione
778 4837 864 4892 oflicii
889 4837 962 4891 solli-

145 4937 258 4993 citiores
285 4935 392 5007 possint
420 4949 534 5004 sempcr
561 4933 693 4999 existere,
724 4937 831 5003 querito
864 4935 961 4986 contra

144 5046 298 5104 pravorum
311 5026 458 5084 audaciam
478 5026 665 5099 protectionis
682 5026 843 5098 apostoliea
868 5026 962 5097 majus

145 5141 174 5181 se
187 5122 545 5198 prospexerintmunimen
560 5121 677 5176 habere.
692 5122 859 5192 Eapropter,
876 5136 960 5174 vene-

145 5218 207 5274 rab.
227 5220 257 5274 in
276 5218 388 5276 Christo
404 5218 493 5273 irater
513 5216 632 5271 Eonrice
661 5215 882 5287 archiepiscope,
906 5214 962 5269 tuis

141 5312 225 5385 justis
238 5312 479 5385 postulationibus
499 5311 657 5366 clementer
676 5308 840 5378 aunarimus,
864 5314 893 5362 et
911 5310 960 5364 lte-

143 5422 246 5462 ueven.
262 5407 347 5475 licei,
370 5406 426 5474 cui,
446 5407 502 5462 Deo
524 5409 650 5474 anctore,
669 5419 790 5477 proeesso
812 5403 963 5475 dignosce-

144 5500 194 5571 ris,
208 5499 260 5554 sub
274 5501 303 5556 B.
317 5501 392 5556 Petri
416 5504 446 5556 et
465 5505 563 5556 nostre
585 5498 764 5571 protectione
782 5497 961 5569 suscipimus,

144 5597 173 5651 et
191 5592 340 5670 praesentis
362 5593 475 5667 scriptis
494 5592 645 5667 privilegio
664 5592 886 5649 communimus.
903 5593 964 5649 Sta·

143 5691 259 5747 tuentes
278 5693 321 5757 ut,
346 5704 530 5762 quacunque
555 5686 758 5761 possessiones,
783 5702 962 5759 quaecuuque

119 5782 203 5845 bona
238 5784 345 5844 eadem
377 5782 504 5843 Ecclesia
536 5781 799 5859 impresentiarum
829 5780 904 5855 jaste
934 5784 964 5839 et

1010 4554 1213 4610 festivitatibus
1229 4556 1370 4626 majorum
1392 4556 1581 4615 ecclesiarum
1604 4567 1666 4617 tuae
1683 4565 1835 4636 pmvincia.

1048 4649 1231 4705 Decernimus
1256 4649 1343 4704 etiam
1367 4656 1400 4706 ιιι
1430 4650 1502 4704 nulli
1527 4655 1661 4712 omnino
1697 4660 1838 4716 homiuum

1012 4743 1097 4797 liccat
1118 4743 1263 4815 praefatam
1288 4745 1439 4799 Ecclesiam
1460 4750 1575 4803 temere
1604 4755 1785 4821 perturbare
1801 4760 1840 4808 aut

1012 4838 1072 4909 ejus
1097 4837 1285 4909 possessiones
1298 4838 1421 4905 riviferre,
1437 4840 1480 4893 vel
1494 4838 1615 4897 ablatas
1635 4847 1783 4917 retinere,
1802 4854 1842 4901 ant

1012 4931 1155 5003 aliquibus
1168 4932 1361 4986 vexationibus
1381 4931 1520 5003 fatigare:
1536 4936 1594 4991 sed
1614 4942 1724 4996 omnia
1742 4945 1842 5015 integra

1012 5030 1215 5081 conserventur
1228 5041 1329 5081 eorum
1347 5041 1399 5097 pro
1424 5041 1550 5097 quorum
1579 5031 1804 5101 gubernatione
1822 5050 1843 5089 ev

1012 5119 1217 5174 sustentatione
1231 5134 1362 5174 covrcesm
1375 5126 1442 5173 sunt
1461 5119 1564 5177 usibus
1578 5128 1772 5187 omnimodis
1787 5148 1843 5204 pro·

1013 5213 1119 5282 lutum,
1143 5213 1220 5268 salva
1242 5214 1271 5268 iu
1294 5212 1427 5268 omnibus
1439 5216 1613 5285 apostolicae
1629 5223 1717 5280 sedis
1732 5226 1845 5281 auctori·

1012 5311 1080 5362 tate.
1092 5307 1121 5362 Si
1136 5323 1192 5378 qvia
1206 5307 1293 5378 igitur
1305 5307 1335 5362 in
1346 5306 1477 5362 futurum
1501 5310 1714 5374 ecclesiastiea
1731 5321 1843 5375 saeida

1013 5402 1086 5456 risve
1108 5418 1230 5472 persona
1244 5402 1318 5456 hane
1338 5404 1443 5481 nostrae
1456 5402 1686 5466 constitutionis
1715 5414 1846 5486 pagiuam

1012 5496 1103 5553 sciens
1116 5498 1215 5551 eontra
1228 5511 1294 5551 eam
1308 5500 1414 5552 temere
1425 5496 1523 5553 venire
1540 5502 1845 5575 tentaverit,secnndo

1011 5590 1131 5646 tertiove
1152 5589 1336 5659 commonita,
1357 5589 1382 5645 si
1404 5606 1464 5645 non
1487 5590 1701 5657 maneum
1724 5618 1846 5677 congru

1013 5683 1217 5753 emendaverit,
1245 5684 1390 5757 potestatis
1417 5684 1603 5763 honorisque
1634 5694 1687 5751 sni
1709 5696 1844 5771 dignitate

1013 5786 1117 5850 careat,
1132 5794 1272 5855 reamque
1287 5794 1317 5837 se
1331 5778 1427 5839 divim
1438 5778 1555 5857 judicio
1573 5783 1713 5851 nistera
1725 5792 1765 5851 do
1778 5808 1842 5869 pre·
