3750 6046
79 98 128 152 ool
492 103 647 161 HISTORIA
667 107 933 165 ECCLESthTlCA.
950 138 985 151 -
997 111 1083 168 PARS
1101 112 1146 166 Ill.
1161 142 1196 155 -
1212 116 1275 171 LlB.
1297 111 1342 172 lx.

1706 125 1759 183 602

76 219 135 287 siti,
156 219 345 278 animosiores
362 224 499 280 audacter
516 226 614 298 ignem
628 227 658 283 in
673 228 752 301 ligna
766 237 831 286 sunt
846 232 890 304 ja·
902 245 931 320 Α
943 250 1177 307 unumquemque
1203 237 1256 294 sibi
1282 239 1400 311 vigilare
1424 243 1614 300 mandaverat.
1641 246 1757 318 Repulsi
1863 260 1871 271 “

77 312 173 368 colati.
188 313 335 387 sicigitur
350 321 499 374 eraserunt
516 319 689 376 incendium.
707 323 743 377 Ex
763 323 891 396 utrisque
941 333 1008 384 sunt
1020 331 1188 400 quantocius
1206 331 1356 402 invasores,
1371 339 1399 389 et
1412 349 1447 390 ex
1461 334 1516 390 illis
1535 354 1571 394 vu
1588 340 1755 412 peremptis,

76 405 226 477 perierunt
245 408 369 480 plurimi,
386 414 415 466 et
432 410 487 467 hoc
508 414 627 486 contigit
649 430 747 470 mense
767 416 889 472 Octobri.
943 436 1029 492 usque
1041 421 1077 477 ad
1087 427 1198 494 portam
1212 423 1331 480 civitatis
1343 426 1480 484 audacter
1493 429 1755 506 insecutusestdux

75 499 176 556 Plures
191 517 228 557 ex
241 503 401 575 peregrinis
417 505 532 577 profugi
548 506 703 577 redierunt,
719 511 748 563 et
761 510 890 581 sequaci·
939 513 1090 585 fugientes.
1105 516 1213 573 Deinde
1226 518 1261 574 ad
1282 519 1402 575 tentoria
1419 537 1470 577 sua
1486 537 1624 594 reversus,
1644 525 1701 582 luit
1713 525 1755 583 ibi

73 592 138 663 bus,
155 595 206 666 qui
227 596 320 653 adhuc
336 598 406 653 citra
425 599 579 670 Byzantum
598 607 690 655 castra
708 603 808 658 metati
827 602 888 659 lua·
941 607 1067 679 quinque
1080 608 1190 664 diebus.

72 693 158 755 rant,
185 704 267 745 casus
291 706 357 746 suos
381 692 549 749 retulerunt.
572 696 733 766 Imperator
760 697 890 753 omnium
975 711 1133 782 lmpgrator
1159 713 1275 769 interim
1301 715 1444 787 cogitabat
1466 718 1573 774 malum
1597 719 1627 776 i„
1651 721 1754 778 ducem

73 781 148 836 ⁰¹¹¹st
164 798 256 851 arma,
275 788 309 839 ¹¹¹
328 784 452 840 ἱῦθΐωθθ
469 785 570 842 1⁰⁰0ll³
591 788 686 843 mt¹1⁰³
707 804 809 845 ¹¹⁰⁰⁰l0
828 807 890 862 12⁰⁸·
940 803 1046 871 moliri,
1067 804 1122 859 dux
1140 806 1273 862 sollicitus
1288 807 1341 863 sibi
1355 809 1472 881 suisque
1487 812 1641 870 consiliari.
1662 815 1754 887 lmpe·

71 877 139 930 sont
155 874 187 930 io
206 876 327 948 ragione
347 877 452 935 alieno·
468 879 522 934 Alii
537 879 608 935 &¹1⁰⁵
626 882 839 953 exspectabant,
859 889 889 940 ut
938 901 1016 951 rator
1027 896 1053 951 ei
1066 898 1216 954 transitum
1235 916 1286 971 per
1304 900 1447 957 civitatem
1467 903 1577 976 regiam
1590 906 1752 980 prohibere,

70 967 189 1024 consilio
203 971 424 1040 communicato,
439 972 619 1029 auxiliaribus
632 974 699 1030 irati
714 975 842 1044 ducibus,
859 979 888 1032 at
939 988 995 1044 (1111
1017 990 1251 1064 subsequentium
1276 993 1446 1065 optimatum
1467 998 1620 1055 adventum
1639 1016 1754 1074 exspec-

70 1061 160 1133 copiis
178 1062 276 1134 stipati
288 1064 470 1135 militaribus,
486 1067 577 1123 Deum
590 1068 722 1138 precibus
736 1073 766 1124 et
777 1069 887 1127 canios·
938 1087 1009 1137 tare,
1026 1083 1151 1155 uanique
1164 1085 1313 1157 perspicax
1326 1093 1355 1143 et
1369 1087 1523 1145 industrius
1537 1091 1703 1164 imperator,
1719 1097 1752 1149 ut
1836 1147 1842 1154 ,

69 1153 200 1210 sionibus
216 1154 271 1211 sibi
290 1159 511 1230 complacarent,
525 1163 553 1216 et
573 1160 612 1215 sic
631 1163 739 1216 terram
753 1161 886 1219 inimico·
937 1174 1011 1230 nihil
1023 1175 1194 1233 intentatum
1205 1178 1389 1250 relinqueret,
1400 1198 1466 1236 curn
1476 1183 1548 1238 duce
1558 1186 1750 1256 pacemtecit3

68 1263 136 1303 rum
150 1248 304 1306 intrarent.
936 1268 1011 1339 quod
1025 1269 1049 1324 si
1062 1269 1213 1326 Brachium
1227 1272 1433 1342 transfretaret,
1445 1291 1559 1348 semper
1568 1277 1594 1332 ei
1604 1278 1751 1349 copiosum

103 1340 306 1413 Solimoontw,
335 1349 487 1416 postquam
521 1346 641 1400 Fr³ss0⁰³
668 1349 827 1419 superavit,
858 1353 887 1406 ei
937 1366 1095 1417 mercatum
1116 1364 1253 1433 mitteret,
1267 1370 1296 1420 et
1312 1367 1421 1422 cunctis
1437 1367 1633 1440 indigentibus
1646 1371 1751 1444 stipem

67 1434 211 1505 ‘1⁰⁰⁸dflm
229 1435 259 1490 5¹¹
277 1435 349 1492 belli>
371 1437 532 1506 is¹¹⁰idfllsts
550 1438 734 1510 (implum-‘2
749 1441 834 1497 etiam
854 1443 885 1498 5¹1
936 1454 1123 1511 necessariam
1136 1456 1304 1528 impertiret,
1318 1463 1430 1515 tantum
1443 1461 1648 1531 utjuramento
1665 1463 1701 1521 de
1714 1481 1748 1520 eo

67 1527 265 1597 &philistim
285 1528 449 1599 tfflfflffiisssts
471 1546 586 1601 P⁸¹¹00b
603 1531 632 1586 iss
652 1533 724 1587 ”Phil
745 1536 884 1591 acerrimo
936 1563 1051 1603 securus
1072 1554 1155 1606 esset.
1178 1551 1234 1606 lloe
1250 1550 1314 1606 ideo
1328 1552 1508 1609 machinatus
1531 1560 1574 1610 est
1594 1556 1750 1628 versipellis

67 1619 245 1688 Μὶὅῑθῦῑθθ»
261 1620 382 1678 modii·
396 1624 492 1690 ¹³0er
505 1622 534 1679 in
548 1625 714 1695 erminum,
729 1633 787 1683 ult
801 1605 922 1683 certiSB
936 1644 966 1695 ut
978 1656 996 1695 a
1010 1643 1130 1713 regione
1151 1642 1253 1699 ducem
1272 1649 1416 1701 amoveret
1435 1646 1585 1718 Byzantea,
1606 1664 1672 1705 cum
1691 1649 1750 1706 suis

67 1712 214 1769 indicibus
234 1714 344 1771 audivit
365 1716 441 1787 quod
466 1717 650 1773 Buomuoduo
672 1718 728 1776 dux
755 1721 883 1777 Macedo·
934 1733 1032 1805 copiis,
1046 1750 1083 1789 ue
1096 1738 1193 1806 posset
1206 1737 1283 1792 couti
1301 1745 1571 1810 superventurorum
1586 1740 1750 1815 principum

65 1806 145 1862 amm
171 1823 257 1879 super
278 1808 482 1880 imperatorem
507 1810 656 1881 invaserit,
685 1813 884 1886 otiositatem
934 1826 1057 1882 consiliis
1072 1833 1099 1883 et
1117 1828 1239 1885 auxiliis.
1255 1831 1317 1885 ltux
1335 1831 1431 1903 itaque
1447 1833 1584 1901 transivit,
1599 1834 1674 1891 iacta
1690 1837 1750 1891 Coe·

66 1900 229 1956 exercitum
248 1901 479 1958 llormonnorom
501 1910 530 1958 ot
548 1905 721 1975 Apulorum,
744 1907 780 1961 od
799 1908 882 1962 ulcio·
933 1920 990 1975 sari
1010 1922 1039 1975 et
1055 1920 1090 1975 ab
1111 1921 1213 1978 eodem
1233 1928 1350 1994 accepta
1368 1924 1525 1982 identidem
1540 1927 1748 1998 promissorum

66 1991 195 2048 cendum
207 2009 340 2049 cruorem
355 1994 589 2065 Christianorum,
605 2001 705 2053 contra
717 1999 821 2054 Turcos
835 2017 882 2055 ar-

64 2085 198 2153 maverit,
220 2085 306 2141 nimis
322 2087 388 2143 inda
409 2088 535 2158 territus,
553 2089 736 2146 chevetotem
755 2091 881 2164 reliquit,

65 2182 95 2234 et
106 2178 228 2250 agmina
240 2195 290 2235 sua
304 2180 341 2236 ad
354 2180 544 2238 muniendum
557 2188 666 2238 terram
679 2199 758 2238 suam
772 2184 826 2240 cito
840 2201 882 2240 re-

64 2271 158 2328 duxit.
177 2271 339 2345 Praecipites
358 2273 454 2346 itaque
468 2274 538 2330 Galli
558 2276 695 2331 auxilium
710 2277 880 2348 Buamundi,

63 2365 247 2438 aliorumque
261 2366 386 2423 tidelium
405 2372 567 2438 exspectare
586 2372 767 2440 spreverunt3
783 2370 830 2425 sed
851 2371 881 2426 iu

62 2459 173 2516 virtute
186 2477 238 2515 sua
250 2461 337 2516 nimis
349 2460 402 2531 fisi,
417 2461 455 2517 ad
472 2462 541 2517 lines
559 2463 714 2518 Tuscorum
733 2465 881 2536 appropia-

63 2559 179 2623 verunt,
201 2553 308 2626 ibique,
335 2554 517 2626 permittente
538 2556 605 2623 Deo,
629 2558 660 2611 ut
682 2557 879 2629 praediximus,

64 2647 145 2719 gravi
158 2646 234 2703 bello
248 2647 338 2703 attriti
353 2650 429 2702 sunt.

933 2012 1081 2068 fidelitate.

968 2114 1150 2170 buamundus
1166 2115 1311 2173 invallem
1328 2118 1364 2173 de
1378 2119 1574 2191 Andronopoli
1587 2121 1673 2189 venit,
1689 2122 1744 2177 ibi·

931 2223 987 2278 que
1008 2223 1074 2263 suos
1091 2209 1286 2265 concionando
1303 2211 1422 2266 solerter
1440 2212 1591 2269 admonuit
1609 2217 1642 2269 ut
1662 2219 1745 2271 cauta

931 2315 961 2355 se
980 2299 1126 2368 haberent,
1147 2307 1177 2356 ut
1198 2301 1436 2374 peregrinationis
1456 2320 1507 2376 pro
1524 2306 1580 2360 Deo
1605 2313 1745 2378 susceptas

931 2407 1074 2448 memores
1087 2399 1189 2463 essent,
1205 2398 1236 2448 ut
1248 2395 1502 2452 aChristianorum
1515 2398 1668 2469 penatibus
1678 2399 1746 2455 diri-

930 2484 1040 2556 piendis
1061 2502 1176 2556 rapaces
1196 2503 1296 2542 manus
1315 2488 1490 2559 cohiberent,
1512 2496 1545 2546 ut
1564 2491 1656 2546 Deum
1678 2498 1745 2549 ante

930 2578 1025 2633 oculos
1044 2595 1158 2651 semper
1178 2586 1346 2651 praesentem
1361 2582 1509 2653 haberent,
1528 2600 1560 2639 ac
1581 2590 1611 2639 ut
1629 2585 1745 2641 ditiores

929 2671 1119 2742 pauperibus,
1152 2678 1181 2728 et
1210 2673 1342 2730 tortiores
1374 2675 1512 2731 debilibus
1546 2677 1743 2747 subvenirent,
1848 2700 1864 2713 “

62 2766 108 2820 vl.
139 2766 228 2822 Varie
253 2766 501 2835 erecestqnctomm
524 2767 634 2821 innan.
660 2766 781 2822 Proditis
805 2768 878 2823 Ora·

422 2860 523 2900 corum

929 2780 1032 2836 eosque
1054 2780 1107 2837 pro
1128 2782 1227 2822 amore
1246 2767 1298 2823 Oai
1319 2767 1423 2823 viribus
1438 2771 1467 2824 st
1481 2769 1583 2841 opibus
1603 2775 1743 2827 sustenta·

928 2858 1141 2913 conthoralis
1159 2859 1276 2914 modam
1296 2859 1452 2916 castoriam
1472 2868 1672 2933 pervenerunt,
1696 2864 1744 2919 uhi

97 2946 269 3004 Godeiridus
289 2947 361 3014 dux,
380 2946 492 3018 primus
510 2948 641 3004 omnium
662 2947 782 3020 ducvrm,
804 2950 876 3005 Con·
888 2961 916 3038 C
928 2950 1054 3007 Natalem
1067 2950 1180 3006 Domini
1193 2952 1359 3008 solemniter
1372 2959 1557 3026 peregerunt.
1571 2954 1612 3010 lbi
1624 2971 1676 3028 por
1690 2956 1742 3012 ali·

59 3041 277 3113 stantinopolim
297 3041 385 3109 venit,
405 3045 433 3097 et
446 3057 533 3112 prope
551 3040 630 3096 illam
644 3058 660 3098 x
673 3041 818 3098 Kalendas
831 3045 875 3098 ta·
927 3049 996 3116 qnot
1014 3044 1073 3100 dies
1094 3045 1229 3100 remorati
1249 3047 1326 3114 sunt,
1350 3047 1559 3119 quesitumque
1582 3054 1742 3104 mercatum

58 3135 153 3191 uuarii
179 3133 268 3207 [toro]
289 3139 382 3191 castra
401 3137 523 3190 metatus
538 3137 589 3189 est.
610 3135 793 3191 buamundus
810 3151 877 3191 raro
926 3137 1032 3193 habere
1051 3153 1110 3193 non
1127 3141 1289 3209 potueruut,
1305 3139 1371 3210 quia
1387 3139 1461 3194 cives
1480 3156 1538 3195 non
1558 3141 1740 3213 peregrinos,

59 3244 136 3295 suos,
152 3228 203 3300 qui
222 3243 288 3282 eum
307 3227 439 3299 subsequi
455 3227 631 3300 satagebant,
649 3229 875 3299 prestolabatur,
926 3230 976 3285 sed
1002 3230 1172 3303 gladiatores
1197 3235 1226 3286 et
1253 3237 1397 3303 tyrannos,
1426 3231 1490 3287 illos
1513 3232 1739 3289 estimaverunt.

60 3320 239 3393 pedetentim
262 3320 460 3392 gradiebatur,
485 3336 589 3393 eosque
614 3320 755 3393 paulatim
783 3322 877 3377 eundo
925 3323 1024 3379 lnedia
1039 3338 1107 3395 ergo
1120 3327 1251 3395 cogente,
1265 3324 1403 3395 compulsi
1416 3330 1482 3380 sunt
1496 3324 1591 3392 bovas,
1607 3341 1696 3397 equos
1710 3330 1741 3381 et

60 3413 165 3470 callide
176 3413 207 3469 iu
220 3412 280 3469 dies
292 3414 504 3485 opperiebatur.
516 3414 630 3470 Alexins
643 3419 741 3469 autem
754 3414 876 3485 impera·
925 3417 1019 3472 asinos
1032 3432 1143 3488 rapere,
1160 3418 1189 3470 et
1202 3417 1226 3470 si
1243 3415 1323 3488 quid,
1343 3417 1418 3488 quod
1434 3417 1531 3472 mandi
1548 3424 1654 3489 posset,
1669 3434 1739 3473 con·

60 3511 108 3562 tor
124 3507 156 3562 in
171 3506 306 3562 suburbio
323 3507 444 3562 civitatis
462 3507 528 3562 duci
548 3509 633 3578 paulo
654 3511 718 3577 post
732 3506 877 3563 mandarit
925 3509 1086 3565 venientius
1104 3508 1311 3565 inveniebatur.
1327 3510 1438 3582 Egressi
1458 3526 1525 3566 vero
1546 3510 1582 3565 de
1601 3510 1738 3580 Castoris,

60 3599 221 3672 hospitium
249 3599 321 3656 dari.
348 3599 490 3672 armigeri
514 3616 579 3655 vero
605 3599 713 3655 ducalis
740 3600 876 3656 exercitus
925 3607 1016 3659 castra
1032 3601 1131 3659 metati
1144 3606 1211 3658 sunt
1228 3603 1258 3658 in
1273 3603 1435 3674 Pelagonia.
1456 3603 1498 3658 lbi
1513 3602 1738 3659 munitissimum

59 3692 217 3749 commoda
235 3692 287 3748 sibi
306 3708 386 3748 more
404 3693 609 3765 procurabant;
625 3693 661 3747 sd
679 3692 876 3748 subvehendas

59 3786 169 3859 paleas,
185 3786 228 3841 rel
241 3789 345 3842 esaim
361 3785 416 3840 sibi
428 3785 594 3853 necessaria,
609 3792 688 3842 extra
709 3786 812 3842 urbem
828 3803 874 3842 se·

58 3897 126 3936 cure
157 3879 340 3935 cursitabant.
373 3878 427 3935 Sed
457 3879 617 3950 Turccpolis
646 3882 675 3935 et
702 3879 872 3948 Pinciuatis,

54 3974 139 4045 jussu
169 3971 289 4044 Augusti
320 3971 535 4040 insidiantibus,
570 3972 695 4044 quotidie
728 3972 872 4044 peribant.

56 4065 192 4122 Nondum
215 4064 324 4136 aliquid
347 4064 383 4120 de
405 4065 579 4136 imperatore
602 4064 816 4136 suspicabantur
838 4065 874 4120 si-

57 4159 200 4226 nistrum,
226 4157 332 4230 quippe
359 4157 407 4229 qui
432 4156 607 4213 voluntarius
639 4157 679 4212 eis
706 4157 874 4228 praebuisset

924 3691 1070 3747 castellum
1085 3690 1285 3747 hereticorum
1299 3691 1364 3762 (32),
1379 3690 1462 3746 bonis
1477 3692 1609 3747 omnibus
1625 3691 1737 3749 abunde

923 3785 1073 3851 refertum,
1094 3784 1220 3856 undique
1238 3782 1364 3855 aggressi
1382 3788 1458 3855 sunt,
1480 3791 1509 3840 et
1530 3784 1738 3842 habitatoribus

924 3876 1052 3949 ejusdem
1074 3893 1140 3933 cum
1161 3892 1195 3932 eo
1215 3877 1381 3943 combustis,
1405 3878 1522 3934 omnino
1545 3878 1737 3950 pessundede-

923 3976 1000 4026 runt.
1024 3971 1126 4026 Omnes
1151 3970 1291 4043 siquidem
1315 3969 1356 4025 illi
1384 3970 1505 4027 viatores
1526 3971 1654 4041 ludaeos,
1680 3972 1739 4027 hae·

922 4064 1042 4132 reticos,
1072 4062 1241 4131 Saracenos,
1269 4064 1418 4135 aqualiter
1443 4064 1592 4124 habebant
1614 4080 1736 4133 exosos,

923 4173 993 4228 quos
1011 4172 1110 4211 omnes
1124 4155 1171 4212 Dei
1192 4156 1338 4228 appellant
1356 4156 1498 4213 inimicos.
1517 4158 1584 4223 lude
1602 4172 1738 4229 pervene-

57 4252 226 4324 hospitium.
241 4251 330 4306 Nimis
349 4251 404 4306 dux
424 4250 605 4306 contristatus
623 4256 666 4305 est
687 4265 738 4321 pro
760 4250 871 4305 deiectu
922 4255 991 4305 runt
1009 4248 1046 4305 ad
1067 4249 1177 4305 ilumen
1196 4248 1359 4316 Bardarum,
1379 4249 1456 4321 quod
1472 4249 1657 4305 Buamundus
1671 4266 1737 4306 cunr

57 4360 187 4412 suorum,
207 4348 236 4400 et
254 4343 408 4415 inopinatis
426 4341 536 4398 insidiis
555 4343 789 4414 turcopolorum.
810 4343 872 4397 ual-
881 4323 912 4396 Ι)
922 4347 1001 4414 parte
1015 4342 1058 4397 sui
1071 4342 1212 4398 exercitus
1225 4340 1398 4412 pertransiit.
1412 4344 1512 4400 Comes
1522 4345 1620 4396 autern
1634 4341 1669 4398 de
1683 4342 1737 4398 lto·

57 4438 166 4493 duinus
184 4437 275 4509 igitur
296 4437 331 4492 ad
352 4452 469 4492 suorum
492 4436 697 4507 protectionem
719 4435 818 4505 exivit,
843 4439 873 4491 et

55 4531 166 4598 hostes,
180 4529 230 4601 qni
247 4545 311 4585 suos
327 4529 559 4602 insequebantur,
577 4527 694 4597 invenit,
713 4544 744 4584 ex
765 4528 872 4600 impro-

55 4624 116 4678 viso
141 4623 272 4679 incautos
297 4622 412 4688 invasit,
441 4621 596 4693 superavit,
621 4620 726 4692 partim
753 4622 870 4689 occidit,

56 4715 208 4786 sexaginta
224 4731 257 4771 ex
276 4715 316 4770 eis
334 4718 430 4785 captos
444 4714 522 4769 fratri
542 4730 593 4769 suo
614 4714 803 4785 presentavit.
817 4717 872 4769 Au·

56 4813 168 4881 gustus,
185 4807 239 4863 hoc
252 4810 284 4863 ut
302 4807 421 4874 audivit,
443 4805 523 4861 valde
541 4807 640 4872 iratus,
658 4806 768 4862 malum
786 4823 871 4878 pere·

56 4901 149 4974 grinio
164 4900 324 4955 machinari
339 4900 434 4971 coepit.
450 4900 570 4971 Sapiens
585 4899 651 4966 dux,
669 4898 751 4955 dolos
766 4916 871 4972 praeca·

56 5011 135 5061 vens,
151 4992 249 5048 urbem
263 4992 340 5062 exiit,
355 4996 384 5047 et
398 4992 447 5047 ubi
461 4990 539 5063 prius
554 5008 604 5047 sua
616 4992 718 5046 iixcrat
735 4993 869 5062 tentoria,

56 5103 154 5142 rursus
168 5085 324 5141 collocavit.
340 5086 426 5140 Nocte
443 5083 670 5156 superveniente,
681 5085 764 5156 iussu
779 5085 871 5140 Crass·

923 4436 1015 4490 sinolo
1029 4451 1094 4491 curn
1112 4434 1247 4490 tratribus
1264 4434 1322 4490 suis
1337 4433 1483 4490 remansit.
1499 4434 1630 4489 Protinus
1649 4434 1734 4489 satel-

921 4527 984 4584 lites
1004 4528 1193 4599 imperatoris,
1213 4527 1261 4599 qui
1281 4527 1340 4582 vias
1355 4526 1518 4583 obsidentes
1537 4526 1734 4598 explorabant,

922 4626 954 4678 ut
974 4623 1126 4678 exercitum
1146 4620 1265 4676 divisum
1286 4620 1432 4687 viderunt,
1456 4620 1567 4692 impetu
1588 4620 1678 4684 tacto,
1702 4619 1734 4674 in

921 4715 1055 4771 comitem
1080 4718 1109 4769 ot
1129 4730 1194 4769 suos
1215 4715 1369 4769 irruerunt.
1395 4712 1556 4767 'taucredus
1577 4727 1659 4782 raro,
1684 4711 1735 4783 qui

921 4808 1043 4863 necdum
1057 4809 1143 4878 louge
1155 4806 1263 4875 aberat,
1282 4809 1312 4861 ut
1323 4804 1454 4875 cognovit
1465 4806 1633 4873 tumultum,
1652 4804 1732 4876 rapi·

921 4901 990 4957 dum
1010 4900 1165 4956 calcaribus
1183 4914 1287 4970 urgens
1300 4897 1495 4969 semipedem,
1508 4898 1663 4954 fulmineus
1680 4898 1733 4954 ad·

920 4995 1004 5062 volat,
1026 4997 1056 5048 et
1076 4992 1172 5059 iluvio,
1192 4991 1243 5063 qui
1261 4991 1407 5059 intererat,
1423 4990 1550 5059 evadato,
1567 5006 1617 5045 seu
1638 4990 1734 5062 potius

921 5090 1045 5154 enatato,
1055 5085 1190 5141 festiuum
1203 5084 1301 5140 comiti
1312 5083 1431 5139 contulit
1440 5083 1587 5139 auxilium.
1599 5084 1660 5140 idox
1674 5084 1733 5140 duo

55 5181 93 5234 ris
106 5180 205 5235 invasa
218 5183 284 5234 suut
296 5183 387 5233 castra
399 5177 488 5247 ducis,
503 5181 532 5232 et
544 5178 685 5233 exercitus
701 5177 762 5249 ejus
775 5178 871 5233 multis
920 5179 1013 5235 millia
1035 5179 1158 5234 militum
1183 5193 1235 5250 per
1257 5192 1371 5233 amnem
1391 5177 1565 5232 Tancredum
1590 5176 1734 5232 subsecuti

54 5272 202 5328 lacessitus
223 5271 342 5342 injuriis.
366 5270 567 5341 sagacissimus
590 5270 645 5325 dux
666 5273 695 5326 et
715 5271 871 5326 acerrimus
921 5275 996 5335 sunt,
1012 5277 1041 5327 at
1056 5271 1217 5342 Turccpolis
1236 5270 1384 5326 confestim
1399 5270 1618 5339 prevaluerunt,
1634 5286 1682 5326 eos
1697 5270 1734 5325 de

55 5365 176 5421 bellator
199 5364 335 5420 versutias
358 5363 519 5432 nsetuebat,
546 5369 575 5418 et
602 5364 794 5432 excubitores,
822 5365 871 5436 qui
921 5365 1019 5437 praelio
1031 5366 1211 5436 fugaverunt,
1228 5366 1257 5417 et
1271 5361 1306 5417 de
1320 5362 1422 5434 iugatis
1437 5361 1559 5435 gloriose
1573 5362 1732 5433 triumpha-

55 5457 185 5514 tentoriis
217 5455 399 5523 excubarent,
435 5457 592 5528 prudenter
622 5457 816 5532 disposuerat,
843 5460 872 5515 et
921 5464 997 5516 runt.
1011 5457 1153 5526 Quosdam
1167 5473 1233 5513 vero
1248 5459 1443 5532 peremerunt,
1458 5456 1662 5528 pluressutem
1678 5471 1732 5526 ap·-

86 5627 137 5694 (aa)
151 5626 183 5681 ld
195 5629 239 5683 eat
250 5627 408 5681 Gramrnm.
