<?xml version="1.0" encoding="UTF-8"?>
<!DOCTYPE html PUBLIC "-//W3C//DTD XHTML 1.0 Transitional//EN"
    "http://www.w3.org/TR/xhtml1/DTD/xhtml1-transitional.dtd">
<html xmlns="http://www.w3.org/1999/xhtml" xml:lang="en" lang="en">
 <head>
  <title>
</title>
<meta http-equiv="Content-Type" content="text/html;charset=utf-8" />
  <meta name='ocr-system' content='tesseract 3.04.00' />
  <meta name='ocr-capabilities' content='ocr_page ocr_carea ocr_par ocr_line ocrx_word'/>
</head>
<body>
  <div class='ocr_page' id='page_1' title='image "./patrologiaecurs67unkngoog_0149.png"; bbox 0 0 3750 6046; ppageno 0'>
   <div class='ocr_carea' id='block_1_1' title="bbox 98 166 1782 239">
    <p class='ocr_par' dir='ltr' id='par_1_1' title="bbox 98 166 1782 239">
     <span class='ocr_line' id='line_1_1' title="bbox 98 166 1782 239; baseline -0.003 -6"><span class='ocrx_word' id='word_1_1' title='bbox 98 174 146 234; x_wconf 71' lang='grc'><strong>291</strong></span> <span class='ocrx_word' id='word_1_2' title='bbox 561 234 564 239; x_wconf 61' lang='grc'><em>,</em></span> <span class='ocrx_word' id='word_1_3' title='bbox 789 166 950 230; x_wconf 74' lang='lat' dir='ltr'><strong>autumer</strong></span> <span class='ocrx_word' id='word_1_4' title='bbox 971 171 1102 229; x_wconf 80' lang='lat' dir='ltr'><strong>VleLlS</strong></span> <span class='ocrx_word' id='word_1_5' title='bbox 1730 168 1782 229; x_wconf 57' lang='grc' dir='ltr'>Μ</span> 
     </span>
    </p>
   </div>
   <div class='ocr_carea' id='block_1_2' title="bbox 12 297 1785 5815">
    <p class='ocr_par' dir='ltr' id='par_1_2' title="bbox 12 297 1785 5815">
     <span class='ocr_line' id='line_1_2' title="bbox 96 297 1783 388; baseline -0.004 -29"><span class='ocrx_word' id='word_1_6' title='bbox 96 305 186 360; x_wconf 80' lang='lat' dir='ltr'><strong>irater</strong></span> <span class='ocrx_word' id='word_1_7' title='bbox 204 302 326 358; x_wconf 84' lang='lat' dir='ltr'><strong>tudieail</strong></span> <span class='ocrx_word' id='word_1_8' title='bbox 347 301 434 374; x_wconf 87' lang='lat' dir='ltr'><strong>regis,</strong></span> <span class='ocrx_word' id='word_1_9' title='bbox 457 300 525 356; x_wconf 88' lang='lat' dir='ltr'><strong>dum</strong></span> <span class='ocrx_word' id='word_1_10' title='bbox 547 300 584 355; x_wconf 92' lang='lat' dir='ltr'><strong>ad</strong></span> <span class='ocrx_word' id='word_1_11' title='bbox 607 316 730 371; x_wconf 89' lang='lat' dir='ltr'><strong>regnum</strong></span> <span class='ocrx_word' id='word_1_12' title='bbox 753 301 956 388; x_wconf 58' lang='lat' dir='ltr'><strong>petebatur,A</strong></span> <span class='ocrx_word' id='word_1_13' title='bbox 1000 299 1186 356; x_wconf 85' lang='lat' dir='ltr'><strong>Floriaeensis</strong></span> <span class='ocrx_word' id='word_1_14' title='bbox 1207 299 1384 356; x_wconf 90' lang='lat' dir='ltr'><strong>isembardus</strong></span> <span class='ocrx_word' id='word_1_15' title='bbox 1407 298 1548 355; x_wconf 79' lang='lat' dir='ltr'><strong>herboldo</strong></span> <span class='ocrx_word' id='word_1_16' title='bbox 1567 297 1681 367; x_wconf 87' lang='lat' dir='ltr'><strong>abbati,</strong></span> <span class='ocrx_word' id='word_1_17' title='bbox 1703 298 1783 354; x_wconf 91' lang='lat' dir='ltr'><strong>insti-</strong></span> 
     </span>
     <span class='ocr_line' id='line_1_3' title="bbox 99 391 1784 468; baseline -0.003 -16"><span class='ocrx_word' id='word_1_18' title='bbox 99 397 205 452; x_wconf 89' lang='lat' dir='ltr'><strong>relictis</strong></span> <span class='ocrx_word' id='word_1_19' title='bbox 231 395 334 452; x_wconf 90' lang='lat' dir='ltr'><strong>litteris</strong></span> <span class='ocrx_word' id='word_1_20' title='bbox 358 411 427 468; x_wconf 91' lang='lat' dir='ltr'><strong>quas</strong></span> <span class='ocrx_word' id='word_1_21' title='bbox 451 394 527 467; x_wconf 90' lang='lat' dir='ltr'><strong>apud</strong></span> <span class='ocrx_word' id='word_1_22' title='bbox 550 393 746 449; x_wconf 77' lang='lat' dir='ltr'><strong>lanmailmon</strong></span> <span class='ocrx_word' id='word_1_23' title='bbox 771 394 912 462; x_wconf 80' lang='lat' dir='ltr'>discebat,</span> <span class='ocrx_word' id='word_1_24' title='bbox 965 397 1050 466; x_wconf 86' lang='lat' dir='ltr'><strong>ganta</strong></span> <span class='ocrx_word' id='word_1_25' title='bbox 1069 393 1215 449; x_wconf 73' lang='lat' dir='ltr'><strong>adelelmo</strong></span> <span class='ocrx_word' id='word_1_26' title='bbox 1235 393 1385 462; x_wconf 90' lang='lat' dir='ltr'><strong>monacho,</strong></span> <span class='ocrx_word' id='word_1_27' title='bbox 1406 393 1540 449; x_wconf 73' lang='lat' dir='ltr'>describit</span> <span class='ocrx_word' id='word_1_28' title='bbox 1553 392 1631 465; x_wconf 91' lang='lat' dir='ltr'><strong>quod</strong></span> <span class='ocrx_word' id='word_1_29' title='bbox 1652 407 1728 447; x_wconf 93' lang='lat' dir='ltr'><strong>anno</strong></span> <span class='ocrx_word' id='word_1_30' title='bbox 1748 391 1784 447; x_wconf 93' lang='lat' dir='ltr'><strong>ab</strong></span> 
     </span>
     <span class='ocr_line' id='line_1_4' title="bbox 96 483 1785 563; baseline -0.004 -17"><span class='ocrx_word' id='word_1_31' title='bbox 96 507 162 546; x_wconf 91' lang='lat' dir='ltr'><strong>eum</strong></span> <span class='ocrx_word' id='word_1_32' title='bbox 176 506 203 544; x_wconf 85' lang='lat' dir='ltr'><strong>xv</strong></span> <span class='ocrx_word' id='word_1_33' title='bbox 217 489 378 563; x_wconf 78' lang='lat' dir='ltr'><strong>peregrinis</strong></span> <span class='ocrx_word' id='word_1_34' title='bbox 391 490 510 545; x_wconf 80' lang='lat' dir='ltr'><strong>Romam</strong></span> <span class='ocrx_word' id='word_1_35' title='bbox 526 486 659 543; x_wconf 89' lang='lat' dir='ltr'><strong>euntibus</strong></span> <span class='ocrx_word' id='word_1_36' title='bbox 672 503 793 559; x_wconf 80' lang='lat' dir='ltr'><strong>peregre</strong></span> <span class='ocrx_word' id='word_1_37' title='bbox 807 487 914 560; x_wconf 88' lang='lat' dir='ltr'><strong>prolec·</strong></span> <span class='ocrx_word' id='word_1_38' title='bbox 964 486 1162 543; x_wconf 86' lang='lat' dir='ltr'><strong>Incarnatione</strong></span> <span class='ocrx_word' id='word_1_39' title='bbox 1176 487 1292 542; x_wconf 83' lang='lat' dir='ltr'>Domini</span> <span class='ocrx_word' id='word_1_40' title='bbox 1306 490 1369 554; x_wconf 79' lang='lat'><strong>977,</strong></span> <span class='ocrx_word' id='word_1_41' title='bbox 1385 489 1513 558; x_wconf 91' lang='lat' dir='ltr'><strong>tempore</strong></span> <span class='ocrx_word' id='word_1_42' title='bbox 1526 485 1654 541; x_wconf 87' lang='lat' dir='ltr'><strong>Letharii</strong></span> <span class='ocrx_word' id='word_1_43' title='bbox 1666 483 1719 540; x_wconf 89' lang='lat' dir='ltr'><strong>tilii</strong></span> <span class='ocrx_word' id='word_1_44' title='bbox 1733 485 1785 540; x_wconf 86' lang='lat' dir='ltr'><strong>Lu·</strong></span> 
     </span>
     <span class='ocr_line' id='line_1_5' title="bbox 98 578 1782 652; baseline -0.003 -13"><span class='ocrx_word' id='word_1_45' title='bbox 98 587 142 639; x_wconf 90' lang='lat' dir='ltr'><strong>tus</strong></span> <span class='ocrx_word' id='word_1_46' title='bbox 170 589 222 640; x_wconf 88' lang='lat' dir='ltr'><strong>est.</strong></span> <span class='ocrx_word' id='word_1_47' title='bbox 249 583 347 639; x_wconf 88' lang='lat' dir='ltr'><strong>Haimo</strong></span> <span class='ocrx_word' id='word_1_48' title='bbox 374 587 472 638; x_wconf 91' lang='lat' dir='ltr'><strong>autem</strong></span> <span class='ocrx_word' id='word_1_49' title='bbox 499 581 607 636; x_wconf 85' lang='lat' dir='ltr'><strong>Pontivi</strong></span> <span class='ocrx_word' id='word_1_50' title='bbox 632 579 687 635; x_wconf 87' lang='lat' dir='ltr'><strong>dux</strong></span> <span class='ocrx_word' id='word_1_51' title='bbox 712 580 804 637; x_wconf 89' lang='lat' dir='ltr'><strong>obiter</strong></span> <span class='ocrx_word' id='word_1_52' title='bbox 830 597 912 648; x_wconf 89' lang='lat' dir='ltr'><strong>eum,</strong></span> <span class='ocrx_word' id='word_1_53' title='bbox 963 580 1054 636; x_wconf 91' lang='lat' dir='ltr'><strong>doviei</strong></span> <span class='ocrx_word' id='word_1_54' title='bbox 1075 580 1152 652; x_wconf 87' lang='lat' dir='ltr'><strong>regis</strong></span> <span class='ocrx_word' id='word_1_55' title='bbox 1174 581 1357 647; x_wconf 78' lang='lat' dir='ltr'><strong>Francorum,</strong></span> <span class='ocrx_word' id='word_1_56' title='bbox 1380 595 1484 652; x_wconf 92' lang='lat' dir='ltr'><strong>corpus</strong></span> <span class='ocrx_word' id='word_1_57' title='bbox 1506 579 1598 635; x_wconf 89' lang='lat' dir='ltr'><strong>sancti</strong></span> <span class='ocrx_word' id='word_1_58' title='bbox 1618 578 1720 635; x_wconf 82' lang='lat' dir='ltr'><strong>Judoci</strong></span> <span class='ocrx_word' id='word_1_59' title='bbox 1743 579 1782 634; x_wconf 91' lang='lat' dir='ltr'><strong>sic</strong></span> 
     </span>
     <span class='ocr_line' id='line_1_6' title="bbox 96 671 1780 750; baseline -0.004 -17"><span class='ocrx_word' id='word_1_60' title='bbox 96 694 184 750; x_wconf 90' lang='lat' dir='ltr'><strong>quem</strong></span> <span class='ocrx_word' id='word_1_61' title='bbox 196 677 320 734; x_wconf 88' lang='lat' dir='ltr'><strong>nobilem</strong></span> <span class='ocrx_word' id='word_1_62' title='bbox 331 680 459 744; x_wconf 90' lang='lat' dir='ltr'><strong>noverat,</strong></span> <span class='ocrx_word' id='word_1_63' title='bbox 470 674 602 742; x_wconf 90' lang='lat' dir='ltr'><strong>detinuit,</strong></span> <span class='ocrx_word' id='word_1_64' title='bbox 613 673 725 746; x_wconf 87' lang='lat' dir='ltr'><strong>sibique</strong></span> <span class='ocrx_word' id='word_1_65' title='bbox 734 674 913 746; x_wconf 85' lang='lat' dir='ltr'><strong>capellanum</strong></span> <span class='ocrx_word' id='word_1_66' title='bbox 962 673 1110 730; x_wconf 91' lang='lat' dir='ltr'><strong>inventurn</strong></span> <span class='ocrx_word' id='word_1_67' title='bbox 1124 673 1169 730; x_wconf 90' lang='lat' dir='ltr'><strong>sit.</strong></span> <span class='ocrx_word' id='word_1_68' title='bbox 1187 673 1316 729; x_wconf 79' lang='lat' dir='ltr'>Rusticus</span> <span class='ocrx_word' id='word_1_69' title='bbox 1334 672 1450 745; x_wconf 90' lang='lat' dir='ltr'><strong>quidam</strong></span> <span class='ocrx_word' id='word_1_70' title='bbox 1469 671 1587 728; x_wconf 89' lang='lat' dir='ltr'><strong>nomine</strong></span> <span class='ocrx_word' id='word_1_71' title='bbox 1606 671 1780 743; x_wconf 78' lang='lat' dir='ltr'><strong>Stephanus,</strong></span> 
     </span>
     <span class='ocr_line' id='line_1_7' title="bbox 97 764 1780 845; baseline -0.004 -18"><span class='ocrx_word' id='word_1_72' title='bbox 97 772 296 845; x_wconf 88' lang='lat' dir='ltr'><strong>presbyterum</strong></span> <span class='ocrx_word' id='word_1_73' title='bbox 316 770 443 827; x_wconf 92' lang='lat' dir='ltr'><strong>ordinari</strong></span> <span class='ocrx_word' id='word_1_74' title='bbox 463 768 540 824; x_wconf 84' lang='lat' dir='ltr'><strong>lecit.</strong></span> <span class='ocrx_word' id='word_1_75' title='bbox 565 769 626 823; x_wconf 87' lang='lat' dir='ltr'><strong>Post</strong></span> <span class='ocrx_word' id='word_1_76' title='bbox 649 784 740 824; x_wconf 90' lang='lat' dir='ltr'><strong>annos</strong></span> <span class='ocrx_word' id='word_1_77' title='bbox 760 784 827 823; x_wconf 89' lang='lat' dir='ltr'><strong>vero</strong></span> <span class='ocrx_word' id='word_1_78' title='bbox 848 785 911 839; x_wconf 91' lang='lat' dir='ltr'><strong>sep·</strong></span> <span class='ocrx_word' id='word_1_79' title='bbox 963 768 1013 839; x_wconf 92' lang='lat' dir='ltr'><strong>qui</strong></span> <span class='ocrx_word' id='word_1_80' title='bbox 1026 784 1059 821; x_wconf 86' lang='lat' dir='ltr'><strong>ex</strong></span> <span class='ocrx_word' id='word_1_81' title='bbox 1073 765 1166 822; x_wconf 88' lang='lat' dir='ltr'><strong>olilcio</strong></span> <span class='ocrx_word' id='word_1_82' title='bbox 1181 767 1340 823; x_wconf 87' lang='lat' dir='ltr'><strong>molendini</strong></span> <span class='ocrx_word' id='word_1_83' title='bbox 1352 767 1459 823; x_wconf 91' lang='lat' dir='ltr'><strong>victum</strong></span> <span class='ocrx_word' id='word_1_84' title='bbox 1471 764 1650 838; x_wconf 69' lang='lat' dir='ltr'><strong>queritabat,</strong></span> <span class='ocrx_word' id='word_1_85' title='bbox 1662 765 1693 820; x_wconf 93' lang='lat' dir='ltr'><strong>in</strong></span> <span class='ocrx_word' id='word_1_86' title='bbox 1704 781 1780 821; x_wconf 89' lang='lat' dir='ltr'><strong>som·</strong></span> 
     </span>
     <span class='ocr_line' id='line_1_8' title="bbox 97 858 1781 933; baseline -0.005 -11"><span class='ocrx_word' id='word_1_87' title='bbox 97 873 155 922; x_wconf 90' lang='lat' dir='ltr'><strong>tem</strong></span> <span class='ocrx_word' id='word_1_88' title='bbox 167 866 291 921; x_wconf 87' lang='lat' dir='ltr'><strong>tudocus</strong></span> <span class='ocrx_word' id='word_1_89' title='bbox 306 864 335 919; x_wconf 95' lang='lat' dir='ltr'><strong>in</strong></span> <span class='ocrx_word' id='word_1_90' title='bbox 349 879 448 919; x_wconf 88' lang='lat' dir='ltr'><strong>eremo</strong></span> <span class='ocrx_word' id='word_1_91' title='bbox 462 862 544 917; x_wconf 86' lang='lat' dir='ltr'><strong>Braic</strong></span> <span class='ocrx_word' id='word_1_92' title='bbox 561 861 596 916; x_wconf 90' lang='lat' dir='ltr'><strong>ad</strong></span> <span class='ocrx_word' id='word_1_93' title='bbox 619 862 710 916; x_wconf 88' lang='lat' dir='ltr'><strong>rivum</strong></span> <span class='ocrx_word' id='word_1_94' title='bbox 729 861 829 917; x_wconf 79' lang='lat' dir='ltr'><strong>Alteiae</strong></span> <span class='ocrx_word' id='word_1_95' title='bbox 849 865 912 917; x_wconf 90' lang='lat' dir='ltr'><strong>octo</strong></span> <span class='ocrx_word' id='word_1_96' title='bbox 963 861 1006 916; x_wconf 92' lang='lat' dir='ltr'><strong>nis</strong></span> <span class='ocrx_word' id='word_1_97' title='bbox 1019 877 1036 916; x_wconf 90' lang='lat' dir='ltr'><strong>a</strong></span> <span class='ocrx_word' id='word_1_98' title='bbox 1050 860 1173 933; x_wconf 90' lang='lat' dir='ltr'><strong>quodam</strong></span> <span class='ocrx_word' id='word_1_99' title='bbox 1193 860 1261 916; x_wconf 90' lang='lat' dir='ltr'><strong>clari</strong></span> <span class='ocrx_word' id='word_1_100' title='bbox 1280 860 1397 916; x_wconf 89' lang='lat' dir='ltr'><strong>habitus</strong></span> <span class='ocrx_word' id='word_1_101' title='bbox 1416 860 1476 916; x_wconf 87' lang='lat' dir='ltr'><strong>viro</strong></span> <span class='ocrx_word' id='word_1_102' title='bbox 1497 859 1672 927; x_wconf 89' lang='lat' dir='ltr'><strong>admonitus,</strong></span> <span class='ocrx_word' id='word_1_103' title='bbox 1686 858 1723 913; x_wconf 93' lang='lat' dir='ltr'><strong>ad</strong></span> <span class='ocrx_word' id='word_1_104' title='bbox 1743 858 1781 914; x_wconf 93' lang='lat' dir='ltr'><strong>lo-</strong></span> 
     </span>
     <span class='ocr_line' id='line_1_9' title="bbox 96 951 1781 1028; baseline -0.005 -13"><span class='ocrx_word' id='word_1_105' title='bbox 96 960 179 1014; x_wconf 84' lang='lat' dir='ltr'><strong>annis</strong></span> <span class='ocrx_word' id='word_1_106' title='bbox 191 960 250 1015; x_wconf 87' lang='lat' dir='ltr'><strong>Deo</strong></span> <span class='ocrx_word' id='word_1_107' title='bbox 265 957 387 1024; x_wconf 83' lang='lat' dir='ltr'><strong>servivit,</strong></span> <span class='ocrx_word' id='word_1_108' title='bbox 402 956 449 1011; x_wconf 93' lang='lat' dir='ltr'><strong>ubi</strong></span> <span class='ocrx_word' id='word_1_109' title='bbox 463 971 529 1010; x_wconf 91' lang='lat' dir='ltr'><strong>aves</strong></span> <span class='ocrx_word' id='word_1_110' title='bbox 548 955 651 1011; x_wconf 88' lang='lat' dir='ltr'><strong>diversi</strong></span> <span class='ocrx_word' id='word_1_111' title='bbox 672 955 788 1028; x_wconf 90' lang='lat' dir='ltr'><strong>generis</strong></span> <span class='ocrx_word' id='word_1_112' title='bbox 805 960 836 1011; x_wconf 91' lang='lat' dir='ltr'><strong>et</strong></span> <span class='ocrx_word' id='word_1_113' title='bbox 853 955 912 1027; x_wconf 91' lang='lat' dir='ltr'><strong>pis·</strong></span> <span class='ocrx_word' id='word_1_114' title='bbox 963 970 1028 1010; x_wconf 89' lang='lat' dir='ltr'><strong>cum</strong></span> <span class='ocrx_word' id='word_1_115' title='bbox 1041 955 1131 1010; x_wconf 91' lang='lat' dir='ltr'><strong>sancti</strong></span> <span class='ocrx_word' id='word_1_116' title='bbox 1143 954 1241 1010; x_wconf 87' lang='lat' dir='ltr'><strong>tudoci</strong></span> <span class='ocrx_word' id='word_1_117' title='bbox 1256 954 1342 1023; x_wconf 89' lang='lat' dir='ltr'><strong>venit,</strong></span> <span class='ocrx_word' id='word_1_118' title='bbox 1356 961 1396 1022; x_wconf 87' lang='lat' dir='ltr'><strong>et,</strong></span> <span class='ocrx_word' id='word_1_119' title='bbox 1410 954 1510 1009; x_wconf 88' lang='lat' dir='ltr'><strong>relicta</strong></span> <span class='ocrx_word' id='word_1_120' title='bbox 1522 969 1610 1010; x_wconf 84' lang='lat' dir='ltr'><strong>uxore</strong></span> <span class='ocrx_word' id='word_1_121' title='bbox 1624 968 1691 1007; x_wconf 90' lang='lat' dir='ltr'><strong>cum</strong></span> <span class='ocrx_word' id='word_1_122' title='bbox 1706 951 1781 1019; x_wconf 89' lang='lat' dir='ltr'><strong>tiliis,</strong></span> 
     </span>
     <span class='ocr_line' id='line_1_10' title="bbox 97 1045 1782 1122; baseline -0.004 -14"><span class='ocrx_word' id='word_1_123' title='bbox 97 1052 200 1109; x_wconf 88' lang='lat' dir='ltr'><strong>ciculos</strong></span> <span class='ocrx_word' id='word_1_124' title='bbox 227 1067 316 1106; x_wconf 90' lang='lat' dir='ltr'><strong>manu</strong></span> <span class='ocrx_word' id='word_1_125' title='bbox 342 1067 392 1107; x_wconf 90' lang='lat' dir='ltr'><strong>sua</strong></span> <span class='ocrx_word' id='word_1_126' title='bbox 416 1050 492 1105; x_wconf 89' lang='lat' dir='ltr'><strong>velut</strong></span> <span class='ocrx_word' id='word_1_127' title='bbox 518 1054 667 1105; x_wconf 90' lang='lat' dir='ltr'><strong>mansueta</strong></span> <span class='ocrx_word' id='word_1_128' title='bbox 689 1065 791 1121; x_wconf 87' lang='lat' dir='ltr'><strong>pecora</strong></span> <span class='ocrx_word' id='word_1_129' title='bbox 813 1060 913 1122; x_wconf 44' lang='lat' dir='ltr'><strong>pasces</strong></span> <span class='ocrx_word' id='word_1_130' title='bbox 963 1047 1082 1104; x_wconf 87' lang='lat' dir='ltr'><strong>clericus</strong></span> <span class='ocrx_word' id='word_1_131' title='bbox 1097 1048 1189 1103; x_wconf 84' lang='lat' dir='ltr'><strong>iactus</strong></span> <span class='ocrx_word' id='word_1_132' title='bbox 1209 1054 1261 1104; x_wconf 91' lang='lat' dir='ltr'><strong>est.</strong></span> <span class='ocrx_word' id='word_1_133' title='bbox 1276 1048 1384 1121; x_wconf 88' lang='lat' dir='ltr'><strong>Corpus</strong></span> <span class='ocrx_word' id='word_1_134' title='bbox 1398 1064 1463 1105; x_wconf 86' lang='lat' dir='ltr'><strong>vero</strong></span> <span class='ocrx_word' id='word_1_135' title='bbox 1483 1046 1692 1114; x_wconf 80' lang='lat' dir='ltr'><strong>sanctitudoei,</strong></span> <span class='ocrx_word' id='word_1_136' title='bbox 1706 1045 1782 1118; x_wconf 90' lang='lat' dir='ltr'><strong>quod</strong></span> 
     </span>
     <span class='ocr_line' id='line_1_11' title="bbox 96 1139 1783 1217; baseline -0.004 -16"><span class='ocrx_word' id='word_1_137' title='bbox 96 1148 155 1201; x_wconf 90' lang='lat' dir='ltr'><strong>hat.</strong></span> <span class='ocrx_word' id='word_1_138' title='bbox 172 1147 223 1201; x_wconf 88' lang='lat' dir='ltr'><strong>Pro</strong></span> <span class='ocrx_word' id='word_1_139' title='bbox 240 1160 295 1200; x_wconf 90' lang='lat' dir='ltr'><strong>nno</strong></span> <span class='ocrx_word' id='word_1_140' title='bbox 316 1161 402 1216; x_wconf 89' lang='lat' dir='ltr'><strong>pane,</strong></span> <span class='ocrx_word' id='word_1_141' title='bbox 419 1160 505 1216; x_wconf 92' lang='lat' dir='ltr'><strong>quem</strong></span> <span class='ocrx_word' id='word_1_142' title='bbox 519 1143 612 1199; x_wconf 92' lang='lat' dir='ltr'><strong>solum</strong></span> <span class='ocrx_word' id='word_1_143' title='bbox 631 1142 780 1211; x_wconf 88' lang='lat' dir='ltr'><strong>habuerat,</strong></span> <span class='ocrx_word' id='word_1_144' title='bbox 796 1146 826 1197; x_wconf 93' lang='lat' dir='ltr'><strong>et</strong></span> <span class='ocrx_word' id='word_1_145' title='bbox 838 1160 911 1217; x_wconf 89' lang='lat' dir='ltr'><strong>qua·</strong></span> <span class='ocrx_word' id='word_1_146' title='bbox 962 1145 1033 1197; x_wconf 89' lang='lat' dir='ltr'><strong>tunc</strong></span> <span class='ocrx_word' id='word_1_147' title='bbox 1046 1159 1063 1197; x_wconf 95' lang='lat' dir='ltr'><strong>a</strong></span> <span class='ocrx_word' id='word_1_148' title='bbox 1076 1142 1185 1197; x_wconf 91' lang='lat' dir='ltr'><strong>cunctis</strong></span> <span class='ocrx_word' id='word_1_149' title='bbox 1200 1141 1369 1197; x_wconf 84' lang='lat' dir='ltr'><strong>mortalibus</strong></span> <span class='ocrx_word' id='word_1_150' title='bbox 1383 1141 1431 1197; x_wconf 86' lang='lat' dir='ltr'><strong>ubi</strong></span> <span class='ocrx_word' id='word_1_151' title='bbox 1445 1144 1520 1197; x_wconf 89' lang='lat' dir='ltr'><strong>esset</strong></span> <span class='ocrx_word' id='word_1_152' title='bbox 1536 1139 1739 1213; x_wconf 79' lang='lat' dir='ltr'><strong>ignorabatur,</strong></span> <span class='ocrx_word' id='word_1_153' title='bbox 1753 1142 1783 1195; x_wconf 89' lang='lat' dir='ltr'><strong>ut</strong></span> 
     </span>
     <span class='ocr_line' id='line_1_12' title="bbox 96 1232 1784 1310; baseline -0.003 -16"><span class='ocrx_word' id='word_1_154' title='bbox 96 1246 162 1295; x_wconf 92' lang='lat' dir='ltr'><strong>tuor</strong></span> <span class='ocrx_word' id='word_1_155' title='bbox 183 1237 373 1310; x_wconf 88' lang='lat' dir='ltr'><strong>pauperibus,</strong></span> <span class='ocrx_word' id='word_1_156' title='bbox 399 1239 598 1292; x_wconf 86' lang='lat' dir='ltr'><strong>murmurante</strong></span> <span class='ocrx_word' id='word_1_157' title='bbox 624 1235 758 1292; x_wconf 89' lang='lat' dir='ltr'><strong>Vulmaro</strong></span> <span class='ocrx_word' id='word_1_158' title='bbox 782 1236 912 1292; x_wconf 88' lang='lat' dir='ltr'><strong>ministro</strong></span> <span class='ocrx_word' id='word_1_159' title='bbox 963 1251 1014 1306; x_wconf 92' lang='lat' dir='ltr'><strong>per</strong></span> <span class='ocrx_word' id='word_1_160' title='bbox 1033 1236 1125 1291; x_wconf 90' lang='lat' dir='ltr'><strong>visum</strong></span> <span class='ocrx_word' id='word_1_161' title='bbox 1140 1236 1292 1306; x_wconf 88' lang='lat' dir='ltr'><strong>instigatus</strong></span> <span class='ocrx_word' id='word_1_162' title='bbox 1310 1235 1415 1304; x_wconf 72' lang='lat' dir='ltr'><strong>luserat,</strong></span> <span class='ocrx_word' id='word_1_163' title='bbox 1437 1235 1512 1291; x_wconf 90' lang='lat' dir='ltr'><strong>intra</strong></span> <span class='ocrx_word' id='word_1_164' title='bbox 1533 1232 1680 1290; x_wconf 85' lang='lat' dir='ltr'><strong>ecclesiam</strong></span> <span class='ocrx_word' id='word_1_165' title='bbox 1707 1248 1784 1305; x_wconf 80' lang='lat' dir='ltr'><strong>qua·</strong></span> 
     </span>
     <span class='ocr_line' id='line_1_13' title="bbox 96 1325 1780 1404; baseline -0.004 -18"><span class='ocrx_word' id='word_1_166' title='bbox 96 1333 168 1404; x_wconf 89' lang='lat' dir='ltr'><strong>ejus,</strong></span> <span class='ocrx_word' id='word_1_167' title='bbox 188 1331 332 1400; x_wconf 89' lang='lat' dir='ltr'><strong>diviserat,</strong></span> <span class='ocrx_word' id='word_1_168' title='bbox 347 1334 470 1404; x_wconf 91' lang='lat' dir='ltr'><strong>quatuor</strong></span> <span class='ocrx_word' id='word_1_169' title='bbox 487 1330 630 1385; x_wconf 84' lang='lat' dir='ltr'><strong>naviculas</strong></span> <span class='ocrx_word' id='word_1_170' title='bbox 647 1330 727 1402; x_wconf 90' lang='lat' dir='ltr'><strong>copia</strong></span> <span class='ocrx_word' id='word_1_171' title='bbox 740 1329 794 1385; x_wconf 90' lang='lat' dir='ltr'><strong>cibi</strong></span> <span class='ocrx_word' id='word_1_172' title='bbox 812 1336 840 1385; x_wconf 89' lang='lat' dir='ltr'><strong>et</strong></span> <span class='ocrx_word' id='word_1_173' title='bbox 859 1346 912 1401; x_wconf 94' lang='lat' dir='ltr'><strong>po·</strong></span> <span class='ocrx_word' id='word_1_174' title='bbox 962 1345 1026 1385; x_wconf 92' lang='lat' dir='ltr'><strong>rere</strong></span> <span class='ocrx_word' id='word_1_175' title='bbox 1048 1329 1143 1402; x_wconf 83' lang='lat' dir='ltr'><strong>coepit,</strong></span> <span class='ocrx_word' id='word_1_176' title='bbox 1167 1333 1195 1386; x_wconf 93' lang='lat' dir='ltr'><strong>et</strong></span> <span class='ocrx_word' id='word_1_177' title='bbox 1213 1329 1376 1385; x_wconf 87' lang='lat' dir='ltr'><strong>insinuante</strong></span> <span class='ocrx_word' id='word_1_178' title='bbox 1397 1328 1530 1386; x_wconf 83' lang='lat' dir='ltr'><strong>Pridiano</strong></span> <span class='ocrx_word' id='word_1_179' title='bbox 1553 1327 1722 1399; x_wconf 78' lang='lat' dir='ltr'><strong>sigemano,</strong></span> <span class='ocrx_word' id='word_1_180' title='bbox 1745 1325 1780 1381; x_wconf 91' lang='lat' dir='ltr'><strong>ad</strong></span> 
     </span>
     <span class='ocr_line' id='line_1_14' title="bbox 95 1421 1780 1497; baseline -0.003 -16"><span class='ocrx_word' id='word_1_181' title='bbox 95 1431 142 1481; x_wconf 88' lang='lat' dir='ltr'><strong>tus</strong></span> <span class='ocrx_word' id='word_1_182' title='bbox 160 1430 274 1482; x_wconf 86' lang='lat' dir='ltr'><strong>onustas</strong></span> <span class='ocrx_word' id='word_1_183' title='bbox 292 1441 345 1497; x_wconf 93' lang='lat' dir='ltr'><strong>per</strong></span> <span class='ocrx_word' id='word_1_184' title='bbox 361 1424 461 1480; x_wconf 71' lang='lat' dir='ltr'><strong>alteias</strong></span> <span class='ocrx_word' id='word_1_185' title='bbox 478 1424 553 1479; x_wconf 88' lang='lat' dir='ltr'><strong>rivos</strong></span> <span class='ocrx_word' id='word_1_186' title='bbox 570 1428 674 1479; x_wconf 90' lang='lat' dir='ltr'><strong>tractas</strong></span> <span class='ocrx_word' id='word_1_187' title='bbox 688 1439 705 1479; x_wconf 89' lang='lat' dir='ltr'><strong>a</strong></span> <span class='ocrx_word' id='word_1_188' title='bbox 718 1424 775 1479; x_wconf 85' lang='lat' dir='ltr'><strong>beo</strong></span> <span class='ocrx_word' id='word_1_189' title='bbox 793 1423 910 1496; x_wconf 80' lang='lat' dir='ltr'><strong>recepit.</strong></span> <span class='ocrx_word' id='word_1_190' title='bbox 962 1422 1108 1478; x_wconf 82' lang='lat' dir='ltr'><strong>dexteram</strong></span> <span class='ocrx_word' id='word_1_191' title='bbox 1132 1423 1227 1478; x_wconf 87' lang='lat' dir='ltr'><strong>altaris</strong></span> <span class='ocrx_word' id='word_1_192' title='bbox 1246 1422 1274 1479; x_wconf 92' lang='lat' dir='ltr'><strong>S.</strong></span> <span class='ocrx_word' id='word_1_193' title='bbox 1294 1421 1405 1478; x_wconf 72' lang='lat' dir='ltr'><strong>Martini</strong></span> <span class='ocrx_word' id='word_1_194' title='bbox 1425 1421 1634 1493; x_wconf 82' lang='lat' dir='ltr'><strong>sarcophagum</strong></span> <span class='ocrx_word' id='word_1_195' title='bbox 1657 1421 1780 1476; x_wconf 88' lang='lat' dir='ltr'><strong>invenit.</strong></span> 
     </span>
     <span class='ocr_line' id='line_1_15' title="bbox 96 1513 1777 1591; baseline -0.003 -18"><span class='ocrx_word' id='word_1_196' title='bbox 96 1519 205 1574; x_wconf 85' lang='lat' dir='ltr'><strong>lleinde</strong></span> <span class='ocrx_word' id='word_1_197' title='bbox 219 1519 346 1575; x_wconf 86' lang='lat' dir='ltr'><strong>Runiaeo</strong></span> <span class='ocrx_word' id='word_1_198' title='bbox 366 1534 452 1591; x_wconf 91' lang='lat' dir='ltr'><strong>super</strong></span> <span class='ocrx_word' id='word_1_199' title='bbox 468 1517 577 1573; x_wconf 84' lang='lat' dir='ltr'><strong>flumen</strong></span> <span class='ocrx_word' id='word_1_200' title='bbox 589 1516 740 1582; x_wconf 80' lang='lat' dir='ltr'><strong>Quantiam</strong></span> <span class='ocrx_word' id='word_1_201' title='bbox 757 1517 912 1573; x_wconf 90' lang='lat' dir='ltr'><strong>oratorium</strong></span> <span class='ocrx_word' id='word_1_202' title='bbox 961 1517 1074 1574; x_wconf 88' lang='lat' dir='ltr'><strong>Cunctis</strong></span> <span class='ocrx_word' id='word_1_203' title='bbox 1086 1516 1154 1572; x_wconf 89' lang='lat' dir='ltr'><strong>inde</strong></span> <span class='ocrx_word' id='word_1_204' title='bbox 1168 1515 1361 1588; x_wconf 87' lang='lat' dir='ltr'><strong>gaudentibus</strong></span> <span class='ocrx_word' id='word_1_205' title='bbox 1372 1519 1402 1571; x_wconf 89' lang='lat' dir='ltr'><strong>et</strong></span> <span class='ocrx_word' id='word_1_206' title='bbox 1414 1517 1471 1572; x_wconf 81' lang='lat' dir='ltr'><strong>lieo</strong></span> <span class='ocrx_word' id='word_1_207' title='bbox 1483 1515 1583 1571; x_wconf 90' lang='lat' dir='ltr'><strong>laudes</strong></span> <span class='ocrx_word' id='word_1_208' title='bbox 1597 1513 1777 1583; x_wconf 88' lang='lat' dir='ltr'><strong>canentibus,</strong></span> 
     </span>
     <span class='ocr_line' id='line_1_16' title="bbox 96 1606 1781 1683; baseline -0.004 -15"><span class='ocrx_word' id='word_1_209' title='bbox 96 1619 191 1670; x_wconf 90' lang='lat' dir='ltr'><strong>sancto</strong></span> <span class='ocrx_word' id='word_1_210' title='bbox 211 1612 331 1669; x_wconf 77' lang='lat' dir='ltr'><strong>Martino</strong></span> <span class='ocrx_word' id='word_1_211' title='bbox 351 1612 520 1680; x_wconf 80' lang='lat' dir='ltr'><strong>construxit,</strong></span> <span class='ocrx_word' id='word_1_212' title='bbox 542 1611 640 1683; x_wconf 89' lang='lat' dir='ltr'><strong>ibique</strong></span> <span class='ocrx_word' id='word_1_213' title='bbox 663 1606 711 1667; x_wconf 74' lang='lat' dir='ltr'><strong>rivv</strong></span> <span class='ocrx_word' id='word_1_214' title='bbox 727 1611 808 1666; x_wconf 89' lang='lat' dir='ltr'><strong>annis</strong></span> <span class='ocrx_word' id='word_1_215' title='bbox 828 1610 911 1666; x_wconf 90' lang='lat' dir='ltr'><strong>habi·</strong></span> <span class='ocrx_word' id='word_1_216' title='bbox 961 1610 1101 1666; x_wconf 86' lang='lat' dir='ltr'><strong>delossum</strong></span> <span class='ocrx_word' id='word_1_217' title='bbox 1122 1612 1165 1667; x_wconf 85' lang='lat' dir='ltr'><strong>est</strong></span> <span class='ocrx_word' id='word_1_218' title='bbox 1181 1626 1246 1666; x_wconf 89' lang='lat' dir='ltr'><strong>cum</strong></span> <span class='ocrx_word' id='word_1_219' title='bbox 1266 1613 1362 1665; x_wconf 89' lang='lat' dir='ltr'><strong>sancto</strong></span> <span class='ocrx_word' id='word_1_220' title='bbox 1382 1624 1502 1681; x_wconf 89' lang='lat' dir='ltr'><strong>corpore</strong></span> <span class='ocrx_word' id='word_1_221' title='bbox 1522 1609 1700 1664; x_wconf 90' lang='lat' dir='ltr'><strong>mausoleum</strong></span> <span class='ocrx_word' id='word_1_222' title='bbox 1721 1614 1781 1664; x_wconf 87' lang='lat' dir='ltr'><strong>eta</strong></span> 
     </span>
     <span class='ocr_line' id='line_1_17' title="bbox 95 1681 1780 1778; baseline -0.003 -17"><span class='ocrx_word' id='word_1_223' title='bbox 95 1706 176 1763; x_wconf 87' lang='lat' dir='ltr'><strong>tavit.</strong></span> <span class='ocrx_word' id='word_1_224' title='bbox 199 1706 299 1778; x_wconf 78' lang='lat' dir='ltr'><strong>Aquila</strong></span> <span class='ocrx_word' id='word_1_225' title='bbox 323 1721 349 1762; x_wconf 83' lang='lat' dir='ltr'><strong>rr</strong></span> <span class='ocrx_word' id='word_1_226' title='bbox 369 1705 488 1777; x_wconf 89' lang='lat' dir='ltr'><strong>gallinas</strong></span> <span class='ocrx_word' id='word_1_227' title='bbox 512 1705 539 1761; x_wconf 90' lang='lat' dir='ltr'><strong>ei</strong></span> <span class='ocrx_word' id='word_1_228' title='bbox 561 1705 670 1777; x_wconf 81' lang='lat' dir='ltr'><strong>rapnit3</strong></span> <span class='ocrx_word' id='word_1_229' title='bbox 695 1704 820 1776; x_wconf 88' lang='lat' dir='ltr'><strong>denique</strong></span> <span class='ocrx_word' id='word_1_230' title='bbox 847 1681 950 1760; x_wconf 79' lang='lat' dir='ltr'><strong>cumss</strong></span> <span class='ocrx_word' id='word_1_231' title='bbox 963 1707 1038 1759; x_wconf 89' lang='lat' dir='ltr'><strong>terra</strong></span> <span class='ocrx_word' id='word_1_232' title='bbox 1051 1703 1208 1759; x_wconf 88' lang='lat' dir='ltr'><strong>sublatum.</strong></span> <span class='ocrx_word' id='word_1_233' title='bbox 1223 1705 1280 1759; x_wconf 85' lang='lat' dir='ltr'><strong>Hoc</strong></span> <span class='ocrx_word' id='word_1_234' title='bbox 1295 1703 1371 1758; x_wconf 89' lang='lat' dir='ltr'><strong>lama</strong></span> <span class='ocrx_word' id='word_1_235' title='bbox 1388 1702 1492 1775; x_wconf 89' lang='lat' dir='ltr'><strong>passim</strong></span> <span class='ocrx_word' id='word_1_236' title='bbox 1509 1701 1648 1775; x_wconf 81' lang='lat' dir='ltr'><strong>divulgat,</strong></span> <span class='ocrx_word' id='word_1_237' title='bbox 1665 1702 1780 1773; x_wconf 87' lang='lat' dir='ltr'><strong>copiosa</strong></span> 
     </span>
     <span class='ocr_line' id='line_1_18' title="bbox 96 1794 1781 1872; baseline -0.002 -18"><span class='ocrx_word' id='word_1_238' title='bbox 96 1800 205 1872; x_wconf 88' lang='lat' dir='ltr'><strong>gallum</strong></span> <span class='ocrx_word' id='word_1_239' title='bbox 218 1799 369 1871; x_wconf 90' lang='lat' dir='ltr'><strong>rapuisset,</strong></span> <span class='ocrx_word' id='word_1_240' title='bbox 381 1799 425 1853; x_wconf 92' lang='lat' dir='ltr'><strong>vir</strong></span> <span class='ocrx_word' id='word_1_241' title='bbox 435 1799 486 1854; x_wconf 87' lang='lat' dir='ltr'><strong>Dei</strong></span> <span class='ocrx_word' id='word_1_242' title='bbox 498 1798 614 1870; x_wconf 88' lang='lat' dir='ltr'><strong>signum</strong></span> <span class='ocrx_word' id='word_1_243' title='bbox 635 1799 725 1854; x_wconf 91' lang='lat' dir='ltr'><strong>crucis</strong></span> <span class='ocrx_word' id='word_1_244' title='bbox 743 1814 808 1853; x_wconf 90' lang='lat' dir='ltr'><strong>oum</strong></span> <span class='ocrx_word' id='word_1_245' title='bbox 825 1814 911 1871; x_wconf 89' lang='lat' dir='ltr'><strong>prece</strong></span> <span class='ocrx_word' id='word_1_246' title='bbox 961 1797 1040 1870; x_wconf 89' lang='lat' dir='ltr'><strong>plebs</strong></span> <span class='ocrx_word' id='word_1_247' title='bbox 1062 1797 1187 1869; x_wconf 87' lang='lat' dir='ltr'><strong>undique</strong></span> <span class='ocrx_word' id='word_1_248' title='bbox 1207 1802 1345 1869; x_wconf 86' lang='lat' dir='ltr'><strong>properat</strong></span> <span class='ocrx_word' id='word_1_249' title='bbox 1362 1801 1395 1853; x_wconf 94' lang='lat' dir='ltr'><strong>ut</strong></span> <span class='ocrx_word' id='word_1_250' title='bbox 1413 1796 1502 1852; x_wconf 90' lang='lat' dir='ltr'><strong>sancti</strong></span> <span class='ocrx_word' id='word_1_251' title='bbox 1521 1795 1650 1868; x_wconf 88' lang='lat' dir='ltr'><strong>eorporis</strong></span> <span class='ocrx_word' id='word_1_252' title='bbox 1668 1794 1781 1851; x_wconf 79' lang='lat' dir='ltr'><strong>levatio·</strong></span> 
     </span>
     <span class='ocr_line' id='line_1_19' title="bbox 96 1888 1781 1965; baseline -0.004 -17"><span class='ocrx_word' id='word_1_253' title='bbox 96 1893 181 1949; x_wconf 89' lang='lat' dir='ltr'><strong>dedit.</strong></span> <span class='ocrx_word' id='word_1_254' title='bbox 197 1893 261 1948; x_wconf 83' lang='lat' dir='ltr'><strong>llox</strong></span> <span class='ocrx_word' id='word_1_255' title='bbox 279 1893 373 1965; x_wconf 90' lang='lat' dir='ltr'><strong>aquila</strong></span> <span class='ocrx_word' id='word_1_256' title='bbox 386 1892 480 1961; x_wconf 88' lang='lat' dir='ltr'><strong>rediit,</strong></span> <span class='ocrx_word' id='word_1_257' title='bbox 498 1893 605 1964; x_wconf 92' lang='lat' dir='ltr'><strong>gallum</strong></span> <span class='ocrx_word' id='word_1_258' title='bbox 623 1892 798 1948; x_wconf 90' lang='lat' dir='ltr'><strong>incolumem</strong></span> <span class='ocrx_word' id='word_1_259' title='bbox 823 1908 910 1964; x_wconf 83' lang='lat' dir='ltr'><strong>erpo·</strong></span> <span class='ocrx_word' id='word_1_260' title='bbox 961 1907 1028 1947; x_wconf 87' lang='lat' dir='ltr'><strong>nem</strong></span> <span class='ocrx_word' id='word_1_261' title='bbox 1041 1890 1144 1956; x_wconf 89' lang='lat' dir='ltr'><strong>videat,</strong></span> <span class='ocrx_word' id='word_1_262' title='bbox 1155 1896 1184 1947; x_wconf 92' lang='lat' dir='ltr'><strong>et</strong></span> <span class='ocrx_word' id='word_1_263' title='bbox 1197 1890 1222 1947; x_wconf 93' lang='lat' dir='ltr'><strong>ei</strong></span> <span class='ocrx_word' id='word_1_264' title='bbox 1232 1897 1297 1947; x_wconf 90' lang='lat' dir='ltr'><strong>vota</strong></span> <span class='ocrx_word' id='word_1_265' title='bbox 1307 1906 1374 1946; x_wconf 91' lang='lat' dir='ltr'><strong>oum</strong></span> <span class='ocrx_word' id='word_1_266' title='bbox 1389 1890 1556 1947; x_wconf 90' lang='lat' dir='ltr'><strong>muneribus</strong></span> <span class='ocrx_word' id='word_1_267' title='bbox 1569 1888 1680 1945; x_wconf 78' lang='lat' dir='ltr'><strong>offerat.</strong></span> <span class='ocrx_word' id='word_1_268' title='bbox 1695 1889 1781 1944; x_wconf 86' lang='lat' dir='ltr'><strong>ltrvlta</strong></span> 
     </span>
     <span class='ocr_line' id='line_1_20' title="bbox 96 1984 1781 2058; baseline -0.003 -17"><span class='ocrx_word' id='word_1_269' title='bbox 96 1987 162 2054; x_wconf 90' lang='lat' dir='ltr'><strong>suit,</strong></span> <span class='ocrx_word' id='word_1_270' title='bbox 173 1990 202 2041; x_wconf 90' lang='lat' dir='ltr'><strong>et</strong></span> <span class='ocrx_word' id='word_1_271' title='bbox 214 1987 349 2041; x_wconf 89' lang='lat' dir='ltr'><strong>continuo</strong></span> <span class='ocrx_word' id='word_1_272' title='bbox 361 1985 524 2058; x_wconf 78' lang='lat' dir='ltr'><strong>exspiravit.</strong></span> <span class='ocrx_word' id='word_1_273' title='bbox 539 1986 690 2051; x_wconf 84' lang='lat' dir='ltr'><strong>Quondam</strong></span> <span class='ocrx_word' id='word_1_274' title='bbox 705 1986 774 2041; x_wconf 91' lang='lat' dir='ltr'><strong>dum</strong></span> <span class='ocrx_word' id='word_1_275' title='bbox 788 1985 912 2042; x_wconf 83' lang='lat' dir='ltr'><strong>Judocus</strong></span> <span class='ocrx_word' id='word_1_276' title='bbox 962 1984 1069 2040; x_wconf 89' lang='lat' dir='ltr'><strong>ibidem</strong></span> <span class='ocrx_word' id='word_1_277' title='bbox 1090 1984 1162 2039; x_wconf 84' lang='lat' dir='ltr'><strong>iacta</strong></span> <span class='ocrx_word' id='word_1_278' title='bbox 1185 1989 1252 2040; x_wconf 88' lang='lat' dir='ltr'><strong>sunt</strong></span> <span class='ocrx_word' id='word_1_279' title='bbox 1275 1984 1427 2053; x_wconf 90' lang='lat' dir='ltr'><strong>miracula,</strong></span> <span class='ocrx_word' id='word_1_280' title='bbox 1449 1987 1478 2039; x_wconf 88' lang='lat' dir='ltr'><strong>et</strong></span> <span class='ocrx_word' id='word_1_281' title='bbox 1496 1984 1658 2039; x_wconf 87' lang='lat' dir='ltr'><strong>multarum</strong></span> <span class='ocrx_word' id='word_1_282' title='bbox 1681 1988 1781 2037; x_wconf 89' lang='lat' dir='ltr'><strong>curata</strong></span> 
     </span>
     <span class='ocr_line' id='line_1_21' title="bbox 95 2075 1782 2148; baseline -0.003 -14"><span class='ocrx_word' id='word_1_283' title='bbox 95 2096 160 2134; x_wconf 93' lang='lat' dir='ltr'><strong>cum</strong></span> <span class='ocrx_word' id='word_1_284' title='bbox 172 2081 244 2134; x_wconf 90' lang='lat' dir='ltr'><strong>duce</strong></span> <span class='ocrx_word' id='word_1_285' title='bbox 259 2079 394 2134; x_wconf 86' lang='lat' dir='ltr'><strong>Haimone</strong></span> <span class='ocrx_word' id='word_1_286' title='bbox 408 2079 438 2135; x_wconf 94' lang='lat' dir='ltr'><strong>in</strong></span> <span class='ocrx_word' id='word_1_287' title='bbox 453 2079 543 2135; x_wconf 88' lang='lat' dir='ltr'><strong>densa</strong></span> <span class='ocrx_word' id='word_1_288' title='bbox 556 2079 626 2134; x_wconf 90' lang='lat' dir='ltr'><strong>silva</strong></span> <span class='ocrx_word' id='word_1_289' title='bbox 639 2078 843 2136; x_wconf 87' lang='lat' dir='ltr'><strong>habitationem</strong></span> <span class='ocrx_word' id='word_1_290' title='bbox 858 2079 911 2133; x_wconf 91' lang='lat' dir='ltr'><strong>sibi</strong></span> <span class='ocrx_word' id='word_1_291' title='bbox 962 2081 1027 2133; x_wconf 92' lang='lat' dir='ltr'><strong>sunt</strong></span> <span class='ocrx_word' id='word_1_292' title='bbox 1046 2076 1247 2133; x_wconf 80' lang='lat' dir='ltr'><strong>infirmitatum</strong></span> <span class='ocrx_word' id='word_1_293' title='bbox 1270 2093 1385 2148; x_wconf 89' lang='lat' dir='ltr'><strong>genera.</strong></span> <span class='ocrx_word' id='word_1_294' title='bbox 1413 2075 1542 2132; x_wconf 87' lang='lat' dir='ltr'><strong>Tandem</strong></span> <span class='ocrx_word' id='word_1_295' title='bbox 1567 2092 1617 2132; x_wconf 83' lang='lat' dir='ltr'><strong>vui</strong></span> <span class='ocrx_word' id='word_1_296' title='bbox 1642 2075 1704 2130; x_wconf 87' lang='lat' dir='ltr'><strong>lial.</strong></span> <span class='ocrx_word' id='word_1_297' title='bbox 1727 2077 1782 2129; x_wconf 79' lang='lat' dir='ltr'><strong>Aa·</strong></span> 
     </span>
     <span class='ocr_line' id='line_1_22' title="bbox 95 2169 1783 2245; baseline -0.003 -16"><span class='ocrx_word' id='word_1_298' title='bbox 95 2189 254 2245; x_wconf 87' lang='lat' dir='ltr'><strong>congruam</strong></span> <span class='ocrx_word' id='word_1_299' title='bbox 274 2178 417 2245; x_wconf 77' lang='lat' dir='ltr'><strong>quareret</strong></span> <span class='ocrx_word' id='word_1_300' title='bbox 443 2177 473 2228; x_wconf 91' lang='lat' dir='ltr'><strong>et</strong></span> <span class='ocrx_word' id='word_1_301' title='bbox 487 2173 542 2229; x_wconf 87' lang='lat' dir='ltr'><strong>dur</strong></span> <span class='ocrx_word' id='word_1_302' title='bbox 559 2176 667 2228; x_wconf 90' lang='lat' dir='ltr'><strong>venatu</strong></span> <span class='ocrx_word' id='word_1_303' title='bbox 685 2173 785 2241; x_wconf 86' lang='lat' dir='ltr'><strong>lessus,</strong></span> <span class='ocrx_word' id='word_1_304' title='bbox 807 2173 910 2227; x_wconf 90' lang='lat' dir='ltr'><strong>nimia·</strong></span> <span class='ocrx_word' id='word_1_305' title='bbox 962 2171 1037 2243; x_wconf 89' lang='lat' dir='ltr'><strong>gusti</strong></span> <span class='ocrx_word' id='word_1_306' title='bbox 1057 2187 1158 2243; x_wconf 91' lang='lat' dir='ltr'><strong>eorpus</strong></span> <span class='ocrx_word' id='word_1_307' title='bbox 1179 2171 1269 2227; x_wconf 89' lang='lat' dir='ltr'><strong>sancti</strong></span> <span class='ocrx_word' id='word_1_308' title='bbox 1288 2171 1386 2228; x_wconf 81' lang='lat' dir='ltr'><strong>Judoci</strong></span> <span class='ocrx_word' id='word_1_309' title='bbox 1407 2174 1579 2226; x_wconf 86' lang='lat' dir='ltr'><strong>veneranter</strong></span> <span class='ocrx_word' id='word_1_310' title='bbox 1596 2169 1723 2242; x_wconf 89' lang='lat' dir='ltr'><strong>positum</strong></span> <span class='ocrx_word' id='word_1_311' title='bbox 1740 2173 1783 2225; x_wconf 91' lang='lat' dir='ltr'><strong>est</strong></span> 
     </span>
     <span class='ocr_line' id='line_1_23' title="bbox 95 2265 1390 2341; baseline -0.002 -19"><span class='ocrx_word' id='word_1_312' title='bbox 95 2283 151 2341; x_wconf 90' lang='lat' dir='ltr'><strong>que</strong></span> <span class='ocrx_word' id='word_1_313' title='bbox 174 2267 220 2322; x_wconf 88' lang='lat' dir='ltr'><strong>siti</strong></span> <span class='ocrx_word' id='word_1_314' title='bbox 243 2272 365 2323; x_wconf 80' lang='lat' dir='ltr'><strong>aestuans</strong></span> <span class='ocrx_word' id='word_1_315' title='bbox 385 2266 535 2334; x_wconf 91' lang='lat' dir='ltr'><strong>dormiret,</strong></span> <span class='ocrx_word' id='word_1_316' title='bbox 556 2267 598 2321; x_wconf 89' lang='lat' dir='ltr'><strong>vir</strong></span> <span class='ocrx_word' id='word_1_317' title='bbox 624 2266 675 2321; x_wconf 87' lang='lat' dir='ltr'><strong>[lei</strong></span> <span class='ocrx_word' id='word_1_318' title='bbox 697 2266 828 2322; x_wconf 90' lang='lat' dir='ltr'><strong>baculum</strong></span> <span class='ocrx_word' id='word_1_319' title='bbox 854 2281 912 2338; x_wconf 90' lang='lat' dir='ltr'><strong>quo</strong></span> <span class='ocrx_word' id='word_1_320' title='bbox 961 2281 1048 2337; x_wconf 88' lang='lat' dir='ltr'><strong>saper</strong></span> <span class='ocrx_word' id='word_1_321' title='bbox 1060 2265 1147 2321; x_wconf 89' lang='lat' dir='ltr'><strong>altare</strong></span> <span class='ocrx_word' id='word_1_322' title='bbox 1160 2265 1257 2322; x_wconf 91' lang='lat' dir='ltr'><strong>Sancti</strong></span> <span class='ocrx_word' id='word_1_323' title='bbox 1268 2265 1390 2321; x_wconf 75' lang='lat' dir='ltr'><strong>Martini.</strong></span> 
     </span>
     <span class='ocr_line' id='line_1_24' title="bbox 96 2357 1781 2431; baseline -0.002 -16"><span class='ocrx_word' id='word_1_324' title='bbox 96 2360 230 2415; x_wconf 89' lang='lat' dir='ltr'><strong>utebatur</strong></span> <span class='ocrx_word' id='word_1_325' title='bbox 248 2360 329 2415; x_wconf 89' lang='lat' dir='ltr'><strong>humi</strong></span> <span class='ocrx_word' id='word_1_326' title='bbox 346 2360 457 2428; x_wconf 77' lang='lat' dir='ltr'><strong>defixit,</strong></span> <span class='ocrx_word' id='word_1_327' title='bbox 472 2362 501 2414; x_wconf 91' lang='lat' dir='ltr'><strong>et</strong></span> <span class='ocrx_word' id='word_1_328' title='bbox 518 2359 650 2431; x_wconf 90' lang='lat' dir='ltr'><strong>precibus</strong></span> <span class='ocrx_word' id='word_1_329' title='bbox 667 2359 703 2415; x_wconf 91' lang='lat' dir='ltr'><strong>ad</strong></span> <span class='ocrx_word' id='word_1_330' title='bbox 724 2360 812 2415; x_wconf 84' lang='lat' dir='ltr'><strong>ileum</strong></span> <span class='ocrx_word' id='word_1_331' title='bbox 830 2359 910 2431; x_wconf 85' lang='lat' dir='ltr'><strong>fusis,</strong></span> <span class='ocrx_word' id='word_1_332' title='bbox 996 2361 1058 2430; x_wconf 89' lang='lat' dir='ltr'><strong>lpse</strong></span> <span class='ocrx_word' id='word_1_333' title='bbox 1084 2376 1160 2414; x_wconf 89' lang='lat' dir='ltr'><strong>anno</strong></span> <span class='ocrx_word' id='word_1_334' title='bbox 1186 2359 1295 2415; x_wconf 88' lang='lat' dir='ltr'><strong>ibidem</strong></span> <span class='ocrx_word' id='word_1_335' title='bbox 1325 2358 1531 2415; x_wconf 89' lang='lat' dir='ltr'><strong>monasterium</strong></span> <span class='ocrx_word' id='word_1_336' title='bbox 1549 2375 1566 2413; x_wconf 93' lang='lat' dir='ltr'><strong>a</strong></span> <span class='ocrx_word' id='word_1_337' title='bbox 1582 2357 1781 2414; x_wconf 79' lang='lat' dir='ltr'><strong>fundamentis</strong></span> 
     </span>
     <span class='ocr_line' id='line_1_25' title="bbox 93 2452 1780 2524; baseline -0.002 -16"><span class='ocrx_word' id='word_1_338' title='bbox 93 2453 204 2509; x_wconf 81' lang='lat' dir='ltr'><strong>fontem</strong></span> <span class='ocrx_word' id='word_1_339' title='bbox 220 2453 327 2509; x_wconf 85' lang='lat' dir='ltr'><strong>eduxit.</strong></span> <span class='ocrx_word' id='word_1_340' title='bbox 343 2453 435 2518; x_wconf 87' lang='lat' dir='ltr'><strong>Quem</strong></span> <span class='ocrx_word' id='word_1_341' title='bbox 449 2452 518 2524; x_wconf 77' lang='lat' dir='ltr'><strong>aegri</strong></span> <span class='ocrx_word' id='word_1_342' title='bbox 531 2454 597 2510; x_wconf 91' lang='lat' dir='ltr'><strong>illuc</strong></span> <span class='ocrx_word' id='word_1_343' title='bbox 611 2452 760 2509; x_wconf 86' lang='lat' dir='ltr'><strong>venientes</strong></span> <span class='ocrx_word' id='word_1_344' title='bbox 772 2470 912 2509; x_wconf 80' lang='lat' dir='ltr'><strong>venerari·</strong></span> <span class='ocrx_word' id='word_1_345' title='bbox 960 2459 1084 2524; x_wconf 77' lang='lat' dir='ltr'><strong>coaptum</strong></span> <span class='ocrx_word' id='word_1_346' title='bbox 1106 2459 1158 2518; x_wconf 92' lang='lat' dir='ltr'><strong>est,</strong></span> <span class='ocrx_word' id='word_1_347' title='bbox 1183 2457 1212 2508; x_wconf 89' lang='lat' dir='ltr'><strong>et</strong></span> <span class='ocrx_word' id='word_1_348' title='bbox 1231 2453 1403 2509; x_wconf 87' lang='lat' dir='ltr'><strong>monasticus</strong></span> <span class='ocrx_word' id='word_1_349' title='bbox 1424 2452 1495 2509; x_wconf 90' lang='lat' dir='ltr'><strong>ordo</strong></span> <span class='ocrx_word' id='word_1_350' title='bbox 1522 2452 1649 2524; x_wconf 88' lang='lat' dir='ltr'><strong>reparari</strong></span> <span class='ocrx_word' id='word_1_351' title='bbox 1671 2456 1780 2523; x_wconf 87' lang='lat' dir='ltr'><strong>ooeptus</strong></span> 
     </span>
     <span class='ocr_line' id='line_1_26' title="bbox 95 2545 1780 2619; baseline -0.002 -17"><span class='ocrx_word' id='word_1_352' title='bbox 95 2549 152 2615; x_wconf 92' lang='lat' dir='ltr'><strong>tur,</strong></span> <span class='ocrx_word' id='word_1_353' title='bbox 172 2552 202 2602; x_wconf 91' lang='lat' dir='ltr'><strong>et</strong></span> <span class='ocrx_word' id='word_1_354' title='bbox 215 2546 281 2602; x_wconf 89' lang='lat' dir='ltr'><strong>inde</strong></span> <span class='ocrx_word' id='word_1_355' title='bbox 297 2545 426 2602; x_wconf 87' lang='lat' dir='ltr'><strong>hibentes</strong></span> <span class='ocrx_word' id='word_1_356' title='bbox 444 2547 499 2601; x_wconf 88' lang='lat' dir='ltr'><strong>cito</strong></span> <span class='ocrx_word' id='word_1_357' title='bbox 515 2551 660 2602; x_wconf 89' lang='lat' dir='ltr'><strong>sanantur.</strong></span> <span class='ocrx_word' id='word_1_358' title='bbox 675 2546 779 2602; x_wconf 90' lang='lat' dir='ltr'><strong>Servus</strong></span> <span class='ocrx_word' id='word_1_359' title='bbox 791 2547 839 2602; x_wconf 84' lang='lat' dir='ltr'><strong>Dei</strong></span> <span class='ocrx_word' id='word_1_360' title='bbox 854 2546 911 2602; x_wconf 77' lang='lat' dir='ltr'><strong>dim</strong></span> <span class='ocrx_word' id='word_1_361' title='bbox 961 2551 1013 2616; x_wconf 82' lang='lat' dir='ltr'><strong>est,</strong></span> <span class='ocrx_word' id='word_1_362' title='bbox 1035 2553 1063 2602; x_wconf 90' lang='lat' dir='ltr'><strong>et</strong></span> <span class='ocrx_word' id='word_1_363' title='bbox 1086 2547 1257 2603; x_wconf 88' lang='lat' dir='ltr'><strong>reverendus</strong></span> <span class='ocrx_word' id='word_1_364' title='bbox 1279 2545 1366 2602; x_wconf 89' lang='lat' dir='ltr'><strong>abbas</strong></span> <span class='ocrx_word' id='word_1_365' title='bbox 1392 2545 1587 2619; x_wconf 82' lang='lat' dir='ltr'><strong>sigebrandus</strong></span> <span class='ocrx_word' id='word_1_366' title='bbox 1608 2546 1780 2601; x_wconf 85' lang='lat' dir='ltr'><strong>constitutus</strong></span> 
     </span>
     <span class='ocr_line' id='line_1_27' title="bbox 96 2638 1778 2712; baseline -0.001 -16"><span class='ocrx_word' id='word_1_367' title='bbox 96 2640 229 2696; x_wconf 80' lang='lat' dir='ltr'><strong>inanibus</strong></span> <span class='ocrx_word' id='word_1_368' title='bbox 243 2640 301 2695; x_wconf 91' lang='lat' dir='ltr'><strong>suis</strong></span> <span class='ocrx_word' id='word_1_369' title='bbox 317 2639 348 2695; x_wconf 91' lang='lat' dir='ltr'><strong>in</strong></span> <span class='ocrx_word' id='word_1_370' title='bbox 367 2640 435 2695; x_wconf 93' lang='lat' dir='ltr'><strong>silva</strong></span> <span class='ocrx_word' id='word_1_371' title='bbox 449 2656 482 2693; x_wconf 83' lang='lat' dir='ltr'><strong>ex</strong></span> <span class='ocrx_word' id='word_1_372' title='bbox 498 2640 583 2712; x_wconf 92' lang='lat' dir='ltr'><strong>lignis</strong></span> <span class='ocrx_word' id='word_1_373' title='bbox 601 2640 726 2695; x_wconf 89' lang='lat' dir='ltr'><strong>oratoria</strong></span> <span class='ocrx_word' id='word_1_374' title='bbox 742 2642 908 2696; x_wconf 82' lang='lat' dir='ltr'><strong>construxit.</strong></span> <span class='ocrx_word' id='word_1_375' title='bbox 961 2645 1013 2696; x_wconf 90' lang='lat' dir='ltr'><strong>est.</strong></span> <span class='ocrx_word' id='word_1_376' title='bbox 1037 2640 1161 2705; x_wconf 87' lang='lat' dir='ltr'><strong>Quadam</strong></span> <span class='ocrx_word' id='word_1_377' title='bbox 1182 2645 1275 2707; x_wconf 89' lang='lat' dir='ltr'><strong>nocte,</strong></span> <span class='ocrx_word' id='word_1_378' title='bbox 1297 2639 1366 2696; x_wconf 92' lang='lat' dir='ltr'><strong>dum</strong></span> <span class='ocrx_word' id='word_1_379' title='bbox 1387 2655 1490 2711; x_wconf 87' lang='lat' dir='ltr'><strong>corpus</strong></span> <span class='ocrx_word' id='word_1_380' title='bbox 1511 2640 1538 2696; x_wconf 91' lang='lat' dir='ltr'><strong>S.</strong></span> <span class='ocrx_word' id='word_1_381' title='bbox 1560 2638 1661 2694; x_wconf 87' lang='lat' dir='ltr'><strong>tudoci</strong></span> <span class='ocrx_word' id='word_1_382' title='bbox 1685 2655 1778 2694; x_wconf 88' lang='lat' dir='ltr'><strong>serva·</strong></span> 
     </span>
     <span class='ocr_line' id='line_1_28' title="bbox 94 2732 1780 2805; baseline -0.001 -16"><span class='ocrx_word' id='word_1_383' title='bbox 94 2735 187 2789; x_wconf 89' lang='lat' dir='ltr'><strong>Unum</strong></span> <span class='ocrx_word' id='word_1_384' title='bbox 205 2750 305 2789; x_wconf 90' lang='lat' dir='ltr'><strong>eorum</strong></span> <span class='ocrx_word' id='word_1_385' title='bbox 321 2733 390 2790; x_wconf 82' lang='lat' dir='ltr'><strong>lecit</strong></span> <span class='ocrx_word' id='word_1_386' title='bbox 410 2735 494 2788; x_wconf 87' lang='lat' dir='ltr'><strong>Petro</strong></span> <span class='ocrx_word' id='word_1_387' title='bbox 516 2732 580 2789; x_wconf 90' lang='lat' dir='ltr'><strong>ooeli</strong></span> <span class='ocrx_word' id='word_1_388' title='bbox 605 2732 754 2805; x_wconf 87' lang='lat' dir='ltr'><strong>clavigero,</strong></span> <span class='ocrx_word' id='word_1_389' title='bbox 780 2738 808 2789; x_wconf 89' lang='lat' dir='ltr'><strong>et</strong></span> <span class='ocrx_word' id='word_1_390' title='bbox 833 2734 910 2790; x_wconf 91' lang='lat' dir='ltr'><strong>aliud</strong></span> <span class='ocrx_word' id='word_1_391' title='bbox 959 2739 1039 2791; x_wconf 88' lang='lat' dir='ltr'><strong>retur</strong></span> <span class='ocrx_word' id='word_1_392' title='bbox 1058 2735 1088 2790; x_wconf 90' lang='lat' dir='ltr'><strong>in</strong></span> <span class='ocrx_word' id='word_1_393' title='bbox 1107 2734 1266 2791; x_wconf 88' lang='lat' dir='ltr'><strong>eeclesias.</strong></span> <span class='ocrx_word' id='word_1_394' title='bbox 1287 2734 1374 2804; x_wconf 88' lang='lat' dir='ltr'><strong>Petri,</strong></span> <span class='ocrx_word' id='word_1_395' title='bbox 1396 2750 1433 2789; x_wconf 95' lang='lat' dir='ltr'><strong>vu</strong></span> <span class='ocrx_word' id='word_1_396' title='bbox 1454 2733 1529 2789; x_wconf 86' lang='lat' dir='ltr'><strong>cerei</strong></span> <span class='ocrx_word' id='word_1_397' title='bbox 1551 2737 1620 2788; x_wconf 90' lang='lat' dir='ltr'><strong>anta</strong></span> <span class='ocrx_word' id='word_1_398' title='bbox 1642 2733 1780 2805; x_wconf 86' lang='lat' dir='ltr'><strong>reliquias</strong></span> 
     </span>
     <span class='ocr_line' id='line_1_29' title="bbox 94 2827 1779 2901; baseline 0 -19"><span class='ocrx_word' id='word_1_399' title='bbox 94 2827 260 2901; x_wconf 89' lang='lat' dir='ltr'><strong>magnilogo</strong></span> <span class='ocrx_word' id='word_1_400' title='bbox 294 2827 388 2883; x_wconf 82' lang='lat' dir='ltr'><strong>Paulo.</strong></span> <span class='ocrx_word' id='word_1_401' title='bbox 422 2828 524 2882; x_wconf 90' lang='lat' dir='ltr'><strong>Postea</strong></span> <span class='ocrx_word' id='word_1_402' title='bbox 553 2827 674 2882; x_wconf 86' lang='lat' dir='ltr'><strong>Romam</strong></span> <span class='ocrx_word' id='word_1_403' title='bbox 706 2827 849 2898; x_wconf 85' lang='lat' dir='ltr'><strong>perrexit,</strong></span> <span class='ocrx_word' id='word_1_404' title='bbox 883 2834 911 2884; x_wconf 90' lang='lat' dir='ltr'><strong>et</strong></span> <span class='ocrx_word' id='word_1_405' title='bbox 961 2831 1058 2896; x_wconf 84' lang='lat' dir='ltr'><strong>erant,</strong></span> <span class='ocrx_word' id='word_1_406' title='bbox 1082 2843 1207 2900; x_wconf 90' lang='lat' dir='ltr'><strong>quorum</strong></span> <span class='ocrx_word' id='word_1_407' title='bbox 1229 2844 1304 2883; x_wconf 90' lang='lat' dir='ltr'><strong>unus</strong></span> <span class='ocrx_word' id='word_1_408' title='bbox 1326 2829 1438 2883; x_wconf 89' lang='lat' dir='ltr'><strong>tanturn</strong></span> <span class='ocrx_word' id='word_1_409' title='bbox 1460 2828 1495 2882; x_wconf 88' lang='lat' dir='ltr'><strong>ab</strong></span> <span class='ocrx_word' id='word_1_410' title='bbox 1518 2827 1624 2883; x_wconf 68' lang='lat' dir='ltr'><strong>aedituo</strong></span> <span class='ocrx_word' id='word_1_411' title='bbox 1645 2827 1779 2883; x_wconf 88' lang='lat' dir='ltr'><strong>incensus</strong></span> 
     </span>
     <span class='ocr_line' id='line_1_30' title="bbox 94 2919 1777 2994; baseline -0.001 -18"><span class='ocrx_word' id='word_1_412' title='bbox 94 2920 161 2977; x_wconf 90' lang='lat' dir='ltr'><strong>inde</strong></span> <span class='ocrx_word' id='word_1_413' title='bbox 185 2922 291 2977; x_wconf 91' lang='lat' dir='ltr'><strong>multas</strong></span> <span class='ocrx_word' id='word_1_414' title='bbox 316 2924 482 2976; x_wconf 87' lang='lat' dir='ltr'><strong>sanctorum</strong></span> <span class='ocrx_word' id='word_1_415' title='bbox 512 2919 645 2992; x_wconf 88' lang='lat' dir='ltr'><strong>reliquias</strong></span> <span class='ocrx_word' id='word_1_416' title='bbox 671 2919 783 2976; x_wconf 90' lang='lat' dir='ltr'><strong>detulit.</strong></span> <span class='ocrx_word' id='word_1_417' title='bbox 807 2921 911 2977; x_wconf 86' lang='lat' dir='ltr'><strong>tutiula</strong></span> <span class='ocrx_word' id='word_1_418' title='bbox 959 2928 1033 2993; x_wconf 89' lang='lat' dir='ltr'><strong>erat;</strong></span> <span class='ocrx_word' id='word_1_419' title='bbox 1057 2922 1159 2994; x_wconf 89' lang='lat' dir='ltr'><strong>reliqui</strong></span> <span class='ocrx_word' id='word_1_420' title='bbox 1181 2938 1247 2979; x_wconf 90' lang='lat' dir='ltr'><strong>vero</strong></span> <span class='ocrx_word' id='word_1_421' title='bbox 1268 2938 1335 2990; x_wconf 87' lang='lat' dir='ltr'><strong>sex,</strong></span> <span class='ocrx_word' id='word_1_422' title='bbox 1358 2921 1523 2978; x_wconf 88' lang='lat' dir='ltr'><strong>custodibus</strong></span> <span class='ocrx_word' id='word_1_423' title='bbox 1547 2920 1777 2985; x_wconf 89' lang='lat' dir='ltr'><strong>dormientibus,</strong></span> 
     </span>
     <span class='ocr_line' id='line_1_31' title="bbox 93 3013 1286 3118; baseline 0 -47"><span class='ocrx_word' id='word_1_424' title='bbox 93 3016 188 3088; x_wconf 92' lang='lat' dir='ltr'><strong>puella</strong></span> <span class='ocrx_word' id='word_1_425' title='bbox 217 3031 235 3070; x_wconf 91' lang='lat' dir='ltr'><strong>a</strong></span> <span class='ocrx_word' id='word_1_426' title='bbox 263 3014 410 3070; x_wconf 85' lang='lat' dir='ltr'><strong>nativitate</strong></span> <span class='ocrx_word' id='word_1_427' title='bbox 435 3029 510 3070; x_wconf 84' lang='lat' dir='ltr'><strong>caeca</strong></span> <span class='ocrx_word' id='word_1_428' title='bbox 535 3030 588 3085; x_wconf 91' lang='lat' dir='ltr'><strong>per</strong></span> <span class='ocrx_word' id='word_1_429' title='bbox 613 3013 704 3069; x_wconf 90' lang='lat' dir='ltr'><strong>visum</strong></span> <span class='ocrx_word' id='word_1_430' title='bbox 733 3015 842 3070; x_wconf 91' lang='lat' dir='ltr'><strong>monita</strong></span> <span class='ocrx_word' id='word_1_431' title='bbox 869 3015 1070 3118; x_wconf 74' lang='lat' dir='ltr'><strong>estccoelitas</strong></span> <span class='ocrx_word' id='word_1_432' title='bbox 1084 3016 1196 3072; x_wconf 91' lang='lat' dir='ltr'><strong>accensi</strong></span> <span class='ocrx_word' id='word_1_433' title='bbox 1210 3021 1286 3071; x_wconf 90' lang='lat' dir='ltr'><strong>sunt.</strong></span> 
     </span>
     <span class='ocr_line' id='line_1_32' title="bbox 94 3107 1779 3182; baseline -0.001 -17"><span class='ocrx_word' id='word_1_434' title='bbox 94 3112 125 3165; x_wconf 91' lang='lat' dir='ltr'><strong>nt</strong></span> <span class='ocrx_word' id='word_1_435' title='bbox 148 3109 252 3164; x_wconf 83' lang='lat' dir='ltr'><strong>faciem</strong></span> <span class='ocrx_word' id='word_1_436' title='bbox 278 3125 357 3164; x_wconf 88' lang='lat' dir='ltr'><strong>suam</strong></span> <span class='ocrx_word' id='word_1_437' title='bbox 384 3124 417 3162; x_wconf 84' lang='lat' dir='ltr'><strong>ex</strong></span> <span class='ocrx_word' id='word_1_438' title='bbox 441 3124 515 3180; x_wconf 87' lang='lat' dir='ltr'><strong>aqua</strong></span> <span class='ocrx_word' id='word_1_439' title='bbox 546 3107 622 3162; x_wconf 91' lang='lat' dir='ltr'><strong>unde</strong></span> <span class='ocrx_word' id='word_1_440' title='bbox 654 3107 776 3163; x_wconf 86' lang='lat' dir='ltr'><strong>tudocus</strong></span> <span class='ocrx_word' id='word_1_441' title='bbox 807 3125 911 3165; x_wconf 90' lang='lat' dir='ltr'><strong>manus</strong></span> <span class='ocrx_word' id='word_1_442' title='bbox 996 3108 1042 3165; x_wconf 90' lang='lat' dir='ltr'><strong>Sic</strong></span> <span class='ocrx_word' id='word_1_443' title='bbox 1065 3109 1120 3164; x_wconf 87' lang='lat' dir='ltr'><strong>alia</strong></span> <span class='ocrx_word' id='word_1_444' title='bbox 1146 3110 1206 3165; x_wconf 88' lang='lat' dir='ltr'><strong>vice</strong></span> <span class='ocrx_word' id='word_1_445' title='bbox 1229 3109 1260 3165; x_wconf 92' lang='lat' dir='ltr'><strong>in</strong></span> <span class='ocrx_word' id='word_1_446' title='bbox 1284 3108 1405 3164; x_wconf 88' lang='lat' dir='ltr'><strong>ecelesia</strong></span> <span class='ocrx_word' id='word_1_447' title='bbox 1427 3125 1478 3165; x_wconf 88' lang='lat' dir='ltr'><strong>sua</strong></span> <span class='ocrx_word' id='word_1_448' title='bbox 1498 3125 1602 3182; x_wconf 89' lang='lat' dir='ltr'><strong>corpus</strong></span> <span class='ocrx_word' id='word_1_449' title='bbox 1624 3110 1655 3166; x_wconf 88' lang='lat' dir='ltr'><strong>S.</strong></span> <span class='ocrx_word' id='word_1_450' title='bbox 1680 3109 1779 3166; x_wconf 81' lang='lat' dir='ltr'><strong>tudoci</strong></span> 
     </span>
     <span class='ocr_line' id='line_1_33' title="bbox 92 3200 1779 3276; baseline 0.001 -18"><span class='ocrx_word' id='word_1_451' title='bbox 92 3219 160 3258; x_wconf 91' lang='lat' dir='ltr'><strong>suas</strong></span> <span class='ocrx_word' id='word_1_452' title='bbox 177 3201 317 3270; x_wconf 86' lang='lat' dir='ltr'><strong>ablueret,</strong></span> <span class='ocrx_word' id='word_1_453' title='bbox 338 3201 454 3257; x_wconf 89' lang='lat' dir='ltr'><strong>lavaret.</strong></span> <span class='ocrx_word' id='word_1_454' title='bbox 475 3200 556 3266; x_wconf 82' lang='lat' dir='ltr'><strong>Quod</strong></span> <span class='ocrx_word' id='word_1_455' title='bbox 577 3205 608 3256; x_wconf 89' lang='lat' dir='ltr'><strong>ut</strong></span> <span class='ocrx_word' id='word_1_456' title='bbox 626 3200 703 3270; x_wconf 81' lang='lat' dir='ltr'><strong>lecit,</strong></span> <span class='ocrx_word' id='word_1_457' title='bbox 724 3202 816 3257; x_wconf 89' lang='lat' dir='ltr'><strong>visum</strong></span> <span class='ocrx_word' id='word_1_458' title='bbox 834 3219 913 3258; x_wconf 88' lang='lat' dir='ltr'><strong>rece·</strong></span> <span class='ocrx_word' id='word_1_459' title='bbox 960 3208 1037 3271; x_wconf 87' lang='lat' dir='ltr'><strong>erat;</strong></span> <span class='ocrx_word' id='word_1_460' title='bbox 1051 3205 1194 3274; x_wconf 72' lang='lat' dir='ltr'><strong>praesente</strong></span> <span class='ocrx_word' id='word_1_461' title='bbox 1205 3202 1360 3276; x_wconf 82' lang='lat' dir='ltr'><strong>sigemano</strong></span> <span class='ocrx_word' id='word_1_462' title='bbox 1374 3203 1484 3272; x_wconf 89' lang='lat' dir='ltr'><strong>lamen,</strong></span> <span class='ocrx_word' id='word_1_463' title='bbox 1498 3202 1614 3274; x_wconf 81' lang='lat' dir='ltr'><strong>quodsi</strong></span> <span class='ocrx_word' id='word_1_464' title='bbox 1625 3205 1779 3259; x_wconf 87' lang='lat' dir='ltr'><strong>ventorum</strong></span> 
     </span>
     <span class='ocr_line' id='line_1_34' title="bbox 92 3292 1780 3369; baseline 0 -19"><span class='ocrx_word' id='word_1_465' title='bbox 92 3296 144 3369; x_wconf 88' lang='lat' dir='ltr'><strong>pit.</strong></span> <span class='ocrx_word' id='word_1_466' title='bbox 160 3298 218 3352; x_wconf 87' lang='lat' dir='ltr'><strong>iioc</strong></span> <span class='ocrx_word' id='word_1_467' title='bbox 238 3296 307 3351; x_wconf 91' lang='lat' dir='ltr'><strong>dum</strong></span> <span class='ocrx_word' id='word_1_468' title='bbox 329 3296 372 3351; x_wconf 93' lang='lat' dir='ltr'><strong>vir</strong></span> <span class='ocrx_word' id='word_1_469' title='bbox 390 3295 440 3350; x_wconf 85' lang='lat' dir='ltr'><strong>liei</strong></span> <span class='ocrx_word' id='word_1_470' title='bbox 460 3296 549 3350; x_wconf 81' lang='lat' dir='ltr'><strong>Roma</strong></span> <span class='ocrx_word' id='word_1_471' title='bbox 568 3292 678 3351; x_wconf 90' lang='lat' dir='ltr'><strong>rediret</strong></span> <span class='ocrx_word' id='word_1_472' title='bbox 696 3300 792 3351; x_wconf 91' lang='lat' dir='ltr'><strong>actum</strong></span> <span class='ocrx_word' id='word_1_473' title='bbox 814 3302 866 3365; x_wconf 87' lang='lat' dir='ltr'><strong>est,</strong></span> <span class='ocrx_word' id='word_1_474' title='bbox 883 3301 911 3353; x_wconf 89' lang='lat' dir='ltr'><strong>et</strong></span> <span class='ocrx_word' id='word_1_475' title='bbox 961 3300 990 3351; x_wconf 87' lang='lat' dir='ltr'><strong>et</strong></span> <span class='ocrx_word' id='word_1_476' title='bbox 1002 3297 1188 3353; x_wconf 89' lang='lat' dir='ltr'><strong>inundatione</strong></span> <span class='ocrx_word' id='word_1_477' title='bbox 1202 3296 1363 3369; x_wconf 89' lang='lat' dir='ltr'><strong>pluviarum</strong></span> <span class='ocrx_word' id='word_1_478' title='bbox 1376 3296 1546 3353; x_wconf 87' lang='lat' dir='ltr'><strong>exstinctum</strong></span> <span class='ocrx_word' id='word_1_479' title='bbox 1559 3299 1631 3365; x_wconf 88' lang='lat' dir='ltr'><strong>arat,</strong></span> <span class='ocrx_word' id='word_1_480' title='bbox 1642 3296 1780 3353; x_wconf 89' lang='lat' dir='ltr'><strong>divinitus</strong></span> 
     </span>
     <span class='ocr_line' id='line_1_35' title="bbox 93 3388 1224 3462; baseline -0.001 -16"><span class='ocrx_word' id='word_1_481' title='bbox 93 3407 163 3447; x_wconf 84' lang='lat' dir='ltr'><strong>crux</strong></span> <span class='ocrx_word' id='word_1_482' title='bbox 186 3390 283 3461; x_wconf 88' lang='lat' dir='ltr'><strong>lignea</strong></span> <span class='ocrx_word' id='word_1_483' title='bbox 304 3390 344 3445; x_wconf 92' lang='lat' dir='ltr'><strong>ibi</strong></span> <span class='ocrx_word' id='word_1_484' title='bbox 365 3389 454 3462; x_wconf 87' lang='lat' dir='ltr'><strong>posita</strong></span> <span class='ocrx_word' id='word_1_485' title='bbox 476 3394 534 3456; x_wconf 88' lang='lat' dir='ltr'><strong>est;</strong></span> <span class='ocrx_word' id='word_1_486' title='bbox 556 3388 630 3444; x_wconf 90' lang='lat' dir='ltr'><strong>unde</strong></span> <span class='ocrx_word' id='word_1_487' title='bbox 652 3389 730 3444; x_wconf 90' lang='lat' dir='ltr'><strong>locus</strong></span> <span class='ocrx_word' id='word_1_488' title='bbox 754 3389 813 3461; x_wconf 89' lang='lat' dir='ltr'><strong>ipse</strong></span> <span class='ocrx_word' id='word_1_489' title='bbox 835 3391 910 3447; x_wconf 84' lang='lat' dir='ltr'><strong>Crux</strong></span> <span class='ocrx_word' id='word_1_490' title='bbox 960 3389 1156 3446; x_wconf 90' lang='lat' dir='ltr'><strong>illuminatum</strong></span> <span class='ocrx_word' id='word_1_491' title='bbox 1171 3394 1224 3446; x_wconf 85' lang='lat' dir='ltr'><strong>ost.</strong></span> 
     </span>
     <span class='ocr_line' id='line_1_36' title="bbox 94 3482 1780 3554; baseline 0 -14"><span class='ocrx_word' id='word_1_492' title='bbox 94 3483 253 3540; x_wconf 88' lang='lat' dir='ltr'><strong>dictusast.</strong></span> <span class='ocrx_word' id='word_1_493' title='bbox 996 3483 1159 3554; x_wconf 79' lang='lat' dir='ltr'><strong>Dominico,</strong></span> <span class='ocrx_word' id='word_1_494' title='bbox 1192 3484 1261 3539; x_wconf 87' lang='lat' dir='ltr'><strong>dum</strong></span> <span class='ocrx_word' id='word_1_495' title='bbox 1292 3482 1440 3546; x_wconf 88' lang='lat' dir='ltr'><strong>Pridianus</strong></span> <span class='ocrx_word' id='word_1_496' title='bbox 1467 3482 1584 3540; x_wconf 87' lang='lat' dir='ltr'><strong>missam</strong></span> <span class='ocrx_word' id='word_1_497' title='bbox 1611 3484 1780 3541; x_wconf 86' lang='lat' dir='ltr'><strong>solemniter</strong></span> 
     </span>
     <span class='ocr_line' id='line_1_37' title="bbox 131 3575 1778 3650; baseline 0.001 -18"><span class='ocrx_word' id='word_1_498' title='bbox 131 3579 251 3647; x_wconf 87' lang='lat' dir='ltr'><strong>interea,</strong></span> <span class='ocrx_word' id='word_1_499' title='bbox 266 3576 335 3632; x_wconf 89' lang='lat' dir='ltr'><strong>dum</strong></span> <span class='ocrx_word' id='word_1_500' title='bbox 347 3575 469 3632; x_wconf 83' lang='lat' dir='ltr'><strong>ludoeus</strong></span> <span class='ocrx_word' id='word_1_501' title='bbox 483 3576 604 3633; x_wconf 82' lang='lat' dir='ltr'><strong>Romam</strong></span> <span class='ocrx_word' id='word_1_502' title='bbox 618 3577 797 3648; x_wconf 83' lang='lat' dir='ltr'><strong>perrexisset,</strong></span> <span class='ocrx_word' id='word_1_503' title='bbox 811 3577 910 3634; x_wconf 81' lang='lat' dir='ltr'><strong>haimo</strong></span> <span class='ocrx_word' id='word_1_504' title='bbox 960 3578 1129 3646; x_wconf 88' lang='lat' dir='ltr'><strong>celebrabat,</strong></span> <span class='ocrx_word' id='word_1_505' title='bbox 1142 3577 1259 3650; x_wconf 90' lang='lat' dir='ltr'><strong>quidam</strong></span> <span class='ocrx_word' id='word_1_506' title='bbox 1272 3593 1371 3633; x_wconf 86' lang='lat' dir='ltr'><strong>vassus</strong></span> <span class='ocrx_word' id='word_1_507' title='bbox 1389 3577 1515 3633; x_wconf 85' lang='lat' dir='ltr'><strong>liilduini</strong></span> <span class='ocrx_word' id='word_1_508' title='bbox 1533 3577 1646 3634; x_wconf 90' lang='lat' dir='ltr'><strong>comitis</strong></span> <span class='ocrx_word' id='word_1_509' title='bbox 1660 3579 1778 3635; x_wconf 92' lang='lat' dir='ltr'><strong>nomino</strong></span> 
     </span>
     <span class='ocr_line' id='line_1_38' title="bbox 92 3670 1779 3744; baseline 0.001 -17"><span class='ocrx_word' id='word_1_510' title='bbox 92 3671 148 3727; x_wconf 87' lang='lat' dir='ltr'><strong>dur</strong></span> <span class='ocrx_word' id='word_1_511' title='bbox 180 3671 323 3744; x_wconf 88' lang='lat' dir='ltr'><strong>lapideam</strong></span> <span class='ocrx_word' id='word_1_512' title='bbox 356 3671 386 3726; x_wconf 92' lang='lat' dir='ltr'><strong>in</strong></span> <span class='ocrx_word' id='word_1_513' title='bbox 419 3686 519 3726; x_wconf 91' lang='lat' dir='ltr'><strong>eremo</strong></span> <span class='ocrx_word' id='word_1_514' title='bbox 552 3671 704 3726; x_wconf 87' lang='lat' dir='ltr'><strong>ecclesiam</strong></span> <span class='ocrx_word' id='word_1_515' title='bbox 734 3673 908 3741; x_wconf 86' lang='lat' dir='ltr'><strong>construxit,</strong></span> <span class='ocrx_word' id='word_1_516' title='bbox 959 3671 1181 3727; x_wconf 85' lang='lat' dir='ltr'><strong>Guaremberlus</strong></span> <span class='ocrx_word' id='word_1_517' title='bbox 1196 3671 1271 3726; x_wconf 89' lang='lat' dir='ltr'><strong>mala</strong></span> <span class='ocrx_word' id='word_1_518' title='bbox 1286 3670 1433 3727; x_wconf 87' lang='lat' dir='ltr'><strong>voluntate</strong></span> <span class='ocrx_word' id='word_1_519' title='bbox 1451 3672 1553 3743; x_wconf 90' lang='lat' dir='ltr'><strong>plenus</strong></span> <span class='ocrx_word' id='word_1_520' title='bbox 1571 3677 1643 3740; x_wconf 89' lang='lat' dir='ltr'><strong>erat,</strong></span> <span class='ocrx_word' id='word_1_521' title='bbox 1659 3673 1779 3744; x_wconf 91' lang='lat' dir='ltr'><strong>cupiens</strong></span> 
     </span>
     <span class='ocr_line' id='line_1_39' title="bbox 92 3763 1777 3838; baseline 0 -17"><span class='ocrx_word' id='word_1_522' title='bbox 92 3782 178 3838; x_wconf 91' lang='lat' dir='ltr'><strong>qnam</strong></span> <span class='ocrx_word' id='word_1_523' title='bbox 197 3769 262 3837; x_wconf 91' lang='lat' dir='ltr'><strong>post</strong></span> <span class='ocrx_word' id='word_1_524' title='bbox 281 3764 406 3820; x_wconf 89' lang='lat' dir='ltr'><strong>reditum</strong></span> <span class='ocrx_word' id='word_1_525' title='bbox 430 3763 554 3819; x_wconf 90' lang='lat' dir='ltr'><strong>hominis</strong></span> <span class='ocrx_word' id='word_1_526' title='bbox 576 3763 625 3819; x_wconf 82' lang='lat' dir='ltr'><strong>liei</strong></span> <span class='ocrx_word' id='word_1_527' title='bbox 651 3764 680 3818; x_wconf 92' lang='lat' dir='ltr'><strong>in</strong></span> <span class='ocrx_word' id='word_1_528' title='bbox 701 3765 810 3820; x_wconf 86' lang='lat' dir='ltr'><strong>honoro</strong></span> <span class='ocrx_word' id='word_1_529' title='bbox 834 3765 909 3820; x_wconf 88' lang='lat' dir='ltr'><strong>beati</strong></span> <span class='ocrx_word' id='word_1_530' title='bbox 960 3765 996 3820; x_wconf 89' lang='lat' dir='ltr'><strong>de</strong></span> <span class='ocrx_word' id='word_1_531' title='bbox 1017 3765 1102 3820; x_wconf 92' lang='lat' dir='ltr'><strong>rebus</strong></span> <span class='ocrx_word' id='word_1_532' title='bbox 1123 3765 1214 3821; x_wconf 89' lang='lat' dir='ltr'><strong>sancti</strong></span> <span class='ocrx_word' id='word_1_533' title='bbox 1234 3781 1298 3837; x_wconf 79' lang='lat' dir='ltr'><strong>quaa</strong></span> <span class='ocrx_word' id='word_1_534' title='bbox 1318 3765 1402 3821; x_wconf 89' lang='lat' dir='ltr'><strong>vellet</strong></span> <span class='ocrx_word' id='word_1_535' title='bbox 1420 3764 1563 3821; x_wconf 89' lang='lat' dir='ltr'><strong>violenter</strong></span> <span class='ocrx_word' id='word_1_536' title='bbox 1585 3765 1717 3834; x_wconf 83' lang='lat' dir='ltr'><strong>auferre,</strong></span> <span class='ocrx_word' id='word_1_537' title='bbox 1739 3772 1777 3836; x_wconf 86' lang='lat' dir='ltr'><strong>et,</strong></span> 
     </span>
     <span class='ocr_line' id='line_1_40' title="bbox 91 3856 1778 3930; baseline 0.001 -16"><span class='ocrx_word' id='word_1_538' title='bbox 91 3859 201 3914; x_wconf 79' lang='lat' dir='ltr'><strong>llartini</strong></span> <span class='ocrx_word' id='word_1_539' title='bbox 217 3858 339 3915; x_wconf 87' lang='lat' dir='ltr'><strong>dedicari</strong></span> <span class='ocrx_word' id='word_1_540' title='bbox 355 3858 432 3925; x_wconf 89' lang='lat' dir='ltr'><strong>lecit,</strong></span> <span class='ocrx_word' id='word_1_541' title='bbox 447 3863 476 3913; x_wconf 89' lang='lat' dir='ltr'><strong>et</strong></span> <span class='ocrx_word' id='word_1_542' title='bbox 488 3874 539 3929; x_wconf 92' lang='lat' dir='ltr'><strong>pro</strong></span> <span class='ocrx_word' id='word_1_543' title='bbox 553 3856 620 3912; x_wconf 93' lang='lat' dir='ltr'><strong>dote</strong></span> <span class='ocrx_word' id='word_1_544' title='bbox 637 3859 792 3930; x_wconf 91' lang='lat' dir='ltr'><strong>quamdam</strong></span> <span class='ocrx_word' id='word_1_545' title='bbox 814 3858 908 3914; x_wconf 89' lang='lat' dir='ltr'><strong>villam</strong></span> <span class='ocrx_word' id='word_1_546' title='bbox 959 3858 1111 3930; x_wconf 88' lang='lat' dir='ltr'><strong>sigemano</strong></span> <span class='ocrx_word' id='word_1_547' title='bbox 1136 3857 1265 3930; x_wconf 90' lang='lat' dir='ltr'><strong>depulso,</strong></span> <span class='ocrx_word' id='word_1_548' title='bbox 1286 3859 1408 3914; x_wconf 89' lang='lat' dir='ltr'><strong>alterum</strong></span> <span class='ocrx_word' id='word_1_549' title='bbox 1430 3858 1487 3914; x_wconf 89' lang='lat' dir='ltr'><strong>suis</strong></span> <span class='ocrx_word' id='word_1_550' title='bbox 1508 3857 1636 3915; x_wconf 90' lang='lat' dir='ltr'><strong>moribus</strong></span> <span class='ocrx_word' id='word_1_551' title='bbox 1661 3876 1778 3916; x_wconf 88' lang='lat' dir='ltr'><strong>consen·</strong></span> 
     </span>
     <span class='ocr_line' id='line_1_41' title="bbox 90 3952 1778 4028; baseline 0.001 -18"><span class='ocrx_word' id='word_1_552' title='bbox 90 3955 272 4028; x_wconf 87' lang='lat' dir='ltr'><strong>proprietatis</strong></span> <span class='ocrx_word' id='word_1_553' title='bbox 290 3970 347 4008; x_wconf 86' lang='lat' dir='ltr'><strong>suae</strong></span> <span class='ocrx_word' id='word_1_554' title='bbox 366 3970 431 4009; x_wconf 90' lang='lat' dir='ltr'><strong>cnm</strong></span> <span class='ocrx_word' id='word_1_555' title='bbox 450 3953 583 4008; x_wconf 91' lang='lat' dir='ltr'><strong>omuibus</strong></span> <span class='ocrx_word' id='word_1_556' title='bbox 598 3954 775 4025; x_wconf 89' lang='lat' dir='ltr'><strong>appendiciis</strong></span> <span class='ocrx_word' id='word_1_557' title='bbox 792 3954 828 4010; x_wconf 91' lang='lat' dir='ltr'><strong>ad</strong></span> <span class='ocrx_word' id='word_1_558' title='bbox 844 3971 910 4010; x_wconf 89' lang='lat' dir='ltr'><strong>eam</strong></span> <span class='ocrx_word' id='word_1_559' title='bbox 959 3952 1079 4009; x_wconf 87' lang='lat' dir='ltr'><strong>tientem</strong></span> <span class='ocrx_word' id='word_1_560' title='bbox 1092 3952 1256 4024; x_wconf 89' lang='lat' dir='ltr'><strong>subrogare.</strong></span> <span class='ocrx_word' id='word_1_561' title='bbox 1271 3952 1345 4010; x_wconf 81' lang='lat' dir='ltr'><strong>Cum</strong></span> <span class='ocrx_word' id='word_1_562' title='bbox 1358 3968 1428 4025; x_wconf 86' lang='lat' dir='ltr'><strong>orgo</strong></span> <span class='ocrx_word' id='word_1_563' title='bbox 1440 3953 1471 4008; x_wconf 92' lang='lat' dir='ltr'><strong>in</strong></span> <span class='ocrx_word' id='word_1_564' title='bbox 1483 3952 1639 4026; x_wconf 80' lang='lat' dir='ltr'><strong>Evangelio</strong></span> <span class='ocrx_word' id='word_1_565' title='bbox 1649 3953 1778 4027; x_wconf 85' lang='lat' dir='ltr'><strong>legitur:</strong></span> 
     </span>
     <span class='ocr_line' id='line_1_42' title="bbox 91 4045 1777 4121; baseline 0.002 -19"><span class='ocrx_word' id='word_1_566' title='bbox 91 4046 299 4120; x_wconf 87' lang='lat' dir='ltr'><strong>pertinentibus</strong></span> <span class='ocrx_word' id='word_1_567' title='bbox 325 4045 412 4102; x_wconf 88' lang='lat' dir='ltr'><strong>dedit.</strong></span> <span class='ocrx_word' id='word_1_568' title='bbox 439 4046 478 4101; x_wconf 94' lang='lat' dir='ltr'><strong>lbi</strong></span> <span class='ocrx_word' id='word_1_569' title='bbox 507 4046 598 4102; x_wconf 90' lang='lat' dir='ltr'><strong>tidelis</strong></span> <span class='ocrx_word' id='word_1_570' title='bbox 623 4047 729 4102; x_wconf 85' lang='lat' dir='ltr'><strong>athleta</strong></span> <span class='ocrx_word' id='word_1_571' title='bbox 752 4046 802 4102; x_wconf 78' lang='lat' dir='ltr'><strong>liei</strong></span> <span class='ocrx_word' id='word_1_572' title='bbox 826 4047 911 4104; x_wconf 83' lang='lat' dir='ltr'><strong>tudo·</strong></span> <span class='ocrx_word' id='word_1_573' title='bbox 962 4047 1064 4118; x_wconf 80' lang='lat' dir='ltr'><strong>thus&#39;d</strong></span> <span class='ocrx_word' id='word_1_574' title='bbox 1076 4049 1202 4118; x_wconf 70' lang='lat' dir='ltr'><strong>cogimus</strong></span> <span class='ocrx_word' id='word_1_575' title='bbox 1216 4048 1290 4103; x_wconf 84' lang='lat' dir='ltr'><strong>mato</strong></span> <span class='ocrx_word' id='word_1_576' title='bbox 1307 4050 1337 4102; x_wconf 86' lang='lat' dir='ltr'><strong>in</strong></span> <span class='ocrx_word' id='word_1_577' title='bbox 1356 4047 1483 4104; x_wconf 81' lang='lat' dir='ltr'><strong>cordibae</strong></span> <span class='ocrx_word' id='word_1_578' title='bbox 1496 4050 1591 4105; x_wconf 58' lang='lat' dir='ltr'><strong>verbu</strong></span> <span class='ocrx_word' id='word_1_579' title='bbox 1604 4047 1728 4121; x_wconf 60' lang='lat' dir='ltr'><strong>(licita,</strong></span> <span class='ocrx_word' id='word_1_580' title='bbox 1740 4066 1777 4118; x_wconf 89' lang='grc' dir='ltr'><strong>ιι,</strong></span> 
     </span>
     <span class='ocr_line' id='line_1_43' title="bbox 92 4137 1780 4217; baseline 0.004 -23"><span class='ocrx_word' id='word_1_581' title='bbox 92 4156 141 4195; x_wconf 93' lang='lat' dir='ltr'><strong>cus</strong></span> <span class='ocrx_word' id='word_1_582' title='bbox 155 4139 204 4194; x_wconf 94' lang='lat' dir='ltr'><strong>diu</strong></span> <span class='ocrx_word' id='word_1_583' title='bbox 218 4139 274 4192; x_wconf 87' lang='lat' dir='ltr'><strong>ileo</strong></span> <span class='ocrx_word' id='word_1_584' title='bbox 296 4137 437 4208; x_wconf 88' lang='lat' dir='ltr'><strong>militavit,</strong></span> <span class='ocrx_word' id='word_1_585' title='bbox 457 4141 486 4193; x_wconf 90' lang='lat' dir='ltr'><strong>et</strong></span> <span class='ocrx_word' id='word_1_586' title='bbox 506 4142 610 4195; x_wconf 76' lang='lat' dir='ltr'><strong>sanctae</strong></span> <span class='ocrx_word' id='word_1_587' title='bbox 633 4141 697 4196; x_wconf 82' lang='lat' dir='ltr'><strong>vitae</strong></span> <span class='ocrx_word' id='word_1_588' title='bbox 716 4156 799 4195; x_wconf 92' lang='lat' dir='ltr'><strong>cursu</strong></span> <span class='ocrx_word' id='word_1_589' title='bbox 819 4140 909 4197; x_wconf 84' lang='lat' dir='ltr'><strong>felici·</strong></span> <span class='ocrx_word' id='word_1_590' title='bbox 958 4141 1005 4212; x_wconf 76' lang='lat' dir='ltr'><strong>au</strong></span> <span class='ocrx_word' id='word_1_591' title='bbox 1026 4141 1112 4213; x_wconf 75' lang='lat' dir='ltr'><strong>coepit</strong></span> <span class='ocrx_word' id='word_1_592' title='bbox 1134 4141 1221 4197; x_wconf 90' lang='lat' dir='ltr'><strong>miser</strong></span> <span class='ocrx_word' id='word_1_593' title='bbox 1248 4141 1303 4197; x_wconf 88' lang='lat' dir='ltr'><strong>alte</strong></span> <span class='ocrx_word' id='word_1_594' title='bbox 1327 4141 1485 4212; x_wconf 78' lang='lat' dir='ltr'><strong>vociferari,</strong></span> <span class='ocrx_word' id='word_1_595' title='bbox 1511 4141 1693 4199; x_wconf 80' lang='lat' dir='ltr'><strong>invisibiliter</strong></span> <span class='ocrx_word' id='word_1_596' title='bbox 1717 4160 1780 4217; x_wconf 88' lang='lat' dir='ltr'><strong>per·</strong></span> 
     </span>
     <span class='ocr_line' id='line_1_44' title="bbox 91 4230 1781 4309; baseline 0.003 -21"><span class='ocrx_word' id='word_1_597' title='bbox 91 4236 352 4301; x_wconf 87' lang='lat' dir='ltr'><strong>terconsummato,</strong></span> <span class='ocrx_word' id='word_1_598' title='bbox 367 4230 433 4287; x_wconf 94' lang='lat' dir='ltr'><strong>ldus</strong></span> <span class='ocrx_word' id='word_1_599' title='bbox 453 4233 615 4288; x_wconf 81' lang='lat' dir='ltr'><strong>Decembris</strong></span> <span class='ocrx_word' id='word_1_600' title='bbox 637 4233 672 4288; x_wconf 92' lang='lat' dir='ltr'><strong>ad</strong></span> <span class='ocrx_word' id='word_1_601' title='bbox 692 4233 836 4289; x_wconf 78' lang='lat' dir='ltr'><strong>Christum</strong></span> <span class='ocrx_word' id='word_1_602' title='bbox 854 4234 908 4289; x_wconf 90' lang='lat' dir='ltr'><strong>mi·</strong></span> <span class='ocrx_word' id='word_1_603' title='bbox 959 4250 1073 4304; x_wconf 81' lang='lat' dir='ltr'><strong>cussus3</strong></span> <span class='ocrx_word' id='word_1_604' title='bbox 1094 4235 1181 4291; x_wconf 89' lang='lat' dir='ltr'><strong>tertio</strong></span> <span class='ocrx_word' id='word_1_605' title='bbox 1198 4238 1325 4303; x_wconf 84' lang='lat' dir='ltr'><strong>vexatus,</strong></span> <span class='ocrx_word' id='word_1_606' title='bbox 1345 4236 1481 4293; x_wconf 89' lang='lat' dir='ltr'><strong>divinitus</strong></span> <span class='ocrx_word' id='word_1_607' title='bbox 1501 4236 1618 4294; x_wconf 90' lang='lat' dir='ltr'><strong>tandem</strong></span> <span class='ocrx_word' id='word_1_608' title='bbox 1637 4237 1781 4309; x_wconf 90' lang='lat' dir='ltr'><strong>impulsus</strong></span> 
     </span>
     <span class='ocr_line' id='line_1_45' title="bbox 12 4315 1778 4403; baseline 0.003 -21"><span class='ocrx_word' id='word_1_609' title='bbox 12 4315 15 4321; x_wconf 74' lang='grc'><strong>’</strong></span> <span class='ocrx_word' id='word_1_610' title='bbox 91 4326 193 4398; x_wconf 88' lang='lat' dir='ltr'><strong>gravit.</strong></span> <span class='ocrx_word' id='word_1_611' title='bbox 959 4329 1076 4399; x_wconf 90' lang='lat' dir='ltr'><strong>corruit,</strong></span> <span class='ocrx_word' id='word_1_612' title='bbox 1099 4332 1129 4384; x_wconf 90' lang='lat' dir='ltr'><strong>et</strong></span> <span class='ocrx_word' id='word_1_613' title='bbox 1151 4329 1297 4401; x_wconf 90' lang='lat' dir='ltr'><strong>sanguinis</strong></span> <span class='ocrx_word' id='word_1_614' title='bbox 1324 4331 1474 4403; x_wconf 90' lang='lat' dir='ltr'><strong>coagulum</strong></span> <span class='ocrx_word' id='word_1_615' title='bbox 1500 4330 1537 4386; x_wconf 93' lang='lat' dir='ltr'><strong>ab</strong></span> <span class='ocrx_word' id='word_1_616' title='bbox 1562 4347 1611 4388; x_wconf 89' lang='lat' dir='ltr'><strong>ore</strong></span> <span class='ocrx_word' id='word_1_617' title='bbox 1636 4332 1778 4388; x_wconf 87' lang='lat' dir='ltr'><strong>evomuit.</strong></span> 
     </span>
     <span class='ocr_line' id='line_1_46' title="bbox 128 4413 1780 4498; baseline 0.003 -22"><span class='ocrx_word' id='word_1_618' title='bbox 128 4421 188 4475; x_wconf 84' lang='lat' dir='ltr'><strong>[luo</strong></span> <span class='ocrx_word' id='word_1_619' title='bbox 208 4424 325 4492; x_wconf 89' lang='lat' dir='ltr'><strong>nepotes</strong></span> <span class='ocrx_word' id='word_1_620' title='bbox 345 4419 416 4492; x_wconf 91' lang='lat' dir='ltr'><strong>ejus,</strong></span> <span class='ocrx_word' id='word_1_621' title='bbox 440 4419 614 4476; x_wconf 89' lang='lat' dir='ltr'><strong>Wiunochus</strong></span> <span class='ocrx_word' id='word_1_622' title='bbox 633 4424 663 4475; x_wconf 92' lang='lat' dir='ltr'><strong>et</strong></span> <span class='ocrx_word' id='word_1_623' title='bbox 680 4422 839 4490; x_wconf 72' lang='lat' dir='ltr'><strong>arnochus,</strong></span> <span class='ocrx_word' id='word_1_624' title='bbox 854 4413 1024 4485; x_wconf 80' lang='lat' dir='ltr'><strong>ibt-Drost</strong></span> <span class='ocrx_word' id='word_1_625' title='bbox 1045 4421 1173 4489; x_wconf 89' lang='lat' dir='ltr'><strong>missam,</strong></span> <span class='ocrx_word' id='word_1_626' title='bbox 1194 4422 1274 4494; x_wconf 86' lang='lat' dir='ltr'><strong>jussu</strong></span> <span class='ocrx_word' id='word_1_627' title='bbox 1294 4423 1443 4495; x_wconf 89' lang='lat' dir='ltr'><strong>sigemani</strong></span> <span class='ocrx_word' id='word_1_628' title='bbox 1465 4424 1565 4480; x_wconf 76' lang='lat' dir='ltr'><strong>editui</strong></span> <span class='ocrx_word' id='word_1_629' title='bbox 1584 4424 1661 4480; x_wconf 79' lang='lat' dir='ltr'><strong>iores</strong></span> <span class='ocrx_word' id='word_1_630' title='bbox 1683 4441 1780 4498; x_wconf 88' lang='lat' dir='ltr'><strong>aspor-</strong></span> 
     </span>
     <span class='ocr_line' id='line_1_47' title="bbox 92 4515 1779 4588; baseline 0.003 -17"><span class='ocrx_word' id='word_1_631' title='bbox 92 4515 157 4571; x_wconf 89' lang='lat' dir='ltr'><strong>dem</strong></span> <span class='ocrx_word' id='word_1_632' title='bbox 175 4515 201 4570; x_wconf 90' lang='lat' dir='ltr'><strong>ei</strong></span> <span class='ocrx_word' id='word_1_633' title='bbox 216 4518 422 4582; x_wconf 88' lang='lat' dir='ltr'><strong>successemnt,</strong></span> <span class='ocrx_word' id='word_1_634' title='bbox 441 4518 470 4568; x_wconf 88' lang='lat' dir='ltr'><strong>et</strong></span> <span class='ocrx_word' id='word_1_635' title='bbox 488 4517 618 4570; x_wconf 88' lang='lat' dir='ltr'><strong>sanctum</strong></span> <span class='ocrx_word' id='word_1_636' title='bbox 634 4531 746 4586; x_wconf 88' lang='lat' dir='ltr'><strong>corpus,</strong></span> <span class='ocrx_word' id='word_1_637' title='bbox 767 4516 843 4588; x_wconf 89' lang='lat' dir='ltr'><strong>quod</strong></span> <span class='ocrx_word' id='word_1_638' title='bbox 858 4516 907 4572; x_wconf 92' lang='lat' dir='ltr'><strong>diu</strong></span> <span class='ocrx_word' id='word_1_639' title='bbox 956 4521 1029 4573; x_wconf 90' lang='lat' dir='ltr'><strong>tatus</strong></span> <span class='ocrx_word' id='word_1_640' title='bbox 1044 4520 1096 4583; x_wconf 88' lang='lat' dir='ltr'><strong>cst,</strong></span> <span class='ocrx_word' id='word_1_641' title='bbox 1112 4519 1141 4572; x_wconf 90' lang='lat' dir='ltr'><strong>et</strong></span> <span class='ocrx_word' id='word_1_642' title='bbox 1155 4517 1185 4572; x_wconf 94' lang='lat' dir='ltr'><strong>in</strong></span> <span class='ocrx_word' id='word_1_643' title='bbox 1203 4517 1359 4573; x_wconf 88' lang='lat' dir='ltr'><strong>crastinum</strong></span> <span class='ocrx_word' id='word_1_644' title='bbox 1373 4518 1482 4576; x_wconf 88' lang='lat' dir='ltr'><strong>meritis</strong></span> <span class='ocrx_word' id='word_1_645' title='bbox 1501 4519 1589 4576; x_wconf 89' lang='lat' dir='ltr'><strong>saneti</strong></span> <span class='ocrx_word' id='word_1_646' title='bbox 1608 4518 1712 4576; x_wconf 82' lang='lat' dir='ltr'><strong>tadoci</strong></span> <span class='ocrx_word' id='word_1_647' title='bbox 1736 4536 1779 4575; x_wconf 93' lang='lat' dir='ltr'><strong>sa·</strong></span> 
     </span>
     <span class='ocr_line' id='line_1_48' title="bbox 89 4608 1779 4687; baseline 0.004 -21"><span class='ocrx_word' id='word_1_648' title='bbox 89 4611 289 4681; x_wconf 89' lang='lat' dir='ltr'><strong>incorruptum</strong></span> <span class='ocrx_word' id='word_1_649' title='bbox 317 4608 437 4680; x_wconf 87' lang='lat' dir='ltr'><strong>mansit,</strong></span> <span class='ocrx_word' id='word_1_650' title='bbox 467 4609 632 4681; x_wconf 88' lang='lat' dir='ltr'><strong>lroquenter</strong></span> <span class='ocrx_word' id='word_1_651' title='bbox 656 4624 730 4681; x_wconf 90' lang='lat' dir='ltr'><strong>aqua</strong></span> <span class='ocrx_word' id='word_1_652' title='bbox 758 4610 852 4665; x_wconf 90' lang='lat' dir='ltr'><strong>lavare</strong></span> <span class='ocrx_word' id='word_1_653' title='bbox 880 4614 908 4666; x_wconf 91' lang='lat' dir='ltr'><strong>et</strong></span> <span class='ocrx_word' id='word_1_654' title='bbox 956 4625 1024 4665; x_wconf 90' lang='lat' dir='ltr'><strong>nam</strong></span> <span class='ocrx_word' id='word_1_655' title='bbox 1037 4615 1163 4667; x_wconf 88' lang='lat' dir='ltr'><strong>mentam</strong></span> <span class='ocrx_word' id='word_1_656' title='bbox 1177 4611 1293 4683; x_wconf 90' lang='lat' dir='ltr'><strong>recepit.</strong></span> <span class='ocrx_word' id='word_1_657' title='bbox 1314 4613 1371 4667; x_wconf 89' lang='lat' dir='ltr'><strong>lloo</strong></span> <span class='ocrx_word' id='word_1_658' title='bbox 1387 4617 1515 4684; x_wconf 88' lang='lat' dir='ltr'><strong>tempore</strong></span> <span class='ocrx_word' id='word_1_659' title='bbox 1534 4612 1662 4684; x_wconf 82' lang='lat' dir='ltr'><strong>lingonis</strong></span> <span class='ocrx_word' id='word_1_660' title='bbox 1682 4614 1779 4687; x_wconf 80' lang='lat' dir='ltr'><strong>llagni</strong></span> 
     </span>
     <span class='ocr_line' id='line_1_49' title="bbox 89 4702 1087 4775; baseline -0.001 -15"><span class='ocrx_word' id='word_1_661' title='bbox 89 4702 207 4760; x_wconf 86' lang='lat' dir='ltr'><strong>condire</strong></span> <span class='ocrx_word' id='word_1_662' title='bbox 230 4708 447 4759; x_wconf 88' lang='lat' dir='ltr'><strong>consueverunt.</strong></span> <span class='ocrx_word' id='word_1_663' title='bbox 476 4702 655 4758; x_wconf 83' lang='lat' dir='ltr'><strong>hroohtricus</strong></span> <span class='ocrx_word' id='word_1_664' title='bbox 680 4702 735 4758; x_wconf 80' lang='lat' dir='ltr'><strong>dur</strong></span> <span class='ocrx_word' id='word_1_665' title='bbox 762 4702 907 4759; x_wconf 90' lang='lat' dir='ltr'><strong>tlaimonis</strong></span> <span class='ocrx_word' id='word_1_666' title='bbox 956 4704 1087 4775; x_wconf 88' lang='lat' dir='ltr'><strong>contigit.</strong></span> 
     </span>
     <span class='ocr_line' id='line_1_50' title="bbox 89 4795 1778 4874; baseline 0.003 -22"><span class='ocrx_word' id='word_1_667' title='bbox 89 4811 235 4852; x_wconf 90' lang='lat' dir='ltr'><strong>successor</strong></span> <span class='ocrx_word' id='word_1_668' title='bbox 256 4796 311 4852; x_wconf 92' lang='lat' dir='ltr'><strong>hoc</strong></span> <span class='ocrx_word' id='word_1_669' title='bbox 332 4795 453 4864; x_wconf 88' lang='lat' dir='ltr'><strong>audivit,</strong></span> <span class='ocrx_word' id='word_1_670' title='bbox 471 4796 520 4851; x_wconf 89' lang='lat' dir='ltr'><strong>sed</strong></span> <span class='ocrx_word' id='word_1_671' title='bbox 543 4796 658 4852; x_wconf 89' lang='lat' dir='ltr'><strong>credere</strong></span> <span class='ocrx_word' id='word_1_672' title='bbox 681 4795 830 4852; x_wconf 90' lang='lat' dir='ltr'><strong>dubitavit.</strong></span> <span class='ocrx_word' id='word_1_673' title='bbox 849 4797 906 4853; x_wconf 89' lang='lat' dir='ltr'><strong>iloc</strong></span> <span class='ocrx_word' id='word_1_674' title='bbox 992 4797 1099 4853; x_wconf 86' lang='lat' dir='ltr'><strong>Eadem</strong></span> <span class='ocrx_word' id='word_1_675' title='bbox 1119 4798 1175 4868; x_wconf 89' lang='lat' dir='ltr'><strong>die,</strong></span> <span class='ocrx_word' id='word_1_676' title='bbox 1198 4799 1366 4855; x_wconf 83' lang='lat' dir='ltr'><strong>ostrehildis</strong></span> <span class='ocrx_word' id='word_1_677' title='bbox 1388 4800 1494 4856; x_wconf 91' lang='lat' dir='ltr'><strong>mulier</strong></span> <span class='ocrx_word' id='word_1_678' title='bbox 1518 4800 1652 4874; x_wconf 75' lang='lat' dir='ltr'><strong>quadam</strong></span> <span class='ocrx_word' id='word_1_679' title='bbox 1677 4802 1778 4873; x_wconf 87' lang='lat' dir='ltr'><strong>egredi</strong></span> 
     </span>
     <span class='ocr_line' id='line_1_51' title="bbox 90 4888 1778 4964; baseline 0.004 -20"><span class='ocrx_word' id='word_1_680' title='bbox 90 4888 179 4962; x_wconf 90' lang='lat' dir='ltr'><strong>igitur</strong></span> <span class='ocrx_word' id='word_1_681' title='bbox 189 4890 345 4962; x_wconf 89' lang='lat' dir='ltr'><strong>procaciter</strong></span> <span class='ocrx_word' id='word_1_682' title='bbox 356 4891 505 4962; x_wconf 84' lang='lat' dir='ltr'><strong>explorare</strong></span> <span class='ocrx_word' id='word_1_683' title='bbox 519 4890 625 4959; x_wconf 88' lang='lat' dir='ltr'><strong>volens,</strong></span> <span class='ocrx_word' id='word_1_684' title='bbox 638 4890 665 4945; x_wconf 94' lang='lat' dir='ltr'><strong>vi</strong></span> <span class='ocrx_word' id='word_1_685' title='bbox 680 4905 793 4946; x_wconf 88' lang='lat' dir='ltr'><strong>sacmm</strong></span> <span class='ocrx_word' id='word_1_686' title='bbox 811 4892 905 4964; x_wconf 90' lang='lat' dir='ltr'><strong>scpul-</strong></span> <span class='ocrx_word' id='word_1_687' title='bbox 957 4894 1021 4963; x_wconf 92' lang='lat' dir='ltr'><strong>post</strong></span> <span class='ocrx_word' id='word_1_688' title='bbox 1050 4891 1164 4947; x_wconf 89' lang='lat' dir='ltr'><strong>missam</strong></span> <span class='ocrx_word' id='word_1_689' title='bbox 1192 4892 1226 4948; x_wconf 88' lang='lat' dir='ltr'><strong>da</strong></span> <span class='ocrx_word' id='word_1_690' title='bbox 1255 4893 1371 4948; x_wconf 89' lang='lat' dir='ltr'><strong>basilica</strong></span> <span class='ocrx_word' id='word_1_691' title='bbox 1401 4893 1575 4962; x_wconf 87' lang='lat' dir='ltr'><strong>conabatur,</strong></span> <span class='ocrx_word' id='word_1_692' title='bbox 1602 4894 1654 4951; x_wconf 87' lang='lat' dir='ltr'><strong>sed</strong></span> <span class='ocrx_word' id='word_1_693' title='bbox 1680 4895 1722 4952; x_wconf 88' lang='lat' dir='ltr'><strong>ita</strong></span> <span class='ocrx_word' id='word_1_694' title='bbox 1748 4895 1778 4951; x_wconf 96' lang='lat' dir='ltr'><strong>in</strong></span> 
     </span>
     <span class='ocr_line' id='line_1_52' title="bbox 89 4983 1778 5059; baseline 0.004 -20"><span class='ocrx_word' id='word_1_695' title='bbox 89 4998 171 5039; x_wconf 90' lang='lat' dir='ltr'><strong>crum</strong></span> <span class='ocrx_word' id='word_1_696' title='bbox 190 4983 297 5055; x_wconf 91' lang='lat' dir='ltr'><strong>aperiri</strong></span> <span class='ocrx_word' id='word_1_697' title='bbox 317 4983 393 5052; x_wconf 83' lang='lat' dir='ltr'><strong>fecit,</strong></span> <span class='ocrx_word' id='word_1_698' title='bbox 407 4990 434 5039; x_wconf 93' lang='lat' dir='ltr'><strong>et</strong></span> <span class='ocrx_word' id='word_1_699' title='bbox 448 4983 523 5040; x_wconf 90' lang='lat' dir='ltr'><strong>intus</strong></span> <span class='ocrx_word' id='word_1_700' title='bbox 541 4984 732 5040; x_wconf 86' lang='lat' dir='ltr'><strong>irreverenter</strong></span> <span class='ocrx_word' id='word_1_701' title='bbox 745 4985 864 5041; x_wconf 89' lang='lat' dir='ltr'><strong>intuitus</strong></span> <span class='ocrx_word' id='word_1_702' title='bbox 878 4991 908 5042; x_wconf 90' lang='lat' dir='ltr'><strong>et</strong></span> <span class='ocrx_word' id='word_1_703' title='bbox 957 4983 1057 5040; x_wconf 90' lang='lat' dir='ltr'><strong>limine</strong></span> <span class='ocrx_word' id='word_1_704' title='bbox 1066 4986 1164 5057; x_wconf 86' lang='lat' dir='ltr'><strong>januae</strong></span> <span class='ocrx_word' id='word_1_705' title='bbox 1175 4986 1282 5058; x_wconf 91' lang='lat' dir='ltr'><strong>pedum</strong></span> <span class='ocrx_word' id='word_1_706' title='bbox 1295 4986 1356 5058; x_wconf 87' lang='lat' dir='ltr'><strong>ejus</strong></span> <span class='ocrx_word' id='word_1_707' title='bbox 1366 4987 1469 5059; x_wconf 78' lang='lat' dir='ltr'><strong>plantae</strong></span> <span class='ocrx_word' id='word_1_708' title='bbox 1481 4986 1629 5044; x_wconf 82' lang='lat' dir='ltr'><strong>haeserunt</strong></span> <span class='ocrx_word' id='word_1_709' title='bbox 1639 4992 1674 5044; x_wconf 88' lang='lat' dir='ltr'><strong>ut</strong></span> <span class='ocrx_word' id='word_1_710' title='bbox 1686 4989 1778 5045; x_wconf 88' lang='lat' dir='ltr'><strong>nulla·</strong></span> 
     </span>
     <span class='ocr_line' id='line_1_53' title="bbox 91 5076 1778 5154; baseline 0.004 -22"><span class='ocrx_word' id='word_1_711' title='bbox 91 5091 157 5132; x_wconf 84' lang='lat' dir='ltr'><strong>mox</strong></span> <span class='ocrx_word' id='word_1_712' title='bbox 172 5076 396 5148; x_wconf 76' lang='lat' dir='ltr'><strong>exterritustait:</strong></span> <span class='ocrx_word' id='word_1_713' title='bbox 416 5099 429 5126; x_wconf 93' lang='lat'>«</span> <span class='ocrx_word' id='word_1_714' title='bbox 443 5077 484 5134; x_wconf 75' lang='lat' dir='ltr'><strong>Ah</strong></span> <span class='ocrx_word' id='word_1_715' title='bbox 521 5077 748 5135; x_wconf 78' lang='lat' dir='ltr'><strong>sanctetudocet</strong></span> <span class='ocrx_word' id='word_1_716' title='bbox 768 5099 782 5128; x_wconf 77' lang='lat' dir='ltr'><strong>n</strong></span> <span class='ocrx_word' id='word_1_717' title='bbox 805 5078 907 5134; x_wconf 89' lang='lat' dir='ltr'><strong>Statim</strong></span> <span class='ocrx_word' id='word_1_718' title='bbox 956 5083 1041 5135; x_wconf 89' lang='lat' dir='ltr'><strong>tenus</strong></span> <span class='ocrx_word' id='word_1_719' title='bbox 1059 5096 1077 5134; x_wconf 90' lang='lat' dir='ltr'><strong>a</strong></span> <span class='ocrx_word' id='word_1_720' title='bbox 1095 5096 1240 5153; x_wconf 91' lang='lat' dir='ltr'><strong>quoquam</strong></span> <span class='ocrx_word' id='word_1_721' title='bbox 1263 5079 1357 5137; x_wconf 93' lang='lat' dir='ltr'><strong>divelli</strong></span> <span class='ocrx_word' id='word_1_722' title='bbox 1378 5084 1483 5154; x_wconf 90' lang='lat' dir='ltr'><strong>posset,</strong></span> <span class='ocrx_word' id='word_1_723' title='bbox 1505 5087 1534 5138; x_wconf 91' lang='lat' dir='ltr'><strong>et</strong></span> <span class='ocrx_word' id='word_1_724' title='bbox 1551 5081 1593 5137; x_wconf 92' lang='lat' dir='ltr'><strong>nil</strong></span> <span class='ocrx_word' id='word_1_725' title='bbox 1617 5082 1695 5154; x_wconf 89' lang='lat' dir='ltr'><strong>mali,</strong></span> <span class='ocrx_word' id='word_1_726' title='bbox 1721 5084 1778 5140; x_wconf 90' lang='lat' dir='ltr'><strong>nisi</strong></span> 
     </span>
     <span class='ocr_line' id='line_1_54' title="bbox 89 5169 1779 5248; baseline 0.006 -25"><span class='ocrx_word' id='word_1_727' title='bbox 89 5170 190 5225; x_wconf 88' lang='lat' dir='ltr'><strong>surdus</strong></span> <span class='ocrx_word' id='word_1_728' title='bbox 208 5172 237 5224; x_wconf 92' lang='lat' dir='ltr'><strong>et</strong></span> <span class='ocrx_word' id='word_1_729' title='bbox 257 5173 351 5225; x_wconf 89' lang='lat' dir='ltr'><strong>mutus</strong></span> <span class='ocrx_word' id='word_1_730' title='bbox 371 5169 462 5225; x_wconf 88' lang='lat' dir='ltr'><strong>lactus</strong></span> <span class='ocrx_word' id='word_1_731' title='bbox 487 5175 539 5239; x_wconf 89' lang='lat' dir='ltr'><strong>est,</strong></span> <span class='ocrx_word' id='word_1_732' title='bbox 563 5176 592 5225; x_wconf 89' lang='lat' dir='ltr'><strong>et</strong></span> <span class='ocrx_word' id='word_1_733' title='bbox 613 5186 702 5244; x_wconf 90' lang='lat' dir='ltr'><strong>usque</strong></span> <span class='ocrx_word' id='word_1_734' title='bbox 724 5172 759 5227; x_wconf 92' lang='lat' dir='ltr'><strong>ad</strong></span> <span class='ocrx_word' id='word_1_735' title='bbox 785 5176 906 5229; x_wconf 88' lang='lat' dir='ltr'><strong>mortem</strong></span> <span class='ocrx_word' id='word_1_736' title='bbox 956 5173 1034 5247; x_wconf 91' lang='lat' dir='ltr'><strong>quod</strong></span> <span class='ocrx_word' id='word_1_737' title='bbox 1047 5190 1065 5229; x_wconf 93' lang='lat' dir='ltr'><strong>a</strong></span> <span class='ocrx_word' id='word_1_738' title='bbox 1078 5174 1200 5245; x_wconf 84' lang='lat' dir='ltr'><strong>genibus</strong></span> <span class='ocrx_word' id='word_1_739' title='bbox 1220 5190 1310 5248; x_wconf 84' lang='lat' dir='ltr'><strong>usque</strong></span> <span class='ocrx_word' id='word_1_740' title='bbox 1325 5176 1453 5247; x_wconf 89' lang='lat' dir='ltr'><strong>plantam</strong></span> <span class='ocrx_word' id='word_1_741' title='bbox 1477 5176 1560 5248; x_wconf 86' lang='lat' dir='ltr'><strong>pedis</strong></span> <span class='ocrx_word' id='word_1_742' title='bbox 1581 5175 1709 5234; x_wconf 92' lang='lat' dir='ltr'><strong>nimium</strong></span> <span class='ocrx_word' id='word_1_743' title='bbox 1731 5177 1779 5233; x_wconf 87' lang='lat' dir='ltr'><strong>lri·</strong></span> 
     </span>
     <span class='ocr_line' id='line_1_55' title="bbox 88 5262 1780 5342; baseline 0.005 -23"><span class='ocrx_word' id='word_1_744' title='bbox 88 5262 166 5319; x_wconf 91' lang='lat' dir='ltr'><strong>omni</strong></span> <span class='ocrx_word' id='word_1_745' title='bbox 182 5278 300 5335; x_wconf 92' lang='lat' dir='ltr'><strong>corpore</strong></span> <span class='ocrx_word' id='word_1_746' title='bbox 322 5262 484 5319; x_wconf 87' lang='lat' dir='ltr'><strong>debilitatus</strong></span> <span class='ocrx_word' id='word_1_747' title='bbox 504 5267 555 5320; x_wconf 92' lang='lat' dir='ltr'><strong>est.</strong></span> <span class='ocrx_word' id='word_1_748' title='bbox 570 5265 645 5321; x_wconf 82' lang='lat' dir='ltr'><strong>Uxor</strong></span> <span class='ocrx_word' id='word_1_749' title='bbox 660 5270 756 5322; x_wconf 89' lang='lat' dir='ltr'><strong>antem</strong></span> <span class='ocrx_word' id='word_1_750' title='bbox 776 5267 837 5339; x_wconf 86' lang='lat' dir='ltr'><strong>ejus</strong></span> <span class='ocrx_word' id='word_1_751' title='bbox 862 5266 905 5322; x_wconf 92' lang='lat' dir='ltr'><strong>iu·</strong></span> <span class='ocrx_word' id='word_1_752' title='bbox 957 5285 1010 5342; x_wconf 89' lang='lat' dir='ltr'><strong>gns</strong></span> <span class='ocrx_word' id='word_1_753' title='bbox 1031 5267 1181 5325; x_wconf 87' lang='lat' dir='ltr'><strong>sentiebat.</strong></span> <span class='ocrx_word' id='word_1_754' title='bbox 1207 5269 1237 5324; x_wconf 93' lang='lat' dir='ltr'><strong>tn</strong></span> <span class='ocrx_word' id='word_1_755' title='bbox 1256 5269 1382 5327; x_wconf 88' lang='lat' dir='ltr'><strong>erastino</strong></span> <span class='ocrx_word' id='word_1_756' title='bbox 1394 5285 1425 5325; x_wconf 89' lang='lat' dir='ltr'><strong>ss</strong></span> <span class='ocrx_word' id='word_1_757' title='bbox 1443 5270 1546 5327; x_wconf 86' lang='lat' dir='ltr'><strong>heost</strong></span> <span class='ocrx_word' id='word_1_758' title='bbox 1559 5275 1658 5327; x_wconf 86' lang='lat' dir='ltr'><strong>sancto</strong></span> <span class='ocrx_word' id='word_1_759' title='bbox 1670 5270 1780 5328; x_wconf 80' lang='lat' dir='ltr'><strong>tndooo</strong></span> 
     </span>
     <span class='ocr_line' id='line_1_56' title="bbox 88 5355 1777 5437; baseline 0.007 -25"><span class='ocrx_word' id='word_1_760' title='bbox 88 5356 213 5414; x_wconf 78' lang='lat' dir='ltr'><strong>fortunio</strong></span> <span class='ocrx_word' id='word_1_761' title='bbox 231 5356 284 5412; x_wconf 93' lang='lat' dir='ltr'><strong>viri</strong></span> <span class='ocrx_word' id='word_1_762' title='bbox 296 5355 399 5413; x_wconf 85' lang='lat' dir='ltr'><strong>territa</strong></span> <span class='ocrx_word' id='word_1_763' title='bbox 415 5356 451 5412; x_wconf 92' lang='lat' dir='ltr'><strong>ad</strong></span> <span class='ocrx_word' id='word_1_764' title='bbox 465 5358 556 5413; x_wconf 84' lang='lat' dir='ltr'><strong>Deum</strong></span> <span class='ocrx_word' id='word_1_765' title='bbox 574 5358 725 5431; x_wconf 87' lang='lat' dir='ltr'><strong>ingemuit,</strong></span> <span class='ocrx_word' id='word_1_766' title='bbox 745 5366 774 5416; x_wconf 90' lang='lat' dir='ltr'><strong>et</strong></span> <span class='ocrx_word' id='word_1_767' title='bbox 786 5376 838 5433; x_wconf 92' lang='lat' dir='ltr'><strong>pro</strong></span> <span class='ocrx_word' id='word_1_768' title='bbox 852 5361 906 5417; x_wconf 90' lang='lat' dir='ltr'><strong>sal-</strong></span> <span class='ocrx_word' id='word_1_769' title='bbox 956 5363 1089 5419; x_wconf 87' lang='lat' dir='ltr'><strong>ancillam</strong></span> <span class='ocrx_word' id='word_1_770' title='bbox 1107 5362 1230 5432; x_wconf 88' lang='lat' dir='ltr'><strong>devovit,</strong></span> <span class='ocrx_word' id='word_1_771' title='bbox 1248 5363 1406 5437; x_wconf 88' lang='lat' dir='ltr'><strong>statimque</strong></span> <span class='ocrx_word' id='word_1_772' title='bbox 1425 5369 1525 5422; x_wconf 75' lang='lat' dir='ltr'><strong>mnata</strong></span> <span class='ocrx_word' id='word_1_773' title='bbox 1546 5365 1593 5437; x_wconf 88' lang='lat' dir='ltr'><strong>pie</strong></span> <span class='ocrx_word' id='word_1_774' title='bbox 1608 5368 1675 5422; x_wconf 89' lang='lat' dir='ltr'><strong>vota</strong></span> <span class='ocrx_word' id='word_1_775' title='bbox 1695 5382 1777 5424; x_wconf 84' lang='lat' dir='ltr'><strong>conr-</strong></span> 
     </span>
     <span class='ocr_line' id='line_1_57' title="bbox 87 5450 1057 5532; baseline 0.007 -26"><span class='ocrx_word' id='word_1_776' title='bbox 87 5451 203 5507; x_wconf 90' lang='lat' dir='ltr'><strong>vatione</strong></span> <span class='ocrx_word' id='word_1_777' title='bbox 222 5450 327 5507; x_wconf 81' lang='lat' dir='ltr'><strong>animoe</strong></span> <span class='ocrx_word' id='word_1_778' title='bbox 345 5450 415 5507; x_wconf 90' lang='lat' dir='ltr'><strong>duas</strong></span> <span class='ocrx_word' id='word_1_779' title='bbox 435 5451 513 5507; x_wconf 90' lang='lat' dir='ltr'><strong>villas</strong></span> <span class='ocrx_word' id='word_1_780' title='bbox 534 5452 744 5524; x_wconf 81' lang='lat' dir='ltr'><strong>crispiniacum</strong></span> <span class='ocrx_word' id='word_1_781' title='bbox 761 5457 790 5509; x_wconf 87' lang='lat' dir='ltr'><strong>et</strong></span> <span class='ocrx_word' id='word_1_782' title='bbox 808 5455 905 5512; x_wconf 88' lang='lat' dir='ltr'><strong>Netre·</strong></span> <span class='ocrx_word' id='word_1_783' title='bbox 956 5457 1057 5532; x_wconf 89' lang='lat' dir='ltr'><strong>plevit.</strong></span> 
     </span>
     <span class='ocr_line' id='line_1_58' title="bbox 87 5544 1777 5621; baseline 0.008 -21"><span class='ocrx_word' id='word_1_784' title='bbox 87 5544 182 5601; x_wconf 90' lang='lat' dir='ltr'><strong>villam</strong></span> <span class='ocrx_word' id='word_1_785' title='bbox 195 5548 294 5601; x_wconf 88' lang='lat' dir='ltr'><strong>sancto</strong></span> <span class='ocrx_word' id='word_1_786' title='bbox 303 5544 412 5601; x_wconf 83' lang='lat' dir='ltr'><strong>tndoco</strong></span> <span class='ocrx_word' id='word_1_787' title='bbox 422 5544 511 5602; x_wconf 92' lang='lat' dir='ltr'><strong>dedit.</strong></span> <span class='ocrx_word' id='word_1_788' title='bbox 525 5546 589 5602; x_wconf 70' lang='lat' dir='ltr'><strong>ilaec</strong></span> <span class='ocrx_word' id='word_1_789' title='bbox 601 5547 695 5620; x_wconf 88' lang='lat' dir='ltr'><strong>itaque</strong></span> <span class='ocrx_word' id='word_1_790' title='bbox 708 5552 837 5621; x_wconf 90' lang='lat' dir='ltr'><strong>tempore</strong></span> <span class='ocrx_word' id='word_1_791' title='bbox 852 5550 907 5605; x_wconf 84' lang='lat' dir='ltr'><strong>lla·</strong></span> <span class='ocrx_word' id='word_1_792' title='bbox 990 5555 1013 5607; x_wconf 78' lang='grc' dir='ltr'><strong>Α</strong></span> <span class='ocrx_word' id='word_1_793' title='bbox 1026 5552 1174 5609; x_wconf 90' lang='lat' dir='ltr'><strong>veracibus</strong></span> <span class='ocrx_word' id='word_1_794' title='bbox 1188 5551 1257 5608; x_wconf 86' lang='lat' dir='ltr'><strong>viris</strong></span> <span class='ocrx_word' id='word_1_795' title='bbox 1274 5551 1421 5611; x_wconf 69' lang='lat' dir='ltr'><strong>adelelmo</strong></span> <span class='ocrx_word' id='word_1_796' title='bbox 1433 5556 1465 5611; x_wconf 88' lang='lat' dir='ltr'><strong>et</strong></span> <span class='ocrx_word' id='word_1_797' title='bbox 1475 5552 1611 5612; x_wconf 85' lang='lat' dir='ltr'><strong>itieherio</strong></span> <span class='ocrx_word' id='word_1_798' title='bbox 1631 5554 1777 5613; x_wconf 76' lang='lat' dir='ltr'><strong>monacho</strong></span> 
     </span>
     <span class='ocr_line' id='line_1_59' title="bbox 90 5637 1779 5722; baseline 0.008 -27"><span class='ocrx_word' id='word_1_799' title='bbox 90 5637 201 5713; x_wconf 90' lang='lat' dir='ltr'><strong>goberti</strong></span> <span class='ocrx_word' id='word_1_800' title='bbox 229 5638 278 5695; x_wconf 86' lang='lat' dir='ltr'><strong>lilii</strong></span> <span class='ocrx_word' id='word_1_801' title='bbox 311 5638 434 5696; x_wconf 85' lang='lat' dir='ltr'><strong>Lotharii</strong></span> <span class='ocrx_word' id='word_1_802' title='bbox 466 5641 575 5713; x_wconf 87' lang='lat' dir='ltr'><strong>ttagni,</strong></span> <span class='ocrx_word' id='word_1_803' title='bbox 608 5641 685 5714; x_wconf 89' lang='lat' dir='ltr'><strong>regis</strong></span> <span class='ocrx_word' id='word_1_804' title='bbox 717 5641 905 5714; x_wconf 81' lang='lat' dir='ltr'><strong>Francorum,</strong></span> <span class='ocrx_word' id='word_1_805' title='bbox 958 5646 1779 5722; x_wconf 74' lang='lat' dir='ltr'><strong>narraturqnod,damastephanoreliquiaesanotitudooi</strong></span> 
     </span>
     <span class='ocr_line' id='line_1_60' title="bbox 90 5735 1776 5815; baseline 0.009 -25"><span class='ocrx_word' id='word_1_806' title='bbox 90 5735 173 5806; x_wconf 85' lang='lat' dir='ltr'><strong>gesta</strong></span> <span class='ocrx_word' id='word_1_807' title='bbox 186 5736 262 5791; x_wconf 88' lang='lat' dir='ltr'><strong>sunt.</strong></span> <span class='ocrx_word' id='word_1_808' title='bbox 958 5755 1010 5815; x_wconf 94' lang='lat' dir='ltr'><strong>pro</strong></span> <span class='ocrx_word' id='word_1_809' title='bbox 1026 5741 1237 5799; x_wconf 88' lang='lat' dir='ltr'><strong>constructione</strong></span> <span class='ocrx_word' id='word_1_810' title='bbox 1258 5740 1382 5800; x_wconf 77' lang='lat' dir='ltr'><strong>basilica</strong></span> <span class='ocrx_word' id='word_1_811' title='bbox 1401 5743 1437 5802; x_wconf 86' lang='lat' dir='ltr'><strong>ad</strong></span> <span class='ocrx_word' id='word_1_812' title='bbox 1457 5742 1664 5805; x_wconf 73' lang='lat' dir='ltr'><strong>meramnum</strong></span> <span class='ocrx_word' id='word_1_813' title='bbox 1676 5742 1707 5803; x_wconf 78' lang='lat' dir='ltr'><strong>s.</strong></span> <span class='ocrx_word' id='word_1_814' title='bbox 1726 5744 1776 5805; x_wconf 81' lang='lat' dir='ltr'><strong>tti-</strong></span> 
     </span>
    </p>
   </div>
   <div class='ocr_carea' id='block_1_3' title="bbox 0 0 1880 6046">
    <p class='ocr_par' dir='ltr' id='par_1_3' title="bbox 0 0 1880 6046">
     <span class='ocr_line' id='line_1_61' title="bbox 0 0 1880 6046; baseline 0 2"><span class='ocrx_word' id='word_1_815' title='bbox 0 0 1880 6046; x_wconf 95' lang='lat' dir='ltr'><strong> </strong></span> 
     </span>
    </p>
   </div>
  </div>
 </body>
</html>
