3750 6046
85 156 114 226 tl
749 158 942 221 (autrannus
967 157 1096 218 aranas
1725 153 1756 216 la

85 312 98 339 ιι
120 286 274 347 transactas
294 306 340 345 res
359 284 514 361 indagandi
538 288 699 359 praeposuit.
723 287 857 342 Libenter
879 286 985 358 quippe.
1007 287 1141 356 legissent
1163 292 1241 338 attttta
1265 280 1410 349 ablutum,
1431 282 1607 356 fratrumque
1629 302 1757 349 attotttm,

87 410 100 431 ιι
121 388 150 438 et
168 396 320 454 parvarum
334 381 528 434 collectionem
542 395 637 433 rerum
650 394 780 447 suarum,
795 394 860 449 qnae
875 378 911 432 ab
925 378 1025 448 egenis
1039 377 1087 430 sed
1109 377 1217 430 devotis
1234 375 1431 430 fundatoribus
1450 375 1573 429 tetauiter
1584 380 1674 429 anctae
1692 382 1759 430 sunt

87 496 100 520 ιι
121 470 230 543 ingenti
244 469 431 525 sollicitudine
441 476 569 540 patrnm;
585 468 633 523 sed
646 468 681 522 ad
695 467 821 522 dictandi
834 484 885 521 seu
900 464 1043 521 scribendi
1057 466 1185 520 sedimen
1202 480 1285 519 autam
1297 468 1453 518 renuerunt
1468 480 1585 518 curvare
1600 465 1756 535 ingenium.

87 584 99 608 ιι
119 560 244 615 Tandem
258 574 323 629 ego,
338 559 372 614 de
385 558 517 613 extremis
531 557 698 612 hlerciorum
713 557 817 610 ttxxibus
832 556 966 611 decennis
980 556 1142 626 angligena
1158 556 1212 608 buc
1230 553 1374 619 advectus,
1389 553 1582 624 barbarusque
1596 557 1625 607 et
1644 554 1758 623 ignotus

87 670 101 701 ι
120 649 229 705 advena
240 647 409 703 callentibus
423 647 563 719 indigenis
576 646 727 713 admistus,
740 646 898 718 inspirante
912 645 980 712 ileo,
995 645 1229 699 Normaanorum
1244 648 1324 714 gesta
1336 647 1365 697 et
1378 647 1495 697 eventus
1507 643 1679 696 Narmaunis
1694 658 1759 712 pro-

87 759 101 786 «
122 754 200 793 mere
214 736 317 808 scriptu
331 752 394 791 sum
408 740 533 791 conatus.

123 850 138 875 «
156 828 219 881 tam
234 826 304 881 dnos
314 826 376 897 (δ’),
391 825 549 897 opitulante
562 827 628 891 Deo,
645 824 754 880 libellos
766 824 854 892 edidi,
869 823 973 896 quihus
984 823 1019 877 de
1032 822 1212 894 reparatione
1226 822 1300 878 sedis
1314 826 1419 878 riostree
1432 826 1461 876 et
1481 820 1516 875 da
1537 820 1627 874 tribus
1643 819 1757 875 abbati-

88 915 308 984 «basauchis,
330 932 393 970 eum
415 914 587 987 quibusdam
610 915 720 970 casibus
744 914 880 985 temporis
903 914 979 970 illius
1004 913 1128 968 breviter
1150 913 1267 979 inserui,
1293 913 1431 968 veraciter
1455 912 1591 982 allegans,
1616 915 1701 981 prout
1722 913 1758 965 ab

88 1030 101 1050 ιι
121 1003 234 1058 annosis
247 1003 405 1059 senioribus
418 1004 571 1074 diligenter
583 1004 731 1076 exquisivi.

124 1115 138 1141 ιι
158 1093 266 1147 Amarda
279 1093 403 1161 tertium,
418 1093 453 1148 ab
467 1109 542 1148 anno
557 1094 760 1165 incarnationis
774 1093 929 1148 Douxiuicte
952 1096 1018 1147 ¹075
1039 1091 1167 1146 libellum
1183 1091 1325 1159 exordiar,
1341 1095 1369 1146 et
1392 1091 1427 1146 de
1445 1091 1545 1146 abbate
1565 1107 1628 1144 naec
1648 1105 1681 1144 ac
1699 1090 1757 1142 titi-

88 1204 102 1233 ιι
122 1182 199 1237 censi
212 1181 349 1236 concione
363 1186 391 1236 et
405 1181 439 1236 de
453 1181 538 1237 rebus
552 1198 604 1253 per
616 1199 653 1236 xn
667 1199 766 1250 annos,
781 1182 889 1237 scilicet
903 1197 992 1253 nsque
1007 1181 1042 1234 ad
1057 1179 1199 1235 Guillelmi
1214 1180 1289 1251 regis
1302 1179 1422 1245 obitum,
1436 1179 1523 1252 gestis
1539 1181 1649 1250 loquar.

123 1292 136 1318 «
157 1270 309 1341 hpraetatu
323 1286 427 1342 nempe
438 1287 514 1326 anuo
528 1271 618 1343 placet
631 1272 763 1326 inchoare
780 1288 903 1342 praesens
917 1270 1097 1342 opusculum,
1112 1286 1169 1341 <qno
1190 1270 1219 1324 in
1241 1271 1312 1324 ham
1333 1270 1427 1324 lacem
1450 1286 1493 1323 xiv
1509 1267 1648 1322 liniendas
1668 1267 1758 1322 ltartii

89 1382 103 1408 «
124 1361 220 1417 matris
240 1378 271 1415 ex
295 1367 376 1416 utero
398 1363 530 1434 profusus
552 1379 626 1429 suna,
648 1362 828 1433 Sabbatoqus
848 1361 992 1433 sequentis
1010 1362 1135 1428 Pascha,
1160 1360 1234 1431 aptrd
1259 1361 1452 1432 littingesham
1475 1360 1504 1413 in
1524 1358 1641 1414 ecclesia
1662 1358 1759 1412 Sancti

90 1474 103 1499 ιι
123 1451 209 1505 Eattae
222 1450 402 1519 contessoris,
416 1467 480 1522 qum
496 1451 548 1506 sita
561 1457 604 1506 est
617 1467 704 1522 snper
716 1451 865 1506 Sabrinam
880 1450 1009 1518 ltnvium,
1021 1467 1073 1522 per
1084 1449 1274 1504 nxinisterium
1287 1448 1399 1505 Ordrici
1412 1448 1573 1514 sacerdotis,
1585 1462 1666 1501 sacro
1679 1445 1759 1500 tonte

88 1562 102 1587 ιι
122 1542 240 1595 renatus
260 1554 333 1595 sum.
355 1540 421 1594 Post
438 1541 666 1612 quinquennium
686 1540 813 1596 siwardo
836 1539 925 1596 nubili
948 1540 1114 1612 presbytero
1128 1538 1230 1595 litteris
1250 1537 1425 1594 erudiendus
1445 1555 1462 1592 a
1483 1538 1614 1609 geniture
1636 1535 1760 1591 traditus

89 1649 103 1679 ι
124 1645 197 1695 sitm,
210 1628 291 1699 anus
307 1628 470 1699 magisterio
484 1629 574 1700 prima
590 1629 751 1701 percipiens
765 1628 927 1685 rudimenta
939 1630 1066 1701 quinque
1083 1629 1166 1683 annia
1179 1628 1348 1699 subjugatas
1363 1645 1436 1683 sum.

123 1738 138 1765 «
158 1717 313 1772 Undecimo
326 1724 421 1772 autem
435 1718 526 1772 aetatis
541 1735 612 1773 meae
625 1735 700 1773 anna
713 1735 764 1790 pro
778 1734 877 1775 amore
891 1719 941 1773 Ilei
956 1734 973 1773 a
987 1718 1101 1790 proprio
1117 1718 1247 1789 geniture
1266 1716 1413 1771 abdicatus
1433 1734 1505 1783 sitm,
1524 1722 1552 1770 et
1565 1717 1600 1768 de
1614 1715 1716 1788 anglia
1731 1715 1759 1769 in

91 1830 105 1855 ιι
124 1805 330 1861 Νοιιιιιιιιιιίιιιιι
346 1806 470 1860 tenellus
483 1808 573 1875 exsul,
592 1811 622 1861 nt
634 1811 740 1863 aterno
755 1808 816 1880 regi
834 1808 1000 1876 militarem,
1017 1807 1173 1862 destinatus
1185 1823 1258 1861 snm.
1276 1807 1382 1860 lteinde
1397 1824 1414 1860 a
1427 1806 1582 1860 venerabili
1598 1807 1678 1859 Patre
1691 1805 1759 1858 hlai-

89 1915 102 1941 «
124 1895 204 1949 neria
225 1894 260 1965 tlt)
281 1900 437 1966 susceptus,
461 1897 626 1951 monachilis
649 1897 764 1952 babitus
788 1897 886 1952 trabea
909 1903 1033 1969 togatus,
1057 1897 1226 1967 sinceroque
1250 1897 1453 1950 monachornm
1478 1895 1628 1949 conventui
1654 1892 1761 1947 suadere

90 2006 103 2034 ιι
123 1983 312 2039 indissolubili
324 1985 454 2054 sociatus,
467 1986 527 2056 jam
543 2003 576 2041 an
591 1988 673 2042 anuis
689 1987 771 2059 plene
782 1988 887 2059 Jugum
901 1987 1015 2043 homim
1030 1992 1175 2058 gratanter
1187 1986 1318 2057 haJ'ulavi,
1334 1991 1363 2041 et
1378 2003 1442 2040 cum
1458 1986 1558 2040 canavis
1574 1984 1644 2038 meis
1658 1998 1760 2037 secan·

87 2094 101 2123 ι
123 2073 191 2128 ditm
207 2074 323 2145 llegulae
339 2074 545 2130 institutionem
559 2076 587 2129 in
606 2076 650 2130 via
664 2077 711 2131 Dei
727 2093 780 2147 pro
798 2093 879 2148 posse
895 2092 959 2132 meo
972 2077 1105 2132 alacriter
1118 2076 1278 2139 ambulavi;
1294 2077 1513 2131 ecclesiasticum
1528 2090 1640 2128 morem
1657 2077 1685 2127 et
1700 2088 1759 2125 ser·

89 2183 101 2211 ιι
122 2163 222 2217 vitium
238 2163 361 2218 ediscere
377 2163 511 2233 laboravi,
525 2170 552 2220 et
567 2182 681 2238 semper
694 2165 728 2220 ad
739 2166 844 2237 aliquid
860 2165 927 2221 utile
939 2166 1089 2235 ingenium
1105 2166 1254 2237 applicavi.
1274 2189 1286 2213 a

125 2290 187 2344 llaec
202 2289 350 2345 Ordericns
367 2291 507 2348 scribebat
518 2310 594 2349 anno
612 2297 687 2349 lttss.

123 2380 240 2444 lterum,
256 2380 285 2434 in
300 2380 355 2435 brae
369 2380 431 2435 libri
448 2398 504 2449 xm,
524 2383 614 2438 dicit:

126 2528 139 2553 ιι
159 2509 229 2563 Ecce
243 2507 324 2563 senio
339 2514 368 2563 et
380 2508 546 2565 intirmitate
560 2511 705 2581 tatigatus,
720 2510 824 2567 librum
840 2511 915 2566 hunc
931 2512 1015 2566 lbtire
1029 2514 1122 2582 cupio,
1137 2520 1163 2567 et
1179 2513 1233 2568 huc
1249 2516 1278 2566 ut
1295 2513 1345 2566 liat
1363 2510 1490 2581 pluribus
1510 2526 1543 2564 ax
1560 2509 1650 2565 causis
1668 2509 1758 2562 niani·

90 2622 104 2645 ιι
123 2596 192 2651 festa
206 2597 332 2667 exposcit
344 2597 426 2652 ratio.
442 2599 512 2653 Natu
525 2601 740 2671 sexagesimum
752 2600 906 2671 septimum
921 2601 1011 2655 aetatis
1027 2617 1098 2656 mete
1111 2617 1219 2656 anuum
1233 2601 1261 2655 in
1276 2601 1354 2654 cuttu
1371 2599 1484 2655 bantini
1505 2599 1559 2652 mei
1577 2599 1640 2652 lesu
1654 2595 1759 2651 Christi

90 2708 104 2733 ιι
124 2701 244 2757 peraga;
259 2690 289 2740 at
301 2685 370 2741 dnm
383 2687 535 2758 optimates
551 2690 635 2761 buius
649 2688 743 2745 saeculi
763 2690 896 2761 gravibus
915 2690 1090 2760 infortuniis,
1104 2690 1216 2763 sibique
1236 2690 1316 2744 valde
1331 2689 1492 2758 contrariis,
1504 2686 1655 2758 comprimi
1668 2684 1759 2747 rideo,

89 2800 101 2822 ιι
124 2773 216 2846 gratia
230 2773 279 2828 llei
301 2774 458 2844 roboratus,
475 2777 625 2833 securitate
641 2777 823 2848 subjectionis
840 2785 869 2834 et
885 2779 1065 2850 paupertatis
1085 2778 1221 2850 tripudio.
1243 2780 1283 2834 En
1304 2778 1466 2850 Stephanus
1486 2792 1534 2832 rex
1553 2776 1711 2847 Anglomm
1731 2777 1760 2829 iu

90 2886 103 2911 ιι
125 2879 238 2918 carcere
252 2879 368 2935 gemens
382 2863 535 2933 detinetur,
549 2874 577 2922 et
590 2867 745 2922 Lndovicus
761 2885 809 2923 rex
826 2869 1008 2936 Francorum,
1024 2869 1233 2939 expeditionem
1248 2885 1339 2940 agens
1359 2873 1455 2923 contra
1471 2866 1576 2922 Gothos
1594 2873 1624 2920 et
1640 2865 1759 2920 Gnasco·

90 2978 104 3001 ιι
125 2968 186 3022 nes,
208 2952 336 3024 pluribus
358 2955 432 3009 curis
459 2956 558 3011 crebro
579 2957 721 3012 anxiatur.
747 2958 786 3012 En
813 2958 934 3028 praesule
956 2958 1102 3026 defuncto,
1126 2957 1304 3014 lexoviensis
1325 2957 1460 3013 cathedra
1482 2958 1561 3012 caret
1580 2954 1714 3025 episcopo
1734 2960 1763 3008 et

91 3066 105 3091 ιι
124 3041 238 3114 quando
252 3043 294 3097 ael
308 3044 420 3114 qualem
435 3045 567 3101 habitura
583 3046 621 3101 sit
635 3047 801 3119 pontificem
816 3048 919 3103 nescio.
936 3047 1008 3112 uuio
1024 3048 1147 3120 amplius
1162 3048 1276 3103 dicam?

126 3156 141 3184 ιι
162 3134 238 3186 inter
251 3132 322 3200 brec,
338 3134 521 3204 amnipotens
536 3136 620 3203 Deus,
634 3136 777 3207 eloquium
791 3150 886 3192 meam
901 3135 937 3192 ad
953 3142 980 3192 te
992 3143 1137 3205 converto,
1149 3143 1178 3192 et
1190 3136 1373 3192 clementiam
1387 3142 1465 3190 tuam
1484 3139 1515 3189 ut
1527 3133 1583 3188 mei
1600 3133 1762 3187 miserearis

93 3243 105 3273 ιι
126 3220 279 3294 dupliciter·
294 3236 389 3277 exoro.
405 3222 466 3278 Tibi
479 3225 586 3295 gratias
600 3241 665 3297 ago,
680 3240 791 3280 summa
810 3225 876 3293 Rex,
891 3225 941 3299 qui
961 3242 1007 3281 me
1027 3226 1114 3297 gratis
1131 3226 1234 3292 fecisti,
1249 3231 1275 3281 el
1296 3242 1388 3280 annos
1405 3239 1485 3279 meos
1499 3222 1656 3278 secundum
1676 3221 1760 3275 bene-

92 3337 104 3361 ιι
127 3311 257 3383 placitam
274 3312 451 3367 voluntatem
467 3318 542 3368 tuam
556 3314 729 3387 disposuisti.
744 3316 784 3369 Tu
797 3332 828 3370 es
839 3316 918 3371 enim
933 3316 991 3371 ilex
1008 3331 1088 3370 mens
1101 3319 1130 3370 et
1143 3316 1216 3371 Deus
1233 3332 1324 3383 naeus,
1340 3322 1435 3385 elego
1450 3329 1514 3367 snm
1530 3309 1628 3366 servm
1643 3317 1719 3375 tuns,
1734 3315 1762 3362 et

92 3426 105 3447 ιι
127 3399 236 3457 pricillae
251 3405 306 3455 lucc
320 3401 394 3456 tilius
411 3419 417 3456 :
434 3403 481 3474 qni
498 3419 646 3475 proposse
662 3420 756 3460 meua
772 3404 873 3476 primis
887 3404 937 3460 tibi
952 3405 1017 3459 vine
1030 3421 1103 3460 mete
1118 3405 1217 3460 servivi
1232 3404 1343 3459 diebus.

128 3513 140 3540 ιι
162 3491 230 3545 b'am
243 3489 366 3546 Sabbata
380 3491 493 3546 Paschae
508 3494 582 3564 apud
597 3493 799 3565 Attingesbam
818 3494 978 3565 baptizatus
992 3511 1067 3561 sum,
1081 3496 1129 3567 qui
1150 3495 1226 3549 vicus
1247 3495 1276 3549 in
1295 3493 1395 3565 anglia
1413 3493 1484 3548 situs
1502 3500 1545 3546 est.
1563 3506 1647 3562 super
1666 3488 1760 3544 Sabri-

93 3606 105 3628 ιι
127 3596 203 3645 tiam,
219 3579 367 3650 ingentem
382 3579 511 3637 tlarvium.
527 3582 567 3637 lbi
581 3599 633 3654 per
645 3583 836 3639 ministerium
849 3583 960 3639 Ordrici
979 3584 1136 3656 presbyteri
1155 3600 1186 3638 ex
1206 3599 1278 3654 aqua
1294 3587 1323 3638 et
1335 3582 1440 3654 Spiritu
1461 3584 1558 3637 sancto
1574 3595 1619 3634 me
1637 3593 1759 3648 regene-

93 3694 106 3717 ιι
128 3670 207 3740 rasti,
223 3674 251 3724 et
272 3670 341 3724 mihi
359 3671 486 3741 ejusdem
506 3673 671 3741 sacerdotis,
692 3673 798 3745 patrini
819 3673 925 3729 scilicet
945 3674 1012 3744 mei,
1034 3689 1142 3729 nomen
1162 3673 1297 3729 indidisti.
1320 3672 1426 3728 Deinde
1443 3688 1508 3726 cam
1526 3669 1650 3742 quiaque
1669 3681 1760 3720 essem

93 3783 104 3805 ιι
125 3775 265 3815 annonam
284 3759 360 3831 apud
377 3760 475 3816 urbem
494 3761 726 3818 scrobesburiam
749 3762 853 3818 scholae
875 3762 995 3818 traditus
1008 3779 1081 3831 stam,
1097 3767 1126 3817 et
1146 3763 1238 3833 prima
1260 3762 1311 3817 tibi
1332 3761 1444 3817 servitia
1465 3760 1614 3814 clericatus
1631 3755 1718 3812 obtuli
1734 3754 1762 3808 in

93 3874 104 3893 ιι
124 3848 239 3903 basilica
253 3848 423 3904 Sanctorum
440 3851 515 3905 Petri
530 3858 559 3905 et
578 3851 657 3907 Pauli
672 3851 878 3923 apostolorum.
893 3851 951 3908 lllic
964 3851 1132 3923 siguardus,
1154 3852 1275 3923 insignis
1293 3851 1447 3922 presbyter,
1464 3865 1516 3920 per
1531 3847 1658 3918 quinque
1674 3862 1763 3898 anxios

93 3962 106 3985 ιι
125 3936 283 3995 Carmentis
303 3938 466 3993 Nicostratae
488 3941 596 3996 litteras
618 3942 714 3997 docuit
735 3958 792 4010 ma,
813 3959 845 3996 ac
871 3941 987 4012 psalmis
1009 3947 1038 3996 et
1060 3943 1183 4014 hymnis,
1204 3941 1324 4011 aliisque
1346 3936 1510 3993 necessariis
1531 3933 1764 3988 instructionibus

94 4050 106 4074 ιι
128 4025 300 4097 nrancipavit
322 4041 376 4080 tue.
391 4028 503 4083 lnterea
518 4028 684 4099 praedictam
699 4029 845 4086 basilicam
865 4046 951 4102 snper
968 4031 1069 4087 llolam
1091 4031 1199 4086 llumeu
1219 4029 1313 4096 sitam,
1331 4042 1394 4098 qma
1413 4025 1500 4098 patris
1515 4021 1571 4077 mei
1589 4027 1659 4091 erat,
1675 4022 1762 4076 subli-

93 4138 106 4161 ιι
128 4113 220 4181 mesti,
235 4119 264 4170 et
279 4132 329 4186 per
344 4116 419 4187 piam
434 4116 616 4173 devotionem
631 4120 747 4191 llogerii
762 4119 873 4175 comitis
890 4120 1048 4176 venerabile
1061 4119 1220 4176 coenobium
1234 4115 1422 4173 construxisti.

129 4232 141 4253 ιι
163 4207 223 4261 Νοιι
239 4206 290 4260 tibi
304 4206 410 4276 placuit
424 4213 455 4262 nt
468 4207 523 4263 illic
538 4209 645 4265 diutius
660 4209 824 4276 militarem,
846 4226 880 4266 ue
901 4210 978 4266 inter
997 4215 1141 4282 parentes,
1155 4209 1203 4282 qui
1218 4207 1306 4263 serris
1328 4205 1383 4261 tuis
1398 4203 1543 4260 multoties
1558 4202 1637 4257 oneri
1657 4208 1723 4256 sunt
1736 4206 1764 4256 et

94 4320 106 4345 ιι
127 4294 343 4365 impedimento,
358 4300 472 4367 paterer
485 4297 722 4370 inquietudinem,
733 4302 775 4354 vel
791 4300 908 4372 aliquod
923 4300 1132 4357 detrimentum
1142 4302 1171 4355 in
1184 4296 1379 4354 observatione
1393 4295 1465 4366 legis
1479 4299 1536 4349 ttae
1547 4309 1598 4365 per
1610 4294 1763 4363 parentum

93 4407 106 4433 ιι
127 4385 269 4440 carnalem
285 4384 416 4441 allectum
431 4387 616 4445 incurrerem.
635 4390 750 4458 idcirco,
768 4390 893 4462 gloriose
912 4391 998 4460 Deus,
1012 4391 1060 4464 qni
1075 4390 1217 4446 Abraham
1232 4388 1266 4445 de
1279 4394 1365 4457 terra,
1387 4384 1531 4456 patrisque
1547 4383 1630 4437 domo
1652 4387 1681 4436 et
1697 4395 1763 4450 cog·

92 4502 105 4523 ιι
127 4475 240 4530 natione
254 4474 350 4546 egredi
361 4475 480 4546 jussisti,
496 4477 658 4533 odelerium
673 4486 898 4551 patremmeum
911 4480 1052 4554 aspirasti,
1066 4483 1097 4535 ut
1117 4496 1162 4535 ma
1182 4477 1234 4536 sibi
1255 4478 1369 4550 penitus
1389 4474 1547 4541 abdicarer,
1562 4478 1591 4526 et
1604 4470 1657 4526 tibi
1669 4469 1763 4524 omni·

94 4589 106 4610 ιι
126 4565 210 4620 mode
223 4563 402 4635 subjugatae.
418 4566 553 4622 llainaldu
565 4567 654 4640 igitur
665 4570 803 4625 monacho
816 4572 933 4642 plorans
945 4570 1104 4642 plorantem
1117 4586 1162 4626 me
1178 4568 1305 4638 tradidit,
1319 4573 1348 4623 et
1361 4582 1412 4639 pro
1421 4579 1517 4620 amora
1533 4568 1581 4617 tuo
1592 4562 1621 4616 iu
1634 4557 1765 4614 exsilium

93 4680 106 4703 ιι
127 4653 287 4721 destinavit,
305 4670 357 4709 nec
372 4671 418 4709 mc
433 4671 559 4728 nuquam
575 4663 674 4729 postea
693 4659 773 4714 vidit.
793 4660 921 4716 Paternis
939 4674 1044 4732 nempe
1060 4659 1132 4715 votis
1150 4658 1273 4716 tenellus
1290 4672 1363 4729 puer
1382 4655 1496 4710 obviare
1512 4667 1571 4707 uon
1586 4646 1764 4721 presumpsi,

94 4768 107 4789 ιι
127 4742 175 4797 scd
189 4743 218 4798 in
232 4743 365 4798 omnihus
383 4744 422 4799 illi
444 4747 517 4801 altro
530 4749 668 4819 acquievi,
688 4750 755 4820 quia
776 4750 836 4821 ipse
856 4749 928 4805 mihi
945 4749 1101 4822 spopondit
1119 4766 1154 4805 ex
1173 4753 1254 4820 parta
1271 4753 1331 4815 tua,
1345 4747 1368 4799 si
1389 4743 1546 4800 monachus
1562 4741 1673 4805 lteram,
1688 4736 1765 4809 quod

94 4855 106 4881 ιι
128 4837 330 4904 postmortem
344 4850 436 4889 meam
452 4836 614 4907 paradisum
633 4854 698 4894 cum
712 4839 1112 4912 innocentibuspossiderem.
1129 4839 1279 4895 Gratanter
1291 4836 1364 4891 lacta
1383 4834 1560 4888 intermeat
1579 4837 1616 4897 te,
1634 4829 1765 4900 genitore

94 4946 108 4971 ιι
128 4938 192 4977 aueo
205 4922 404 4993 proloquente,
420 4925 608 4982 conventione
623 4927 830 4998 hujuscemodi,
850 4928 970 4999 patriam
988 4936 1018 4984 et
1031 4932 1175 5000 parantes,
1189 4941 1362 4998 omnemque
1376 4925 1590 4994 cognationem,
1605 4926 1633 4974 et
1644 4922 1725 4972 notos
1737 4923 1765 4971 et

95 5032 108 5059 ιι
127 5009 234 5067 amicos
246 5010 349 5083 reliqui
355 5028 363 5080 ;
380 5012 430 5083 qui
443 5013 632 5085 lacrymantes
648 5023 677 5073 et
696 5020 855 5073 salutantes
874 5018 1011 5091 benignis
1030 5017 1160 5091 precibus
1181 5014 1457 5072 conxmcndaverunt
1477 5029 1521 5068 me
1539 5009 1600 5077 tibi,
1617 5025 1633 5061 o
1651 5022 1765 5062 summa

94 5120 107 5149 ιι
129 5099 202 5154 heras
214 5099 332 5156 Adonai.
347 5099 497 5157 Orationes
511 5101 635 5172 illorum,
651 5122 759 5178 queso,
775 5106 894 5179 suscipe,
910 5110 940 5163 et
958 5124 1022 5180 quae
1036 5108 1106 5164 mihi
1128 5110 1308 5179 optaverunt,
1322 5103 1367 5174 pie
1384 5104 1441 5159 ltex
1461 5102 1594 5168 Sabaoth,
1610 5101 1767 5157 clementer

95 5211 107 5237 ιι
128 5204 234 5245 anniae.

130 5299 144 5327 ιι
165 5278 303 5334 Decennis
321 5280 415 5354 itaque
435 5282 628 5340 britannicum
650 5301 726 5341 mare
742 5287 936 5359 transfretavi,
949 5288 1027 5344 exsul
1042 5287 1070 5342 in
1092 5285 1299 5343 Narmanuiam
1312 5284 1388 5355 veni,
1408 5284 1517 5340 cunctis
1536 5285 1659 5356 ignotus,
1675 5281 1768 5337 nemi·

92 5391 106 5417 ιι
126 5384 194 5423 nem
207 5368 335 5440 cognovi.
354 5369 506 5444 Linguam,
525 5380 557 5430 nt
577 5374 683 5447 loseph
700 5375 730 5431 in
749 5377 878 5450 AEgypto,
892 5392 980 5451 quam
1000 5392 1057 5433 non
1075 5392 1212 5434 noveram
1233 5376 1339 5434 andivi.
1359 5375 1537 5445 satisagente
1560 5377 1657 5428 tamen
1673 5372 1766 5442 gratia

122 5554 169 5621 (tlt)
182 5555 224 5608 De
238 5557 531 5624 annosissimam
550 5561 904 5631 opertsllbrtshtcloqnt·
985 5564 1018 5631 lt)
1038 5565 1196 5631 manus,
1220 5568 1335 5633 quartas
1356 5563 1495 5619 Utteaasts
1516 5560 1613 5625 abbas,
1632 5558 1668 5615 ab
1691 5571 1766 5615 anae

90 5624 407 5765 ffifqffiqewfigm
430 5632 536 5699 primns
552 5636 579 5687 et
599 5632 743 5688 mandas
766 5622 905 5705 postestas
952 5636 1061 5693 ttoesd
1075 5638 1260 5693 annuntiet.
