3750 6046
56 105 109 161 ⁵7³
355 128 357 134 ·
469 105 627 163 HISTORIA
645 106 912 166 accensusrlca.
927 138 961 151 -
973 110 1061 169 PARS
1079 111 1125 167 ΙΙΙ.
1140 139 1174 151 -
1187 111 1250 167 otu.
1272 109 1340 166 vul.
1455 134 1459 140 ·
1697 109 1749 170 til

54 244 183 288 nescum
191 228 392 290 uimioaudore
400 231 571 304 pagensium
581 233 780 292 condiderunt.
796 237 875 292 Nune
886 250 941 325 A«
961 238 1027 309 lste,
1051 237 1156 311 inquit,
1182 239 1235 308 vir,
1261 236 1378 295 domine
1399 238 1465 306 dur,
1481 237 1668 295 consobrinus
1681 242 1747 295 tuus

56 323 157 381 omnia
182 325 291 398 optimo
315 324 383 393 dux,
403 325 470 396 jure
495 326 551 381 illis
575 327 687 384 auferre
716 330 833 401 poteris,
853 330 876 385 si
926 335 978 399 est,
994 335 1024 387 et
1038 333 1067 387 in
1085 332 1185 403 Apulia
1199 348 1264 387 cunr
1284 331 1529 404 parentibustuis,
1554 332 1604 405 qui
1622 348 1746 404 magnus

56 418 239 491 magnanimi
252 418 340 491 patris
358 418 400 475 tui
420 425 449 475 et
470 435 589 492 operam
608 422 668 493 ejus
685 423 765 478 lortis
785 440 874 480 aemu·
925 425 1165 497 ibidompoteutia
1177 425 1480 499 pollent,jamdudum
1495 432 1678 482 conversatus
1693 430 1748 484 est.

56 513 129 567 lator
155 511 307 568 exstiteris.
331 513 414 568 Pater
434 514 511 571 euim
532 518 597 570 tuus
621 516 716 571 omnia
741 517 877 589 praedicta
927 519 1006 575 Nunc
1024 525 1121 575 autem
1139 519 1176 575 ad
1198 525 1236 589 te,
1253 518 1403 576 domiuum
1423 535 1508 575 suum
1528 525 1557 575 et
1575 518 1745 591 consangui-

55 603 243 661 mnnimenla
257 605 287 660 iu
308 605 365 662 vita
378 622 430 662 sua
443 606 551 677 babuit,
565 612 593 665 et
603 609 819 683 quibuscunque
832 628 877 666 vo
928 628 1026 680 neum,
1040 611 1211 669 fiducialiter
1225 612 1345 681 accedit,
1367 613 1574 684 servitiumque
1588 627 1674 668 suum
1693 611 1749 668 tibi

53 698 115 767 luit,
143 698 181 754 ad
205 700 356 755 tutandum
380 702 599 758 commendavit.
622 703 727 760 Verum
745 703 876 761 Rodbcr·
926 704 1048 761 lldcliter
1068 705 1200 774 offerens,
1216 707 1302 761 hoca
1326 710 1353 761 le
1376 708 1502 761 castrum
1523 705 1590 776 J'urc
1609 704 1743 778 requirit,

54 797 111 861 tus,
126 807 219 865 quem
230 792 292 864 jam
309 792 428 865 ligatum
443 810 566 864 coerces,
583 810 649 851 mor
662 800 696 852 ut
714 813 813 870 regem
827 797 875 855 de·
928 800 1005 871 quod
1018 804 1173 871 patersuus
1187 800 1267 855 omni
1279 800 1336 855 vita
1346 815 1397 855 sua
1406 798 1590 856 haereditario
1600 800 1666 871 jure
1679 814 1747 870 pos-

54 886 187 942 lunctnm
208 885 326 956 audivit,
347 887 504 959 municipes
530 892 595 945 tuos
615 889 649 946 de
670 890 878 948 munitionibus
927 893 1010 962 sedit,
1026 892 1119 949 tenuit
1136 898 1165 948 et
1179 893 1264 949 isthic
1278 893 1356 948 obiit.
1374 913 1388 942 n
1412 893 1489 947 Tune
1510 892 1672 948 Rodbertus
1688 891 1747 948 dux
1833 872 1839 883 ’

55 979 111 1035 tuis
134 995 190 1051 per
208 979 371 1052 superbiam
388 996 471 1036 suam
489 983 609 1053 expulit,
630 998 745 1056 suraque
763 984 876 1054 ditioni,
927 985 980 1041 ista
993 985 1175 1057 poscentibus
1188 986 1271 1041 facile
1291 985 1404 1054 annuit,
1427 989 1456 1041 et
1472 985 1617 1043 liudberto
1641 985 1744 1041 Geroio

52 1076 85 1128 ut
102 1072 327 1129 exhereditaret
339 1079 377 1143 te,
392 1073 551 1131 munimina
561 1074 686 1148 subegit.
702 1078 767 1133 llarc
781 1079 878 1134 omnia
928 1079 1079 1135 castellum
1100 1078 1196 1134 Sancti
1213 1078 1341 1136 Gerenici
1363 1077 1499 1133 reddidit.
1524 1078 1571 1135 llle
1595 1094 1661 1134 vero
1687 1077 1748 1133 lere

55 1182 120 1238 quae
138 1165 210 1236 dixi,
232 1167 375 1239 sapienter
394 1167 511 1240 inspice,
530 1184 563 1224 ac
583 1169 715 1226 othonus
733 1171 876 1244 princeps,
927 1188 1009 1228 xxxvi
1023 1172 1105 1228 annis
1122 1173 1303 1244 postmodum
1318 1172 1528 1239 cantilenaris
1557 1174 1585 1227 et
1598 1171 1687 1243 vallis,
1704 1187 1747 1226 ze·

53 1275 104 1332 pro
126 1276 202 1333 pace
225 1265 333 1317 sanctas
356 1261 455 1316 matris
473 1261 616 1331 Ecclesiae,
645 1267 675 1319 et
699 1279 750 1335 pro
777 1264 875 1321 dolen·
927 1266 1021 1338 lisque
1036 1265 1170 1334 munivit,
1195 1271 1224 1321 et
1244 1265 1371 1322 moriens
1391 1263 1542 1321 Guillelmo
1561 1270 1589 1322 et
1603 1265 1748 1323 llodberto

52 1353 134 1409 sione
148 1369 312 1427 pauperum
331 1353 527 1427 debiliumque
541 1355 722 1412 laudabiliter
744 1374 876 1431 exsurge,
929 1358 998 1414 liliis
1013 1359 1071 1414 suis
1085 1357 1249 1431 dereliquit.

56 1453 84 1502 θῖ
103 1442 273 1505 resistentes
290 1447 396 1504 nuato
421 1455 546 1506 contere.
571 1450 728 1506 confractis
745 1451 877 1508 cornibus
963 1451 1173 1508 llabitatoribus
1186 1452 1272 1524 hujus
1287 1452 1436 1524 municipii
1455 1451 1535 1523 quies
1549 1451 1585 1523 let
1602 1465 1657 1522 pax
1671 1464 1746 1522 pene

55 1541 229 1612 primorum,
244 1541 294 1614 qui
309 1541 450 1599 cervicem
469 1548 732 1600 erexeruntcoutra
749 1548 787 1612 ῖθ,
807 1545 876 1602 reli·
928 1560 1041 1616 semper
1071 1545 1180 1613 deluit,
1221 1545 1393 1617 finitimique
1423 1545 1665 1614 Cenomanenses,
1695 1557 1747 1598 seu

53 1634 115 1707 qui,
140 1634 202 1691 vise
225 1635 384 1707 deiectione
409 1636 668 1705 contubernalium,
681 1624 915 1699 formidabuntB
926 1638 1087 1694 Normauni
1099 1638 1243 1695 insistunt.
1257 1638 1442 1713 Scopulosum
1456 1642 1586 1694 montem
1599 1637 1745 1693 anfractus

54 1732 95 1795 te,
109 1732 142 1784 et
155 1728 244 1800 jussis
256 1730 313 1785 tuis
332 1729 549 1785 famulabuntur
563 1729 625 1785 sine
642 1731 876 1789 contradictione.
927 1731 1014 1788 Sarte
1036 1730 1161 1788 fluminis
1187 1749 1221 1788 er
1249 1732 1340 1788 tribus
1366 1731 1495 1805 partibus
1517 1730 1617 1798 ambit,
1639 1729 1669 1784 in
1687 1744 1745 1800 quo

53 1824 134 1878 lune
156 1823 282 1895 populus
301 1823 351 1879 lici
371 1823 424 1878 sub
441 1824 529 1880 tutela
553 1824 736 1895 protectionis
758 1826 816 1881 tue
833 1841 878 1882 se·
928 1829 1041 1881 moetus
1053 1825 1223 1896 cenericus,
1244 1826 1423 1882 venerandus
1437 1825 1591 1892 confessor,
1614 1827 1744 1895 tempore

54 1932 143 1972 cums
156 1915 187 1972 in
209 1931 278 1988 pace
295 1916 446 1984 laetabitur,
460 1922 488 1972 et
502 1934 555 1990 pro
569 1919 660 1975 salute
681 1921 731 1974 tue
749 1919 879 1990 omnipo-
927 1919 1070 1975 llilebardi
1096 1920 1245 1992 sagiorum
1265 1920 1424 1992 pontilicis,
1447 1918 1595 1975 habitarit.
1617 1917 1658 1973 lbi
1682 1932 1743 1972 mo·

54 2013 169 2065 tentem
193 2009 286 2064 Deum
302 2008 348 2082 pic
373 2009 580 2081 deprecabitur.
604 2011 703 2068 Cultus
725 2011 878 2068 divinitatis
927 2012 1026 2068 nacbis
1043 2012 1206 2069 coenobium
1225 2013 1364 2082 laudarit,
1384 2028 1448 2068 cum
1465 2012 1587 2084 glorioso
1605 2013 1679 2066 coetu
1693 2010 1743 2065 do·

54 2104 82 2159 iu
98 2103 221 2175 regione
234 2104 283 2158 tua
295 2102 404 2158 eunctis
418 2103 453 2158 ab
468 2104 614 2159 ordinibus
625 2105 737 2178 jugiter
754 2105 875 2161 celebra·
928 2105 1008 2160 minu
1026 2104 1180 2175 militante,
1189 2105 1310 2178 vitorque
1322 2122 1406 2163 cursu
1420 2105 1505 2161 beate
1520 2111 1648 2176 peracto,
1661 2102 1748 2159 Nonis

57 2197 150 2267 bitur,
168 2200 199 2252 et
216 2196 261 2252 lex
274 2196 324 2252 uei
340 2212 405 2252 cum
421 2198 569 2253 securitate
590 2199 737 2254 communi
755 2198 877 2254 salubri·
927 2198 991 2254 llaii
1010 2197 1132 2254 feliciter
1143 2199 1177 2255 ad
1192 2199 1344 2257 Dominum
1353 2198 1497 2271 migrarit.
1508 2196 1636 2269 Denique
1646 2194 1746 2252 Carolo

56 2294 100 2347 ter
112 2289 324 2346 observabitur.
342 2312 357 2362 p
928 2292 1068 2364 simplice
1082 2297 1233 2364 regnante,
1247 2292 1315 2349 dum
1325 2291 1478 2363 llastiugus
1490 2294 1584 2347 Dauus
1599 2306 1664 2346 cum
1678 2305 1748 2362 gen-

90 2383 326 2441 Exborlatoriem
340 2384 474 2441 antistitis
489 2385 689 2442 allocutionem
705 2401 815 2454 omnes,
828 2386 877 2458 qui
927 2385 1021 2440 tilium
1042 2385 1186 2458 phalanga
1208 2385 1370 2442 Naustriam
1384 2385 1570 2457 depopulatus
1589 2389 1642 2454 est,
1657 2398 1741 2438 sauc-

56 2479 192 2548 aderant,
205 2479 404 2546 laudaverunt,
419 2486 446 2536 et
456 2496 515 2535 sese
535 2480 569 2535 ad
584 2479 663 2535 drrcis
682 2480 809 2536 officium
827 2497 879 2553 pro
928 2483 990 2535 tum
1002 2495 1106 2551 corpus
1121 2496 1138 2536 a
1151 2479 1284 2536 fidelibus
1293 2478 1323 2537 in
1332 2482 1457 2534 casuum
1469 2476 1636 2533 Theoderici
1649 2482 1743 2532 trans-

57 2572 224 2636 deleusione
242 2573 342 2644 patriae
363 2573 450 2630 totius
472 2573 601 2629 hilariter
622 2573 798 2630 obtulerunt.
820 2574 878 2629 llur
928 2573 1018 2629 latum
1045 2575 1097 2642 est,
1128 2578 1167 2642 et,
1199 2572 1332 2644 dispersis
1356 2571 1515 2639 monachis,
1542 2570 1747 2626 monasterium

57 2667 148 2739 igitur
160 2665 332 2735 liodbertas,
354 2670 513 2739 aggregato
533 2667 668 2735 exercitu,
687 2667 879 2723 cenomannis
929 2665 1118 2722 destructum.
1139 2666 1308 2723 succedenti
1328 2680 1394 2720 vero
1419 2670 1569 2736 tempore,
1590 2664 1750 2720 incolarum

58 2762 206 2833 proiectus
220 2764 274 2828 est,
295 2762 325 2816 et
349 2765 439 2816 tama
459 2760 537 2815 clero
561 2777 646 2832 quarn
665 2777 682 2816 a
703 2760 809 2816 ciribm
832 2761 879 2816 tri·
927 2760 1004 2815 lacta
1019 2765 1062 2817 est
1079 2759 1211 2816 mutatio.
1237 2759 1420 2833 Sanguinarii
1449 2758 1599 2830 predones
1617 2757 1657 2812 ibi
1677 2772 1745 2829 spe-

58 2854 214 2927 pudianter
234 2859 381 2926 susceptus
400 2857 452 2909 esl.
473 2853 588 2923 Deinde,
610 2854 798 2926 legationibus
817 2854 879 2925 ejus
928 2854 1042 2909 luncam
1063 2855 1210 2910 latronum
1227 2853 1429 2922 condiderunt,
1445 2851 1496 2907 ubi
1526 2852 1578 2907 sub
1600 2849 1746 2923 regimine

58 2947 176 3019 urditis,
191 2952 385 3004 convenerunt
401 2947 435 3003 ad
454 2963 521 3003 eum
541 2947 703 3003 Goislrcdus
714 2947 877 3003 Madenieu·
888 2989 916 3064 C
928 2946 1024 3003 Sancti
1037 2947 1165 3005 Cerooici
1180 2951 1393 3019 contemptores
1412 2946 1514 3002 mundi
1525 2946 1658 3002 modeste
1676 2960 1746 3000 con-

60 3042 108 3110 sis,
128 3039 274 3097 liebertus
296 3040 472 3113 burgundio,
493 3046 522 3096 et
544 3041 637 3097 Helias
655 3041 730 3096 lilius
749 3042 876 3110 loannis,
929 3041 1029 3097 versati
1043 3047 1120 3111 sunt,
1136 3044 1165 3096 et
1179 3040 1209 3096 iu
1223 3041 1322 3097 ordine
1335 3040 1503 3097 monachico
1514 3040 1617 3113 jugum
1634 3037 1748 3095 llomini

59 3134 164 3207 aliique
178 3133 277 3205 plures
288 3133 379 3205 parati
393 3133 428 3189 ad
443 3133 589 3190 servilium
603 3134 692 3191 ducis.
709 3135 881 3206 agminibus
929 3134 985 3190 line
996 3137 1078 3190 tenus
1088 3138 1249 3208 gesserunt.
1265 3136 1385 3192 Centum
1397 3133 1597 3208 quadraginta,
1611 3136 1644 3188 ut
1655 3133 1749 3188 lertrn

59 3243 126 3283 raro
139 3227 374 3282 Normanuorum
391 3230 534 3298 preerant
546 3227 650 3299 presul
667 3228 837 3299 Bajoceusis,
851 3231 882 3283 et
929 3227 981 3282 sub
990 3228 1111 3299 praelato
1123 3227 1350 3284 archimandrita
1362 3228 1484 3284 cultores
1497 3226 1605 3282 ibidem
1616 3226 1647 3281 iu
1662 3224 1748 3280 vinea

59 3320 227 3376 Guillelmus
252 3335 351 3375 comes
375 3319 562 3375 Ebroicensis.
584 3320 720 3376 Radullus
744 3321 780 3376 de
806 3323 878 3377 Cou-
929 3320 1045 3376 Domini
1064 3320 1188 3378 sabaotb
1208 3321 1419 3390 laboraverunt,
1432 3335 1556 3394 quorum
1574 3318 1689 3390 lapidea
1701 3333 1745 3374 se·

60 3413 129 3481 clais,
144 3415 282 3484 atnepos
304 3412 366 3484 ejurs
381 3412 545 3469 Guillelmus
566 3413 754 3482 bretoliensis,
773 3413 881 3487 aliique
929 3415 1027 3485 pulcra
1054 3415 1146 3485 palam
1166 3413 1382 3470 adventantibus
1403 3413 1479 3470 iuter
1499 3412 1643 3468 basilicam
1666 3415 1696 3468 et
1716 3410 1747 3466 in

60 3506 203 3562 militares
222 3505 285 3574 riri,
304 3507 399 3562 multis
418 3506 605 3578 probitatibus
624 3507 771 3580 precipui.
787 3509 878 3580 Paga·
929 3506 1048 3563 circuitu
1066 3507 1127 3577 ejus
1143 3507 1305 3562 testimonio
1325 3511 1402 3577 sunt,
1416 3507 1496 3578 cujus
1511 3504 1606 3561 meriti
1621 3507 1650 3560 el
1663 3519 1746 3560 reve-

59 3615 113 3656 nus
125 3598 164 3655 de
177 3599 424 3671 flente-bublelis,
440 3617 506 3657 cum
516 3600 580 3657 aliis
589 3601 806 3658 contumacibus
819 3618 878 3657 cas·
928 3599 1028 3656 realia
1041 3599 1174 3655 bomines
1189 3599 1260 3655 inibi
1273 3600 1462 3672 requiescant.
1476 3597 1591 3654 scelesti
1605 3612 1675 3669 ergo
1689 3597 1745 3652 ba-

60 3703 139 3750 trum
150 3692 303 3752 Balaonem
324 3694 448 3763 tenebat,
465 3696 494 3750 et
512 3693 641 3750 venienti
653 3695 718 3750 duci
733 3710 799 3751 curn
817 3700 879 3751 tor·
928 3692 1062 3748 bitatores
1074 3693 1164 3748 multo
1175 3693 1333 3749 infortunia
1352 3692 1456 3748 merito
1480 3691 1607 3764 perpessi
1624 3694 1701 3758 sunt,
1717 3692 1748 3745 at

59 3787 112 3844 mis
131 3786 193 3845 suis
210 3786 315 3843 acriter
332 3787 490 3843 resistebat.
512 3787 555 3845 lbi
570 3787 732 3844 Osmundus
753 3788 789 3843 de
809 3789 877 3845 Gas-
928 3786 1052 3842 caedibos
1076 3803 1109 3843 ac
1137 3786 1388 3855 combustionibus,
1412 3786 1642 3858 multimodisque
1664 3799 1745 3857 pres·

59 3880 151 3954 preio,
171 3879 381 3952 pulcherrimus
399 3880 481 3937 miles
501 3886 529 3936 et
548 3880 732 3952 honorabilis,
747 3882 879 3938 Kalendis
929 3879 1002 3935 suris
1014 3897 1046 3937 ac
1060 3880 1268 3954 dejectionibus
1282 3881 1447 3953 frequenter
1460 3878 1557 3936 alllicti
1570 3883 1646 3936 sunt.

60 3973 239 4047 Septembris
262 3973 373 4030 occisus
405 3979 458 4030 est.
481 3974 568 4047 Cujus
588 3991 690 4047 corpus
716 3974 752 4031 ab
776 3975 878 4030 Ernal·
964 3975 1117 4049 lluuicipes
1143 3974 1308 4032 alencionis
1335 3979 1364 4032 et
1397 3975 1538 4044 Bellesmi,
1567 3975 1747 4049 aliarumque

60 4069 94 4124 dc
116 4066 263 4124 monacho
282 4067 395 4123 Uticum
415 4068 568 4124 deductum
587 4072 640 4136 est,
661 4072 689 4124 et
714 4068 744 4125 iu
765 4068 877 4141 porticu
927 4069 1132 4139 munitionum,
1152 4075 1187 4126 ut
1205 4070 1359 4127 audierunt
1382 4085 1468 4141 quam
1492 4070 1567 4125 male
1593 4069 1747 4142 contigerit

60 4168 125 4217 ante
139 4160 236 4216 sabas
250 4160 376 4217 ecclesia
389 4161 531 4233 sepultum
546 4166 598 4217 est.
928 4162 1072 4219 liodberlo
1099 4162 1252 4228 Quadrello
1280 4167 1308 4220 ct
1330 4162 1519 4236 complicibus
1545 4164 1595 4236 qui
1620 4179 1687 4219 cum
1713 4179 1749 4219 eo

92 4256 160 4311 Post
173 4253 302 4326 plurima
314 4252 421 4310 damna
434 4255 583 4327 utriusque
601 4255 699 4327 partis,
723 4256 877 4312 Balaoueu·
927 4256 1053 4327 lucrant,
1068 4256 1149 4312 valde
1160 4257 1251 4314 territi
1263 4262 1329 4313 sunt
1342 4264 1372 4315 et
1385 4263 1416 4314 ut
1425 4256 1535 4313 debitas
1544 4257 1668 4313 venienti
1679 4255 1745 4312 duci

60 4365 103 4403 ses
115 4363 218 4421 pacem
235 4362 303 4402 cum
318 4347 389 4403 duce
404 4348 541 4417 lecerunt,
556 4353 586 4404 el
603 4349 790 4421 postmodum
810 4351 878 4405 Nor·
890 4357 919 4429 1)
931 4349 1104 4406 munitiones
1118 4350 1284 4419 redderent,
1306 4351 1460 4407 consilium
1476 4351 1613 4406 inierunt.
1637 4351 1741 4405 Verum

60 4441 158 4497 manni
169 4441 257 4496 simul
276 4457 309 4496 ac
330 4441 558 4498 Cenomanenses
577 4459 643 4500 cum
664 4443 735 4499 duce
756 4448 881 4500 castrum
931 4444 1089 4500 {ledbertus
1105 4442 1140 4499 ab
1162 4443 1284 4516 inempta
1298 4446 1401 4501 virtute
1418 4445 1473 4500 cito
1487 4444 1599 4513 deiecit,
1615 4447 1653 4511 et,
1669 4440 1741 4497 mol·

59 4534 154 4592 Sancti
180 4534 310 4590 Generiei
334 4535 517 4591 obsederunt.
543 4536 585 4592 lbi
609 4536 720 4593 familia
744 4537 881 4595 liodberti
931 4537 991 4595 litie
1004 4538 1152 4607 suadente,
1165 4539 1200 4594 ad
1214 4541 1321 4595 tectum
1337 4544 1365 4593 et
1379 4539 1504 4610 quietern
1518 4537 1599 4593 avide
1614 4535 1748 4605 recurrit,

60 4627 252 4685 belesmensis
274 4631 344 4696 orat,
363 4629 409 4684 cui
431 4629 589 4684 liodbertus
610 4629 791 4701 Quadrellus,
806 4648 882 4689 acer·
932 4632 1147 4706 exercitumque
1167 4649 1263 4702 suum,
1280 4632 1445 4704 utquisque
1462 4631 1497 4687 ad
1516 4646 1567 4687 sua
1588 4629 1748 4703 repedaret,

59 4723 148 4780 nurus
169 4721 255 4778 miles
268 4725 296 4777 et
316 4721 407 4778 multo
421 4722 520 4794 vigore
537 4724 719 4795 conspicuus,
735 4729 880 4798 praeerat3
932 4724 1047 4782 dimisit.

59 4817 103 4889 qui
127 4817 248 4873 hortatu
267 4815 382 4888 llogerii
416 4815 528 4872 comitis
552 4817 746 4874 obsidentibus
772 4819 883 4875 lortiter
935 4832 978 4888 vr,
998 4835 1117 4904 pom,
1130 4834 1337 4891 Cenomanensis
1361 4848 1442 4890 comes
1455 4849 1516 4889 cum
1534 4833 1667 4891 godberto
1681 4834 1746 4890 dm

59 4911 200 4967 obstabat.
241 4910 362 4977 Verum,
395 4909 541 4967 deliciante
574 4911 729 4981 alimonia,
755 4916 881 4969 castrum
964 4916 1145 4984 pacemtccr't.
1160 4917 1337 4986 -Nequclr‘u
1350 4915 1460 4971 uoueri
1471 4917 1575 4971 comitis
1595 4915 1746 4971 betumm-

10 5042 13 5053 .
60 5008 176 5078 captum
188 5005 244 5073 est,
256 5008 285 5060 et
308 5003 442 5075 praelatus
454 5003 603 5077 municeps
618 5005 701 5075 J'ussu
723 5005 788 5060 irati
802 5006 881 5061 ducis
966 4996 1012 5050 ⁵5⁸·
1027 5025 1061 5035 ·
1079 4998 1256 5055 N⁰lml1mllae
1277 5000 1417 5066 magnetes
1437 4997 1509 5050 ‘'¹²3⁶''
1530 5010 1557 5051 ⁸0
1578 4995 1749 5066 bellism-

10 5082 15 5109 ι
60 5100 188 5168 protinus
202 5097 294 5154 oculis
309 5096 436 5170 privatus
451 5100 506 5153 est.
527 5097 596 5153 Aliis
624 5115 737 5171 quoque
751 5099 883 5170 pluribus
965 5097 1106 5170 Rogerius
1120 5097 1209 5170 igitur
1221 5112 1325 5166 coruos,
1341 5097 1483 5153 dissolutis
1497 5096 1663 5170 agminibus
1675 5097 1747 5153 Nor·

61 5195 104 5265 qni
126 5190 344 5250 contumaciter
361 5190 469 5247 ibidem
485 5191 650 5248 restiterant
668 5191 791 5264 principi
809 5193 880 5248 Nor·
932 5207 1104 5247 mancorum
1129 5195 1217 5265 atque
1241 5189 1518 5260 Cenomanensium,
1552 5190 1663 5264 geriem
1696 5194 1749 5258 est,

60 5285 192 5354 munire,
224 5283 384 5341 debilitatio
410 5283 608 5340 membrorum
639 5284 748 5340 inllicta
776 5289 820 5341 est
847 5302 881 5340 er
931 5290 960 5342 θῖ
988 5302 1041 5357 per
1073 5285 1133 5342 dies
1158 5286 1266 5359 legatos
1292 5303 1309 5340 a
1333 5285 1404 5342 duce
1430 5301 1549 5358 pacem,
1572 5285 1681 5357 filiique
1706 5285 1751 5341 sui

60 5377 203 5436 sententia
216 5376 316 5434 curiae.
931 5378 1141 5436 absolutionem
1161 5380 1318 5452 postulans,
1338 5379 1427 5435 multa
1442 5378 1515 5435 falso
1530 5379 1675 5451 pollicitus
1695 5385 1749 5438 est.

89 5472 169 5528 Tunc
196 5470 350 5528 Gaulridus
376 5471 564 5529 bladeniensis
587 5489 653 5530 cum
677 5473 878 5530 Cenomaueu·
930 5475 1112 5543 buxeutem,
1133 5474 1181 5548 qui
1207 5473 1380 5546 improvidus
1402 5479 1464 5530 erat
1486 5479 1514 5530 et
1541 5473 1692 5544 instabilis,
1713 5472 1748 5529 ud

59 5564 132 5621 sibus
145 5564 274 5621 tribunis
286 5564 321 5620 ed
334 5564 438 5622 ducem
451 5567 578 5635 accessit,
595 5567 679 5640 eique
699 5567 881 5625 Rodberlum
930 5568 1042 5641 lapsum
1052 5568 1152 5637 lacilis,
1168 5569 1205 5624 ad
1223 5568 1382 5625 tonandum
1396 5567 1516 5640 justitie
1536 5567 1661 5639 rigorem
1680 5566 1750 5620 mol-

62 5659 206 5731 Geroium,
229 5659 364 5719 liodberti
391 5659 522 5720 Geroiaui
543 5660 645 5734 lilium,
667 5662 878 5737 praesentavit:
930 5662 974 5735 lis,
1004 5678 1039 5724 ex
1078 5664 1222 5741 insperato
1250 5661 1360 5723 lrirotis
1389 5661 1576 5740 passionibus
1602 5658 1772 5713 inlaturum
