3750 6046
78 190 81 195 ’
151 204 205 261 toa
837 197 999 257 ouomlcl
1018 198 1150 257 vitatis
1785 200 1837 259 tel

152 330 197 384 tor
217 324 357 382 successit.
380 323 528 381 hiudulfus
550 322 661 381 Ottonis
681 322 760 396 regis
777 321 864 392 tilius,
888 323 967 381 ltalia
977 322 1228 413 Aconsanguineo
1245 339 1306 393 sue,
1319 321 1469 381 britonum
1482 321 1592 392 comiti,
1610 323 1835 380 commendavit.

152 419 207 477 sibi
232 419 362 487 subacta,
388 418 474 487 obiit,
498 423 528 475 et
554 419 619 475 Otto
646 416 784 491 puerulus
807 417 838 474 in
862 417 967 490 palatio
1016 418 1094 473 Tenc
1108 416 1241 474 alfredus
1258 422 1286 474 et
1302 416 1451 473 Eduardus
1468 416 1595 473 Clitones
1615 416 1644 471 in
1664 416 1837 472 hermeneia

151 513 324 587 aquisgrani
343 528 395 568 rex
418 513 543 569 elevatus
556 516 607 569 est.
624 514 759 581 loannes,
778 511 869 568 occiso
888 513 968 568 llice-
1017 511 1196 568 exsulabant.
1224 511 1380 568 Richardus
1404 511 1483 567 enim
1506 512 1529 567 ll
1555 512 1687 569 liminum
1707 526 1835 567 sororem

152 609 254 680 phere,
283 624 336 680 per
362 622 485 663 uxerem
509 606 572 678 ejus
597 605 742 679 regnavit,
768 606 848 677 cujus
873 607 968 678 neptis
1016 621 1098 662 suam
1110 604 1253 661 fidelrede
1266 604 1329 677 regi
1341 602 1501 678 anglorum
1519 603 1550 659 in
1570 604 1725 676 conjugem
1745 603 1834 672 dedit,

151 702 325 776 Theophane
338 701 436 758 Ottoni
450 700 614 773 imperatori
629 699 736 771 nupsit.
753 701 786 755 ln
800 699 902 771 Anglia
914 699 968 755 Ed·
1015 715 1081 772 quae
1093 698 1241 755 Alfredum
1255 701 1284 754 et
1298 697 1461 756 Eduardum
1475 714 1573 771 regem
1588 698 1711 771 peperit.
1728 697 1834 754 Eadem

151 796 277 853 mundns
294 811 345 853 rex
359 813 388 851 vr
402 810 478 851 anne
491 794 575 866 regni
586 793 630 849 sui
645 809 697 866 per
717 792 910 865 proditionem
922 809 967 849 ec·
1016 796 1079 865 pest
1101 793 1187 849 funus
1211 792 1307 848 mariti
1331 791 1376 848 sui
1400 791 1505 848 liberes
1529 807 1594 848 suos
1617 791 1649 847 iu
1671 791 1834 848 Neustriam

64 912 67 917 ·
152 891 225 947 cisns
244 895 296 958 est,
313 895 341 946 et
358 889 446 945 frater
462 887 524 957 ejus
542 887 670 945 Edredus
684 904 775 961 regno
787 887 894 960 potitus
912 890 964 945 est.
1015 886 1101 954 misit,
1116 890 1144 943 et
1157 886 1289 942 Chauuto
1309 885 1370 958 regi
1384 887 1530 941 banorum
1545 885 1651 956 nupsit,
1667 885 1753 956 eique
1769 885 1834 941 tier·

152 983 214 1050 Quo
239 983 389 1050 defuncte,
411 980 537 1055 Edgarus
558 980 701 1037 Edmundi
724 980 800 1038 illius
821 980 964 1050 successit,
1015 980 1212 1037 dechauutum
1225 995 1325 1052 regem
1336 981 1478 1036 Danemm
1494 979 1696 1052 etAnglerum
1709 980 1831 1050 peperit,

151 1078 258 1150 diuque
271 1081 300 1133 et
314 1075 423 1132 utiliter
433 1080 493 1133 tam
508 1075 561 1133 sibi
576 1092 662 1149 quarn
678 1076 785 1148 popule
797 1080 825 1132 et
837 1075 966 1131 Ecclesiae
1015 1079 1045 1130 et
1056 1073 1238 1142 Caenidem,
1251 1089 1315 1147 qua
1327 1072 1447 1131 Haurico
1457 1071 1624 1146 imperatori
1638 1075 1832 1129 Romanorum

151 1171 201 1229 liei
214 1170 353 1244 regnavit.
367 1172 444 1227 Trans
456 1172 618 1227 Dunstanus
631 1169 855 1236 cantuariensis,
869 1168 964 1225 Osval·
1015 1167 1123 1240 nupsit.

151 1266 204 1321 dus
230 1265 416 1322 Eboracensis
443 1269 472 1321 et
498 1263 668 1320 edelvoldus
696 1263 909 1320 Guinteniensis
934 1262 964 1318 in
1014 1277 1058 1332 43,
1118 1277 1267 1347 Mamercus
1276 1275 1610 1347 juvmgsegemmoepg
1624 1276 1745 1340 powg,

150 1359 282 1416 &eleale
303 1359 353 1415 liei
373 1356 517 1430 regimine
539 1357 715 1425 micuerunt,
728 1372 853 1429 querum
871 1356 964 1413 studio
1120 1359 1218 1416 Natali
1229 1358 1328 1421 etune,
1341 1357 1389 1413 sed
1400 1356 1476 1412 nullo
1488 1357 1586 1413 uetitis
1600 1362 1674 1412 rictu.

151 1456 180 1508 et
204 1452 302 1508 labore
323 1468 386 1507 xrvr
410 1451 548 1522 cenobia,
573 1466 643 1523 rege
668 1450 778 1523 lidgaro
799 1451 912 1506 favente
935 1453 966 1505 et
1050 1463 1099 1519 fflc
1112 1462 1187 1519 filiu,
1205 1463 1338 1520 liphardi
1360 1465 1383 1521 11
1403 1463 1482 1520 duci,
1507 1479 1542 1520 εχ
1565 1461 1691 1519 „cunda
1712 1462 1833 1535 conjuge

149 1545 299 1603 obediente
314 1544 438 1617 praefatis
451 1544 631 1616 presulibus,
647 1543 676 1599 in
691 1544 791 1616 anglia
804 1547 965 1601 constructa
1015 1557 1132 1613 nomine
1150 1556 1260 1629 paphia
1280 1561 1363 1613 natus
1387 1561 1440 1628 est,
1464 1559 1491 1612 et
1512 1571 1568 1612 xvp
1586 1555 1679 1625 annis,
1700 1559 1832 1627 tempore

150 1642 226 1696 suut.
246 1639 387 1696 Ludevico
404 1638 547 1706 defuncte,
567 1637 717 1694 hetherius
737 1637 893 1710 filiuseius
914 1653 964 1694 sex
1015 1651 1175 1720 elementis,
1204 1650 1314 1707 pamm}
1341 1653 1369 1707 et
1389 1651 1491 1708 Leoni,
1509 1664 1661 1723 paparum,
1683 1650 1746 1706 ,ine
1766 1666 1833 1722 apo.

149 1734 232 1790 annis
250 1732 390 1804 remant.
410 1732 440 1787 in
464 1747 522 1804 <11¹0
544 1730 700 1805 progenies
722 1731 813 1787 aaran
833 1732 925 1805 lirani
948 1718 1323 1801 aBsuuanenaucuons
1336 1750 1364 1799 a
1378 1743 1475 1817 pauo,
1489 1742 1730 1799 senonensibus
1743 1743 1832 1798 eomu-

148 1842 240 1899 regno
255 1826 384 1882 funditus
404 1825 539 1882 destituit.
555 1827 607 1881 est.
623 1823 739 1881 Carolus
753 1824 842 1894 ellim,
857 1824 963 1897 aliique
1014 1843 1097 1893 natus
1117 1842 1170 1894 est,
1191 1837 1390 1910 Voluptatibus
1411 1835 1505 1893 carnis
1523 1836 1736 1909 mundanisque
1757 1836 1831 1893 curis

147 1921 199 1976 filii
215 1919 343 1976 lutharii
356 1919 432 1993 litii
446 1918 606 1991 capiuntur,
620 1922 648 1974 ⁰*
661 1919 743 1991 ³³3⁰
758 1920 887 1992 Mfssssub
904 1921 962 1977 Ηῑῑ·
1011 1931 1178 1988 indecenter
1201 1931 1330 2003 inhoesit,
1353 1930 1499 2004 filiumque
1524 1931 1640 1987 numine
1665 1929 1830 1988 itichaelem

149 2014 231 2086 80¹1ss
244 2013 340 2086 flatui
351 2010 436 2084 ffliuh
451 2012 483 2068 5¹¹
497 2028 600 2084 1⁰8⁰¹¹¹
615 2011 749 2068 ‘’letami-
1012 2024 1137 2097 probum
1151 2022 1273 2080 militem
1287 2029 1315 2081 et
1326 2024 1487 2097 legitimum
1502 2023 1611 2097 genuit,
1627 2039 1715 2096 quem
1729 2023 1760 2079 in
1772 2028 1831 2080 An-

147 2122 192 2179 ta.
253 2120 497 2191 luepuispvesul,
511 2119 592 2175 cleris
604 2118 744 2174 natalibus
758 2122 843 2184 ortes,
1012 2117 1071 2190 glia
1087 2118 1150 2191 jam
1172 2133 1273 2174 senem
1294 2134 1343 2173 rex
1366 2117 1502 2175 tierricus
1528 2117 1652 2173 honerat
1676 2133 1709 2173 ac
1724 2116 1829 2190 diligit.

254 2199 404 2256 Mitem&
417 2199 489 2267 telle
503 2197 596 2254 ἅθῦθΐθ
610 2200 663 2268 {tue
676 2199 786 2269 fufitii·
1011 2213 1089 2268 Tunc
1109 2211 1140 2266 in
1161 2210 1269 2267 munde
1290 2211 1387 2268 multae
1405 2209 1601 2267 tribulationes
1621 2214 1730 2269 erede
1753 2215 1829 2280 sunt,

183 2307 232 2362 tiic
253 2303 388 2363 Richardi
408 2303 527 2360 senioris
548 2302 628 2359 dacis
647 2318 683 2359 ex
704 2303 867 2361 Guunoride
888 2302 962 2361 filius
1011 2304 1191 2379 graviterque
1207 2305 1367 2379 terrigenas
1380 2306 1517 2361 verantes
1532 2308 1749 2377 quassaverunt.
1764 2307 1829 2362 Sar·

145 2400 210 2470 fuit,
224 2403 254 2457 et
266 2415 349 2457 mun
361 2398 445 2455 annis
458 2397 735 2472 archiepiscopatum
749 2399 962 2473 Rethemageu·
1010 2398 1107 2455 raceni
1120 2397 1247 2454 Siciliam
1267 2402 1296 2455 ct
1313 2399 1434 2467 ltaliam,
1447 2398 1572 2472 aliasque
1586 2397 1718 2471 regiones
1733 2398 1830 2453 Chris·

144 2511 205 2553 sem
219 2499 249 2551 et
265 2492 436 2550 comitatum
453 2491 665 2562 ibreicensem,
678 2496 809 2566 tempore
825 2493 962 2551 liodberti
1011 2491 1155 2547 tianorum
1168 2491 1344 2560 invaserunt,
1363 2492 1453 2548 cedes
1469 2508 1501 2547 ac
1519 2491 1634 2562 rapinas
1647 2496 1677 2548 et
1695 2491 1828 2548 incendia

145 2588 221 2662 regis
234 2586 356 2643 Francia
369 2591 397 2643 et
411 2585 523 2643 tienrici
537 2584 590 2640 lilii
607 2586 680 2659 ejus,
699 2586 783 2643 rexit.
799 2587 876 2643 Tunc
887 2590 959 2660 Aga·
1010 2587 1101 2641 muita
1120 2587 1261 2642 fecerunt.
1284 2585 1459 2642 ldanichelus
1485 2586 1643 2657 imperator
1667 2586 1827 2642 Constanti·

145 2682 221 2756 pitus
236 2683 266 2736 et
280 2679 434 2737 Gerhertus
446 2678 588 2748 Silvester,
602 2681 725 2736 loannes
737 2683 766 2736 et
780 2679 958 2752 Benedictus,
1009 2679 1147 2751 nopeleos
1167 2678 1332 2752 aggregatis
1350 2678 1464 2753 imperii
1486 2677 1593 2735 viribus
1611 2678 1779 2747 insurrexit,
1800 2684 1829 2736 et

144 2776 271 2848 itemque
291 2776 414 2830 loannes
438 2775 466 2828 et
488 2772 656 2829 Benedictus
680 2773 815 2829 Romane·
836 2773 959 2844 proefue·
1009 2772 1131 2844 repulsis
1153 2777 1217 2846 pest
1242 2773 1333 2829 multa
1359 2772 1530 2829 detrimenta
1558 2771 1730 2842 idololatris,
1757 2773 1828 2829 fines

144 2870 213 2925 runt
227 2866 366 2925 Ecclesia.
381 2866 445 2923 Otto
456 2867 565 2935 antem,
579 2865 715 2923 ilenricus
729 2871 758 2923 et
771 2868 848 2925 Cone
863 2867 958 2940 impe·
1008 2865 1231 2923 Christianorum
1248 2865 1389 2922 liberavit.
1405 2866 1473 2922 Ossa
1490 2882 1605 2940 quoque
1624 2870 1731 2922 sanctae
1750 2868 1827 2939 Aga·

145 2965 256 3019 ratores
268 2977 321 3035 per
336 2959 494 3033 legitimam
511 2959 719 3016 successionem
737 2960 960 3017 dominabantur
1008 2958 1066 3015 the
1089 2958 1208 3033 virginis
1233 2964 1262 3015 et
1286 2959 1437 3033 martyris,
1463 2958 1639 3033 aliorumque
1664 2963 1827 3016 sanctorum

144 3054 315 3127 reipublice.
352 3053 511 3109 Radbertus
543 3052 773 3126 archiepiscopus
804 3053 959 3111 mundanis
1008 3069 1138 3125 corpora,
1158 3068 1223 3109 nen
1239 3052 1426 3109 redeuntibus
1445 3052 1623 3110 finderentur
1642 3053 1772 3125 paganis,
1792 3053 1827 3110 de

145 3149 246 3223 opibus
264 3146 373 3205 affatim
386 3145 549 3216 abundavit,
568 3146 749 3204 secularibus
768 3147 894 3220 negotiis
912 3165 960 3220 op·
1008 3145 1100 3203 Sicilia
1115 3144 1392 3218 Constantinopolim
1406 3152 1571 3203 reverenter
1585 3146 1741 3204 transtulit.
1757 3148 1826 3203 Suc-

143 3242 211 3316 pido
224 3242 352 3299 intentus
368 3239 483 3311 exstitit,
498 3243 528 3298 et
539 3257 556 3296 a
568 3239 727 3297 carnalibus
738 3240 878 3298 illecebris
889 3258 957 3313 non,
1009 3240 1126 3296 cedente
1142 3240 1184 3296 illi
1200 3239 1339 3313 Diogene,
1357 3239 1519 3296 osmundus
1536 3241 1663 3312 brenget
1676 3247 1705 3296 et
1719 3241 1826 3313 Droga,

144 3337 177 3391 ut
195 3332 363 3408 pontificem
381 3332 530 3399 decuisset,
544 3332 692 3390 abstinuit.
713 3334 784 3390 Nam
804 3335 959 3408 conjugem
1007 3333 1111 3406 aliique
1125 3333 1283 3391 Normanni
1295 3336 1443 3406 caeperunt
1456 3333 1588 3407 Apuliam
1604 3333 1741 3405 incolere,
1755 3340 1784 3390 et
1796 3334 1826 3390 in

144 3428 261 3489 nomine
280 3428 445 3496 herlevam,
464 3431 498 3483 ut
516 3442 621 3496 comes,
639 3425 755 3498 habuit,
777 3444 884 3501 exque
904 3432 959 3486 tres
1007 3431 1151 3500 agarenos
1166 3427 1210 3483 vel
1223 3427 1602 3500 pseudoChristianosarme
1615 3426 1736 3484 viriliter
1748 3444 1827 3485 erer-

143 3521 228 3590 illies,
240 3520 424 3589 bichardum,
437 3519 592 3577 lindulfum
606 3523 635 3576 et
646 3520 831 3577 Guillelmum
843 3522 956 3595 gennit,
1008 3536 1081 3578 cere.
1096 3520 1227 3595 Denique
1249 3520 1411 3578 Radbertus
1430 3526 1625 3594 cognomento
1646 3522 1825 3591 Guiscardus,

143 3614 249 3689 quibus
269 3612 470 3671 Ehroicensem
494 3612 662 3669 contimtum
685 3616 714 3669 et
738 3613 809 3669 alios
833 3614 958 3672 honores
1007 3620 1072 3688 post
1087 3614 1177 3670 malta
1189 3614 1332 3670 bellorum
1345 3614 1520 3680 discrimina,
1533 3614 1613 3686 prius
1626 3615 1661 3672 ab
1677 3614 1827 3673 tlarduino

143 3707 334 3784 amplissimos
353 3705 508 3764 secundum
524 3706 572 3779 jus
590 3706 689 3763 saeculi
702 3706 856 3764 distribuit.
874 3711 905 3765 tn
917 3725 958 3766 se·
1007 3707 1195 3780 longobardo
1216 3712 1244 3766 et
1261 3708 1370 3764 Melone
1390 3712 1494 3781 nepote
1513 3708 1585 3781 ejus,
1604 3709 1791 3782 postmodum
1809 3727 1825 3765 a

142 3804 258 3862 nectute
269 3799 398 3873 tandem
412 3816 544 3857 errorum
557 3816 668 3857 memor
679 3816 805 3870 suerum,
815 3801 956 3873 poenituit,
1006 3802 1101 3857 Leone
1120 3818 1195 3875 papa
1208 3802 1285 3858 douo
1305 3801 1414 3874 recepit
1426 3801 1558 3874 Apuliam
1576 3806 1674 3859 contra
1687 3802 1824 3861 adversa·

143 3901 172 3954 et
191 3912 244 3971 pro
265 3895 392 3951 reatibus
412 3894 509 3951 multis
529 3894 699 3967 magnisque
713 3895 838 3950 multum
850 3895 956 3953 timuit.
1006 3895 1062 3951 rios
1074 3895 1163 3951 sancti
1177 3894 1265 3962 Petri,
1278 3894 1521 3967 perenniteream
1535 3894 1717 3952 defensurus.
1732 3896 1824 3963 Quam

141 3989 240 4048 hialim
266 3989 356 4062 igitur
388 3988 583 4061 eleemosynas
615 3987 790 4059 pauperibus
814 3989 956 4061 erogavit,
1007 3989 1068 4060 ipse
1089 3994 1197 4061 postea,
1216 3989 1336 4061 iuvante
1360 3989 1425 4056 lieo,
1447 3988 1561 4046 fortiter
1582 3989 1683 4059 tenuit,
1705 3996 1734 4047 et
1753 3990 1825 4047 lines

143 4084 349 4156 ecclesiamque
377 4082 625 4153 metropolitanam
651 4080 682 4135 in
705 4081 777 4137 turbe
802 4081 957 4139 liethema·
1007 4081 1125 4138 ditionis
1139 4098 1198 4138 sum
1211 4082 1241 4137 in
1255 4081 1382 4138 Siciliam
1394 4097 1485 4153 usque
1499 4084 1528 4138 et
1541 4082 1711 4152 Calabriam,
1726 4085 1824 4158 Belga-

143 4177 224 4250 geusi
236 4179 343 4233 sanctae
357 4175 405 4231 liei
417 4173 551 4231 Genitrici
565 4190 582 4230 a
596 4174 789 4230 fundamentis
803 4175 956 4246 inchoavit,
1006 4175 1138 4248 riamque
1153 4174 1289 4245 dilatavit,
1312 4174 1465 4248 liberisque
1483 4175 1541 4231 suis
1561 4176 1743 4234 haereditario
1759 4178 1824 4252 jure

141 4286 229 4343 quem
248 4283 354 4341 magna
372 4284 406 4324 ex
425 4270 506 4339 parte
525 4268 742 4324 consummavit.
765 4267 956 4325 Richardusll
1006 4267 1129 4324 dimisit.

141 4364 200 4420 dux
212 4378 265 4421 xxx
278 4362 361 4418 annis
378 4361 511 4417 ducatum
528 4360 708 4417 Normannire
722 4361 901 4419 laudabiliter
918 4366 957 4420 te·
1040 4362 1072 4418 ln
1084 4362 1258 4418 Narmannia
1269 4361 1314 4419 his
1327 4361 1504 4434 temporibus
1523 4363 1613 4419 multa
1630 4364 1704 4421 mala
1722 4365 1823 4439 nequi-

140 4456 213 4527 nuit,
226 4460 256 4513 et
267 4454 440 4529 pauperibus
454 4454 569 4524 Christi,
581 4454 689 4511 clericis
704 4460 732 4512 et
747 4456 909 4526 monachis,
924 4455 995 4528 utl)
1005 4459 1049 4511 ter
1067 4457 1179 4528 patrata
1200 4461 1276 4512 sunt.
1298 4455 1443 4512 alannum
1464 4455 1542 4512 enim
1568 4458 1705 4513 comitem
1729 4458 1821 4515 Brito·

139 4550 204 4622 pius
224 4551 321 4622 pater,
342 4548 483 4619 subvenit,
503 4551 533 4606 et
552 4549 607 4605 tria
629 4549 765 4619 coenobia,
788 4565 853 4623 que
875 4556 955 4622 peter
1004 4565 1085 4619 num,
1096 4549 1195 4623 suique
1208 4549 1287 4605 ducis
1298 4554 1431 4619 tutorem,
1445 4550 1603 4606 Normauui
1616 4567 1729 4607 veneno
1740 4569 1822 4624 pere-

139 4643 201 4715 ejus
219 4642 357 4712 fundavit,
380 4643 410 4699 id
431 4646 473 4699 est
494 4643 700 4711 fiscannense,
725 4643 752 4699 S.
775 4642 902 4700 lludeeui
922 4643 954 4699 in
1004 4658 1093 4712 mere,
1114 4647 1143 4698 et
1164 4658 1353 4700 successorem
1377 4643 1439 4716 ejus
1462 4644 1652 4700 Gislebertum
1673 4646 1821 4715 comitem,

139 4735 275 4792 suburbio
297 4736 481 4808 Rothomagi,
507 4738 536 4790 el
559 4735 589 4791 S.
613 4734 756 4790 Michaelis
776 4734 806 4791 in
828 4736 953 4808 periculo
1003 4735 1151 4792 Gedefridl
1175 4736 1276 4805 filium,
1301 4736 1463 4792 crudelibus
1485 4737 1573 4792 armis
1596 4744 1820 4810 prostraverunt,

138 4828 236 4898 maris,
259 4829 338 4884 auxit
360 4834 389 4885 et
412 4827 579 4884 defensavit.
605 4827 814 4886 Fontinellense
836 4845 952 4902 queque
1001 4846 1120 4903 seseque
1134 4829 1238 4886 mutuis
1252 4829 1451 4887 certaminibus
1464 4846 1537 4903 pene
1551 4831 1680 4904 quotidie
1691 4832 1818 4889 incredi-

139 4921 198 4978 dux
211 4921 345 4994 prefatus
360 4919 534 4989 restauravit,
551 4923 581 4976 et
597 4936 719 4993 quaeque
738 4922 885 4979 furstinus
901 4939 951 4980 seu
1001 4923 1096 4979 hiliter
1108 4929 1290 4980 necaverunt.
1304 4924 1384 4979 Tunc
1398 4923 1589 4980 Turchetillus
1604 4925 1640 4982 de
1653 4927 1819 4983 Nove-lier-

137 5014 280 5071 Gerardus
301 5012 459 5082 Fleitellus,
480 5013 585 5087 aliique
607 5029 737 5085 proceres
757 5015 896 5072 dederant
914 5017 950 5085 ei,
1001 5022 1062 5073 cate
1084 5021 1112 5073 et
1139 5018 1278 5090 liugerius
1302 5018 1338 5074 de
1360 5018 1469 5074 Taenia
1492 5022 1521 5074 et
1542 5018 1685 5075 Osberuus
1710 5020 1821 5093 dapifer

136 5123 187 5163 sua
210 5106 391 5165 concessione
415 5107 518 5164 sanxit.
543 5108 667 5164 Moriens
690 5112 786 5166 auum
807 5110 873 5167 tiliis
894 5111 952 5167 suis
1001 5111 1183 5167 Normanniae
1199 5113 1295 5168 etduo
1308 5110 1361 5167 tilii
1375 5112 1491 5184 Regerli
1511 5111 1546 5168 de
1560 5114 1819 5185 Monte-Gemerici,

136 5200 276 5257 Richardo
298 5199 398 5273 juveni
421 5206 451 5256 et
474 5201 597 5259 lieberto
618 5201 809 5275 principatum
832 5203 949 5276 dimisit,
1000 5204 1167 5261 Guillelmus
1181 5210 1209 5261 et
1226 5205 1320 5277 liugn,
1336 5204 1497 5261 liodbertus
1510 5204 1545 5262 de
1559 5205 1745 5275 bellomente,
1758 5208 1820 5264 Gal·

135 5292 239 5366 quibvu
252 5293 344 5349 honor
355 5308 503 5350 concessus
521 5310 580 5351 nou
595 5295 659 5367 plus
675 5311 762 5368 quam
779 5312 882 5353 novem
901 5314 951 5353 an·
999 5296 1128 5355 cholinus
1137 5299 1172 5356 dc
1184 5297 1318 5355 Ferrariis
1331 5306 1360 5354 st
1370 5296 1418 5353 alii
1430 5298 1528 5369 plures
1539 5298 1569 5355 in
1584 5298 1673 5355 armis
1682 5303 1818 5372 petentes

134 5385 180 5442 nis
200 5384 292 5444 cessit.
313 5387 386 5442 Nam
405 5387 561 5444 Richardus
583 5389 618 5445 Ill
640 5405 767 5454 veneno,
785 5406 844 5447 nen
865 5390 949 5465 plene
998 5392 1167 5448 alterutrum
1179 5408 1209 5449 se
1221 5395 1420 5463 peremerunt,
1431 5394 1461 5448 et
1472 5391 1667 5449 confusionem
1680 5409 1818 5468 magnam

133 5477 252 5536 hiennio
276 5483 407 5552 peracte,
429 5481 533 5553 periit,
555 5485 585 5537 et
601 5482 762 5540 Radbertus
781 5483 870 5541 frater
887 5485 948 5558 ejus
997 5489 1082 5559 atque
1094 5500 1247 5542 moerorem
1262 5485 1426 5542 necessariis
1437 5484 1542 5541 orhaim
1555 5485 1667 5559 regioni
1684 5490 1818 5561 patronis

44 5604 51 5609 -
132 5576 198 5644 post
216 5587 254 5630 vu
271 5588 364 5631 ennea
381 5577 412 5631 et
430 5573 581 5633 dimidium
600 5577 759 5633 termitem
776 5578 948 5651 peregrinus
998 5578 1166 5635 intulerunt.

132 5662 211 5722 adiit.
224 5666 363 5724 llucetnm
375 5683 443 5725 vero
456 5684 541 5725 suum
557 5668 720 5743 Guillelme,
734 5686 783 5727 vru
802 5686 947 5730 annorum
1031 5671 1179 5747 lnhnglie
1195 5672 1413 5731 hardechanuto
1433 5688 1504 5748 rege
1523 5678 1649 5745 meuuo,
1664 5674 1816 5734 Eduardus

115 5773 228 5829 puerve,
251 5778 314 5820 nou
337 5761 487 5823 rediturus
505 5762 639 5841 reliquit,
664 5763 815 5843 ipsumque
837 5765 945 5828 tlanne
994 5768 1082 5829 tuter
1093 5767 1156 5844 ejus
1173 5767 1302 5829 auduus
1316 5765 1461 5841 euomuit,
1475 5770 1584 5831 etniu
1602 5768 1688 5831 anub
1707 5770 1818 5833 attur
