3750 6046
142 150 210 237 iias
688 188 833 245 nuscum
854 187 1150 245 tiarnennueoasrs
1167 186 1273 243 nerse.
1752 154 1817 239 tiae

140 311 281 365 mundum
305 317 463 381 peccatores
485 313 574 367 salvos
591 315 693 382 lucere,
708 317 755 386 qui
780 334 809 371 se
834 318 955 371 formam
968 331 997 402 Α
1041 313 1171 385 Nunquid
1188 313 1298 368 videtur
1312 310 1364 366 tihi
1384 311 1458 366 ratio
1474 310 1529 364 ista
1543 308 1817 366 sufficienstChris-

142 403 228 458 totius
250 404 375 458 veritatis
398 405 535 474 cultibuit,
558 407 617 478 ipse
637 410 665 461 in
686 410 896 465 consecratione
913 411 957 465 sui
1006 415 1153 463 tuseuctor
1168 408 1253 478 liujus
1266 405 1449 473 sacramenti,
1461 420 1548 476 quem
1562 420 1615 477 per
1628 403 1729 459 emnia
1741 419 1821 474 epor-

144 497 324 551 sacratissimi
340 501 465 569 eorporis
480 501 574 571 primo
595 502 750 557 credendus
769 506 811 557 est
825 503 957 558 habuisse
1007 508 1046 557 tet
1063 502 1181 569 imitari,
1200 500 1319 556 sufficiat
1338 499 1389 555 tibi
1408 500 1438 554 in
1457 499 1623 570 exemplum
1636 504 1667 553 et
1680 495 1819 552 imitatio·

145 607 252 661 azymo,
270 592 347 661 quod
370 598 399 645 et
425 594 568 664 discipulis
584 596 641 648 suis
664 595 815 657 distribuit.
840 604 867 652 et
878 598 958 669 cnjus
1007 611 1092 665 nem;
1108 596 1188 666 cujus
1202 594 1366 662 auctoritas,
1384 592 1408 647 si
1421 594 1467 649 cui
1487 592 1581 647 minus
1596 591 1714 658 suflicit,
1733 590 1820 645 alium

144 685 266 738 sororem
279 686 320 738 eis
334 686 500 741 imitabilem
512 694 540 740 et
554 688 580 741 iu
595 692 899 745 commemorationem
914 691 959 746 sui
1007 696 1115 761 querat
1140 706 1203 743 cum
1231 704 1287 760 quo
1313 689 1464 759 loquatur,
1491 687 1560 758 quia
1584 701 1638 756 ego
1664 700 1735 740 eum
1760 690 1821 739 tua·

145 778 301 833 laciendum
327 780 449 851 reliquit.
471 783 509 834 lta
535 782 640 852 quippe
663 783 733 836 dixit
747 789 956 839 sacramentum
1008 800 1089 854 quum
1108 784 1261 837 hereticum
1281 784 1411 837 boruiucm
1431 785 1493 852 post
1505 782 1624 851 primam
1638 784 1664 834 ct
1677 779 1822 834 secuudum

145 872 340 927 distribuendo
359 891 364 927 :
381 877 512 944 alceipitc,
536 877 633 929 lroccst
653 893 747 946 corpus
770 895 854 932 mcum
873 880 957 947 liae,
1008 879 1179 932 monitionem
1206 879 1283 947 tiit..
1309 891 1348 943 ιιι,
1375 876 1426 945 ¹0b
1450 874 1522 928 sicut
1544 874 1694 945 Apostolus
1715 876 1822 939 monet,

146 981 212 1027 nn,
238 968 291 1036 itt),
316 970 344 1020 et
369 967 408 1020 ita
434 968 505 1021 dixit
533 970 655 1023 lormem
684 973 852 1026 sacramenti
876 973 957 1027 insti·
1008 971 1098 1025 vitare
1111 971 1184 1025 solo.
1200 970 1242 1023 Ad
1258 968 1446 1024 hocattcndat
1460 967 1583 1022 charitas
1597 971 1655 1035 tua,
1668 967 1749 1038 quod
1762 983 1824 1020 nus

147 1059 956 1136 tuendo:llorsucitciatrierimc«uuineruerotiouem(ibid).
1009 1081 1093 1135 quam
1109 1066 1138 1118 in
1164 1063 1448 1117 VeteriTestomento
1476 1062 1648 1132 praecipitur,
1674 1059 1821 1115 ueletiam

147 1154 223 1206 lstud
242 1154 294 1207 hec
315 1154 386 1208 dixit
406 1163 522 1226 propter
546 1173 673 1210 errorem
695 1160 896 1228 eproruurdam,
912 1162 959 1231 qui
1010 1158 1174 1213 conceditur
1189 1160 1361 1211 termentum
1382 1155 1477 1210 olierri
1490 1156 1518 1210 in
1539 1155 1679 1209 sacriticio
1701 1154 1820 1220 Domini,

147 1247 325 1301 insacrilicio
346 1249 442 1301 altaris
462 1266 520 1302 nou
536 1252 639 1321 putant
655 1251 957 1322 iderucorpusconse-
1009 1252 1067 1306 imo
1094 1268 1207 1322 prorsus
1232 1250 1420 1315 interdicitur,
1446 1253 1474 1304 et
1500 1248 1573 1303 sieut
1599 1248 1749 1319 ingratum
1766 1248 1820 1302 [leo

148 1340 230 1408 erari,
248 1340 323 1410 quod
347 1342 407 1411 ipse
428 1343 458 1395 in
483 1359 563 1397 caena
587 1345 708 1414 paschali
730 1348 909 1415 eorrsecravit,
933 1328 960 1401 et
1010 1345 1115 1416 ultique
1132 1346 1160 1399 iu
1177 1346 1239 1416 lege
1254 1344 1349 1399 ollerri
1362 1342 1536 1415 prohibetur.
1549 1345 1589 1396 tu
1605 1358 1737 1413 nemque
1753 1341 1821 1412 legi-

148 1434 292 1505 discipulis
311 1435 426 1490 tradidit
436 1455 444 1504 ;
469 1437 518 1490 sed
539 1437 604 1490 huic
627 1439 712 1492 verbo
733 1441 808 1510 quod
822 1442 958 1510 sequitur,
1010 1439 1099 1492 turin
1124 1439 1244 1493 Levitico
1273 1439 1343 1508 (cap.
1370 1455 1397 1503 ιι,
1426 1441 1481 1502 Η),
1505 1435 1554 1507 qui
1584 1441 1614 1490 et
1640 1435 1743 1489 Vaicra
1772 1435 1821 1488 lle·

147 1531 177 1582 ia
188 1544 274 1583 tactim
287 1526 570 1589 commemoratiouei'u,
586 1532 663 1584 stulti
679 1532 762 1585 nimis
776 1534 959 1600 inlicereutes,
1009 1533 1105 1588 hroicc
1118 1537 1316 1603 naumupatur:
1333 1533 1424 1589 Outais
1436 1531 1536 1585 oblatio
1561 1545 1621 1600 quae
1642 1530 1762 1598 offertur
1781 1531 1825 1583 llo

147 1626 249 1693 putant
264 1639 330 1677 eum
346 1624 399 1677 hoe
422 1627 533 1677 tentum
557 1624 721 1695 instituisse,
742 1627 819 1697 quod
845 1628 873 1681 in
888 1645 961 1682 corn·
1010 1630 1082 1681 mino
1102 1628 1202 1696 ubsque
1223 1628 1356 1693 sermome
1376 1629 1432 1693 fiet,
1454 1640 1501 1678 aec
1523 1625 1675 1693 quidquam
1697 1625 1827 1690 [cromati

150 1718 386 1771 memorationem
409 1720 530 1784 tantum,
546 1722 573 1773 et
600 1736 656 1772 nou
679 1719 708 1772 in
724 1720 872 1775 veritatem
886 1702 1043 1791 ejus-Bac
1066 1720 1151 1774 mellis
1177 1720 1328 1773 adolebitur
1350 1719 1380 1772 iu
1400 1719 1531 1786 sacrificio
1552 1718 1673 1771 Domini.
1701 1718 1775 1771 ltcm
1799 1716 1825 1769 in

152 1808 217 1863 dein
243 1810 285 1863 sui
315 1810 442 1881 corporis
468 1817 644 1866 sacramento
671 1813 767 1866 altaris
791 1813 963 1869 celebranda
1013 1814 1224 1883 Leviticoteap.
1247 1828 1294 1873 vn,
1320 1811 1385 1880 ill:
1411 1815 1521 1866 Haeest
1544 1812 1587 1865 lae
1611 1811 1707 1864 bestiae
1734 1812 1823 1878 pecip-

150 1905 325 1967 cssent.lloc,
335 1904 438 1974 inquit,
449 1909 486 1959 est
496 1921 591 1975 corpus
604 1922 699 1973 meum,
711 1909 758 1961 boc
769 1907 961 1979 tacite(ibid.);
1012 1925 1103 1963 corum
1117 1927 1124 1961 :
1140 1910 1165 1961 si
1173 1923 1225 1977 pro
1247 1909 1400 1975 pretiorum
1423 1908 1527 1959 actione
1550 1906 1636 1971 suerit
1660 1904 1773 1969 oblatio,
1785 1904 1826 1970 ot-

151 1997 209 2057 boc,
224 1997 253 2049 id
264 2003 304 2050 est
315 1996 341 2051 id
357 1996 447 2067 ipsum
462 2015 575 2068 eorpus,
592 2017 648 2052 non
659 2004 770 2053 torrium
786 2002 814 2055 in
837 2018 961 2056 comme·
1011 2004 1100 2070 (meat
1117 2016 1203 2071 poucs
1228 2001 1327 2070 ubsque
1340 2002 1471 2066 [crimme
1492 2013 1648 2068 conspersos
1663 1998 1732 2059 olco,
1754 2002 1780 2053 et
1792 1997 1826 2051 lo·

151 2090 352 2159 morationem,
369 2091 459 2145 sedin
482 2093 573 2162 ipsam
599 2093 724 2163 corporis
740 2095 961 2149 meromrcrito-
1012 2111 1084 2163 qaue
1105 2110 1202 2163 uzqrau
1224 2098 1307 2148 uncto
1333 2094 1400 2155 oleo,
1425 2097 1577 2162 coctumque
1602 2093 1736 2146 similam.
1763 2091 1826 2146 ltem

150 2188 208 2238 tem
222 2185 315 2251 facite,
332 2183 415 2238 idest
438 2191 608 2241 consecrate.
636 2187 715 2250 Ocrod
731 2194 826 2242 autem
841 2188 919 2256 dixit,
933 2192 963 2242 iu
1012 2190 1116 2260 (itum,
1133 2204 1160 2242 ιι
1187 2191 1248 2257 l3):
1263 2190 1322 2242 istu
1344 2193 1383 2241 cst
1405 2188 1448 2241 teu
1458 2202 1510 2255 pro
1524 2187 1727 2241 consecratione
1742 2203 1749 2240 :
1765 2187 1826 2242 Cum

151 2292 237 2334 mcum
251 2282 535 2341 commemorationem,
564 2281 617 2334 hoe
631 2281 717 2334 voluit
739 2281 870 2351 intelligi,
886 2283 962 2353 quod
1012 2282 1217 2351 coroplcbuutur
1237 2281 1303 2343 dies,
1318 2296 1384 2350 quos
1397 2296 1430 2335 ea
1443 2284 1502 2334 coto
1525 2282 1586 2348 quis
1599 2280 1766 2345 decreuerat,
1786 2280 1824 2345 0!-

151 2375 362 2427 sacramcntum
395 2373 452 2426 reri
483 2373 608 2442 corporis
639 2391 818 2446 nequequam
847 2382 963 2447 propter
1011 2379 1080 2443 seret
1102 2376 1262 2429 oblationem
1288 2376 1410 2435 Domino,
1436 2389 1537 2441 equum
1560 2374 1771 2427 iuimaculutum
1799 2374 1825 2426 iu

150 2465 236 2533 aliud,
253 2465 302 2519 sed
316 2465 482 2536 simpliciter
506 2467 536 2521 in
549 2468 717 2523 memorium
740 2470 877 2539 passionis
901 2471 962 2539 ejus
1013 2470 1206 2534 liolocuustum,
1220 2483 1294 2522 ouem
1316 2467 1472 2521 dulciculum
1484 2467 1692 2521 immaculatum
1702 2482 1757 2535 pro
1767 2482 1823 2535 pec·

151 2563 179 2613 et
195 2558 315 2613 salutem
339 2560 498 2613 animorum
514 2560 615 2615 debeat
636 2562 793 2616 afidelilms
815 2563 960 2617 celebrari.
1012 2569 1082 2625 eicio,
1096 2565 1205 2616 arietem
1218 2562 1431 2621 immaculatum,
1450 2562 1563 2614 bostium
1572 2562 1729 2629 pacificum,
1745 2562 1825 2613 curiis-

150 2654 197 2708 Sic
211 2652 289 2707 enim
304 2653 543 2725 dicitupostotus:
560 2656 878 2727 Quotiescumquepurtem
892 2660 962 2712 bum
1014 2664 1086 2711 trum
1111 2672 1216 2727 quoquc
1237 2671 1343 2725 pauum
1367 2670 1530 2723 uzqruorum,
1549 2656 1597 2723 qui
1624 2656 1765 2722 couspcrsi
1776 2655 1824 2706 siut

149 2748 362 2809 munctueubitis,
384 2753 409 2802 et
431 2749 539 2802 calicem
564 2750 635 2801 butue
656 2751 759 2811 bibetis,
781 2758 889 2805 circutum
910 2754 961 2806 llo·
1012 2752 1077 2813 olco,
1093 2754 1117 2804 et
1131 2751 1231 2818 tuqoao
1242 2749 1341 2817 ubsque
1353 2749 1484 2814 fermento
1495 2754 1578 2800 cerreto
1594 2748 1663 2800 oleo.
1680 2748 1752 2800 ltem
1775 2745 1825 2817 tle·

148 2842 433 2904 mirri‹rrirtuutiubiiis
450 2843 670 2909 dorcacaeuiuttl
688 2844 881 2912 Cor.,x1,‘26).
899 2848 963 2899 Cre·
1011 2847 1073 2907 ait,
1090 2861 1124 2906 ιι,
1152 2844 1215 2900 til:
1246 2843 1300 2896 istu
1327 2846 1364 2896 cst
1392 2841 1436 2895 teu
1456 2842 1582 2909 sacrificii
1605 2845 1631 2895 et
1656 2840 1822 2894 libaminum.

149 2934 277 2989 dendum
293 2939 337 2989 est
352 2935 450 3007 itaque
469 2936 611 2992 Christum
625 2937 654 2990 in
680 2954 784 3008 magna
796 2940 881 2993 Cornu
895 2940 960 2992 Pas·
1014 2939 1097 2992 Totae
1124 2936 1247 2990 sacerdos
1273 2935 1407 3005 pupillum
1432 2935 1527 2989 simite
1550 2949 1611 3003 quae
1633 2949 1780 3003 consperso
1792 2936 1823 2987 ai

150 3029 224 3084 ehali
237 3046 336 3100 azyma
352 3033 463 3084 tantum
483 3029 626 3097 habuisse,
642 3036 670 3084 et
684 3031 751 3085 illud
765 3036 960 3085 consecratum
1012 3032 1077 3092 olco,
1093 3030 1262 3099 adolebitque.
1285 3032 1313 3083 iu
1330 3030 1418 3081 cillere
1437 3030 1465 3081 ia
1485 3028 1589 3081 odorem
1612 3029 1821 3091 mercissimmm

148 3122 178 3177 in
189 3140 290 3194 comus
305 3138 389 3176 suum
405 3122 548 3194 discipulis
563 3123 619 3177 suis
636 3124 805 3195 [tradidisse]
819 3125 884 3195 quia
899 3126 959 3195 ipse
1010 3125 1142 3193 reliquum
1168 3129 1257 3176 uidem
1275 3128 1382 3191 purtem
1398 3122 1496 3175 simila
1513 3120 1631 3175 comedet
1656 3122 1755 3174 etcrrou
1771 3136 1821 3173 ceu

149 3216 185 3271 de
202 3233 231 3269 so
245 3216 305 3286 ipso
320 3215 388 3269 dixit
404 3233 411 3270 :
430 3220 489 3273 Non
508 3220 569 3271 retii
582 3218 663 3284 lcqem
684 3219 793 3277 solvere.
809 3219 856 3273 scd
870 3220 958 3273 odim
1008 3217 1073 3287 filiis
1091 3216 1189 3284 ubsque
1205 3216 1345 3282 fermento,
1367 3220 1391 3268 ct
1406 3214 1520 3269 coruedct
1538 3215 1567 3266 iu
1584 3212 1640 3266 loco
1662 3214 1820 3267 sanctuarii.

145 3307 220 3377 plcre
235 3307 355 3376 (Mutila,
378 3322 403 3368 ι’,
423 3306 475 3377 li).
491 3308 545 3360 Lex
563 3306 736 3361 autemdicit
749 3308 777 3361 in
793 3308 896 3373 Exodo,
911 3309 958 3378 qui
1010 3310 1071 3364 ldco
1093 3314 1182 3363 autem
1197 3324 1250 3362 mm
1272 3308 1490 3375 fermentabitur,
1513 3309 1578 3375 quio
1590 3320 1661 3376 pers
1680 3308 1741 3375 ejus
1753 3306 1821 3375 offer-

150 3403 180 3453 et
206 3399 382 3453 Hellesmoth
413 3399 547 3454 Hebraico
576 3400 707 3454 dicitur:
735 3404 825 3455 Pu'mo
859 3417 958 3464 arciense,
1011 3409 1055 3457 tur
1081 3406 1110 3457 iu
1139 3406 1273 3457 iuocusum
1300 3404 1426 3467 Douniui,
1455 3403 1638 3470 structamque
1673 3405 1820 3455 sauctorum

149 3497 250 3563 quarto
274 3493 378 3547 decimo
399 3494 443 3548 die
464 3496 571 3556 mmsis,
598 3495 636 3548 ud
659 3510 796 3565 uesperum
820 3496 960 3549 eoiiiedctis
1010 3499 1070 3552 erit.
1088 3498 1156 3551 ltem
1178 3495 1207 3548 in
1221 3493 1316 3550 Exodo
1347 3494 1599 3565 (eap.xx111,l8l:
1627 3496 1690 3551 Noa
1706 3494 1819 3549 inimola-

148 3602 245 3655 ozpmu
267 3602 349 3657 usquc
375 3590 405 3641 ia
429 3587 498 3642 dieta
525 3590 676 3643 uicesiumm
698 3591 815 3657 priimam
841 3588 960 3655 ejusdcm
1011 3591 1051 3646 bis
1088 3606 1167 3660 super
1203 3590 1365 3656 sciriquiuem
1401 3589 1493 3641 bosticc
1532 3602 1605 3641 mea.
1643 3589 1719 3642 ltem
1756 3586 1820 3656 (cop.

147 3682 259 3743 arensis,
274 3681 311 3735 od
336 3696 493 3751 acceperam
520 3688 618 3752 septem
638 3682 730 3735 diebus
744 3696 797 3735 aori
811 3684 961 3736 inuenietur
1010 3700 1085 3747 nn,
1113 3683 1160 3751 il:
1192 3683 1277 3737 Totlcs
1303 3696 1387 3751 peaes
1411 3696 1516 3750 azymos
1543 3686 1568 3735 et
1591 3682 1745 3735 emeterium
1767 3680 1820 3734 ubs-

146 3778 307 3843 sermeutum
323 3778 351 3829 ia
374 3776 497 3831 circuibas
518 3778 622 3831 restris.
647 3778 801 3846 Quicunque
820 3777 960 3831 comederit
1010 3793 1060 3847 que
1071 3778 1201 3842 terrulente
1215 3791 1275 3845 qum
1296 3790 1440 3845 coasqiersae
1459 3780 1521 3829 suut
1546 3774 1612 3836 olco,
1640 3775 1747 3843 tuqaaa
1767 3788 1822 3843 quo·

144 3872 345 3937 immantatum,
368 3870 466 3938 peribit
498 3873 590 3923 ultima
614 3870 670 3938 ojus
702 3870 734 3923 dc
768 3875 834 3924 rectu
866 3872 957 3934 ismiel,
1010 3888 1061 3941 que
1088 3872 1142 3925 oleo
1167 3870 1217 3923 lite
1243 3868 1348 3939 (Leuit,
1380 3884 1453 3930 xxiv,
1488 3867 1525 3938 ti).
1557 3868 1694 3924 Similiter
1725 3882 1822 3937 quoquc

149 3968 205 4016 tam
218 3962 251 4016 de
273 3962 384 4016 oducuis
403 3963 530 4031 quamde
555 3963 688 4029 iudiqeuis
702 3970 789 4017 terra.
810 3963 959 4029 diatreta-
1010 3964 1145 4018 octodecim
1170 3977 1255 4033 peaes
1275 3964 1468 4032 propositionis
1489 3961 1522 4015 dc
1543 3977 1614 4031 puru
1643 3962 1737 4015 stuata
1751 3963 1821 4021 cocti,

127 4062 131 4071 '
147 4061 265 4110 moutam
275 4070 329 4109 uon
339 4056 489 4117 comedetis,
503 4056 961 4111 iucuactisbobitotiouibusueslris
1010 4060 1059 4128 qui
1070 4073 1151 4128 supra
1168 4072 1286 4111 metuam
1295 4057 1471 4126 purissimum
1492 4056 1653 4109 altrinsecus
1665 4057 1727 4109 serii
1740 4070 1822 4109 corum

147 4148 286 4203 comedetis
298 4163 396 4216 asyma
415 4149 522 4218 (Ereti,
538 4166 587 4215 ιιι,
605 4149 656 4219 ts).
673 4148 744 4213 Ouia
759 4149 846 4219 igitur
858 4166 958 4203 secun·
1012 4140 1121 4207 bocaico
1144 4152 1227 4221 positi
1247 4154 1321 4215 suut,
1353 4154 1379 4203 ct
1402 4165 1452 4219 per
1481 4148 1590 4216 siuqulu
1620 4146 1748 4202 Sabbute
1772 4164 1824 4201 mu·

150 4240 961 4313 dumniandatumlegisinillisseptemdiebuspascha·
1012 4245 1155 4299 tobuatur.
1181 4248 1301 4314 llzymos
1326 4241 1410 4297 fuisse
1439 4257 1524 4295 nemo
1560 4239 1694 4303 dubitat,
1721 4241 1770 4312 qui
1793 4240 1821 4293 rt-

148 4334 352 4391 libusinnulla
373 4335 786 4409 domoisroclinventumost
806 4336 960 4391 fermento·
1010 4337 1064 4392 lius
1095 4337 1246 4409 Scriptura
1280 4335 1410 4389 notitiam
1443 4334 1621 4405 aliquatenus
1650 4334 1759 4389 habere
1785 4334 1820 4386 vi·

148 4435 221 4499 tum,
241 4428 289 4485 sed
302 4432 413 4484 tantum
428 4430 522 4484 solum
535 4445 642 4499 azynro,
658 4435 686 4484 et
700 4430 828 4485 Christus
842 4433 1000 4511 reueratl)
1012 4431 1119 4486 deutur.

148 4541 206 4579 non
226 4523 332 4577 solvere
347 4522 454 4593 legem,
470 4523 519 4577 sed
534 4522 701 4593 adimplere,
722 4523 905 4577 manifestum
919 4526 961 4578 est
1045 4524 1128 4579 Vides
1142 4524 1238 4594 itaque
1249 4521 1465 4594 quamevidcuti
1476 4520 1596 4581 ratione.
1612 4523 1824 4592 quamrefirma

149 4634 216 4672 eum
230 4617 258 4671 in
272 4633 350 4672 corna
364 4617 496 4688 paschali,
509 4617 556 4671 obi
566 4617 741 4671 consecravit
751 4633 853 4688 corpus
867 4633 959 4685 suuni,

148 4727 245 4783 azymo
270 4710 412 4776 lmhuisse,
444 4714 472 4763 et
498 4709 566 4764 illud
594 4725 783 4778 consecrasse,
809 4711 961 4781 antiquum

147 4803 254 4877 paseha
268 4803 306 4858 ito
320 4803 438 4875 quidem
453 4802 675 4858 consummando
691 4806 720 4857 et
735 4819 839 4857 novum
858 4804 961 4875 pasche

147 4896 296 4953 initiando.
311 4897 392 4951 Unde
407 4896 484 4951 enim
497 4896 537 4951 illi
559 4898 744 4963 fermentum,
762 4897 838 4967 qaod
863 4898 960 4968 utique

147 5006 200 5063 per
215 5007 316 5046 omnes
330 4990 431 5045 domos
444 4991 530 5045 lsrael
552 4990 580 5043 in
601 4990 656 5044 illis
679 4994 787 5062 septem
803 4990 901 5046 dicbus
917 5007 958 5046 se·

149 5083 276 5138 cundum
294 5083 387 5154 legem
412 5088 473 5138 erat
498 5083 684 5154 prohibitum,
710 5089 737 5138 ct
761 5090 817 5138 tam
843 5084 960 5138 advenis

148 5192 236 5247 quam
242 5176 383 5247 indigenis
393 5177 445 5231 sub
455 5182 531 5232 certo
542 5177 730 5232 damnationis
738 5178 863 5248 periculo
874 5178 959 5234 inter·

148 5268 256 5323 dictum
271 5273 299 5325 et
309 5270 431 5325 vetitum
439 5270 454 5324 ‘t
467 5270 524 5325 Nisi
535 5271 608 5325 torte
620 5271 784 5327 indeletam
795 5271 960 5343 tibiopinio-

146 5376 215 5415 nem
227 5360 338 5431 fingere
359 5362 439 5431 velis,
454 5363 529 5435 quod
543 5363 603 5434 ipse
617 5368 752 5437 tanquam
772 5364 959 5444 Omnipotens

146 5467 254 5509 notum
275 5453 329 5509 sihi
343 5455 517 5511 tormentum
534 5456 649 5512 tunced
671 5457 727 5514 hoe
748 5464 959 5513 sacramentum

141 5545 347 5617 complendum
372 5549 527 5620 creavcrit;
555 5549 632 5620 quod
655 5566 715 5607 non
741 5553 834 5608 solum
858 5555 959 5608 eontra

122 5638 326 5712 Evangelium,
345 5658 448 5701 rerem
461 5643 550 5703 etiam
566 5647 670 5705 contra
683 5662 804 5705 omnem
816 5644 960 5706 uerisimi-

103 5730 268 5795 litudinem
282 5752 348 5799 esse
361 5744 490 5801 censat.

1011 4617 1178 4672 auctoritate
1204 4615 1365 4670 institutum
1382 4615 1426 4683 sit,
1444 4616 1520 4686 quod
1532 4615 1561 4668 in
1580 4615 1722 4670 sacriticio
1734 4615 1825 4670 altaris

1011 4711 1104 4782 potius
1114 4710 1254 4765 utendum
1269 4710 1305 4763 sit
1316 4725 1425 4780 azymo,
1441 4724 1528 4779 qtram
1548 4707 1705 4761 ferniento.
1720 4709 1825 4779 Ubique

1011 4805 1089 4859 erum
1105 4804 1280 4858 termentum
1297 4802 1487 4872 corruptionis
1503 4799 1697 4871 improbatur,
1713 4807 1771 4855 eta
1786 4817 1824 4855 sa·

1011 4897 1114 4953 criticio
1128 4896 1303 4968 prohibetur,
1320 4900 1349 4949 ct
1362 4895 1469 4966 ubique
1483 4909 1599 4965 azymus
1614 4894 1791 4950 sinceritatis
1801 4899 1826 4948 ct

1010 4990 1135 5046 ueritatis
1162 4989 1309 5061 probatur,
1333 5004 1383 5060 per
1408 4988 1487 5058 cujus
1514 5002 1629 5057 quoque
1655 4986 1826 5043 oblationem

1010 5086 1081 5140 [leus
1093 5083 1129 5138 ad
1142 5082 1468 5155 propitiandumpopule
1482 5081 1618 5151 placatur.

1045 5176 1175 5231 Nechitcs
1200 5174 1430 5246 archiepiscopus
1455 5172 1626 5228 Nicomedia
1650 5173 1750 5229 dixit:
1774 5176 1826 5231 aa·

1010 5271 1123 5325 tionem
1136 5286 1220 5342 quem
1235 5257 1401 5340 promisisti,
1416 5267 1484 5321 satis
1499 5265 1710 5324 convenienter
1721 5273 1751 5324 et
1763 5285 1826 5341 pie·

1008 5363 1149 5431 habiliter,
1161 5365 1259 5434 utpote
1275 5362 1388 5433 magnis
1402 5358 1620 5415 auctoritatibus
1632 5359 1768 5417 innixam
1778 5362 1824 5417 ad·

1008 5456 1111 5512 duxisti
1126 5473 1133 5525 ;
1149 5461 1178 5510 et
1200 5471 1255 5527 ego
1277 5455 1353 5526 quod
1379 5469 1478 5509 verum
1494 5468 1554 5508 esse
1581 5459 1709 5524 constat,
1722 5470 1826 5528 negare

1008 5566 1067 5607 non
1079 5551 1182 5620 audeo,
1195 5566 1232 5605 ne
1244 5548 1320 5604 torte
1328 5548 1449 5603 induam
1458 5546 1719 5605 subitonotebilem
1725 5548 1825 5605 huam

1007 5643 1143 5719 pudentis
1156 5660 1189 5698 aa
1199 5641 1404 5711 erubescentis,
1418 5644 1447 5696 et
1459 5639 1565 5697 amasa
1577 5639 1678 5699 nonis
1691 5642 1826 5701 mnnita·

1020 5741 1061 5799 its
1072 5752 1220 5797 assumam
1240 5734 1582 5807 iuuenumosumsdtum
1600 5732 1787 5809 eontmieniu,
1798 5740 1825 5795 et
