3750 6046
86 160 120 226 ab
771 162 931 228 innuantur
957 160 1087 227 ttrsttts
1735 176 1770 227 ee

86 293 198 365 cipibus
212 294 325 350 veritati
345 295 480 368 nequiter
498 295 711 368 derogantibus,
735 295 905 351 Nicodamus
915 306 944 378 Α
991 296 1120 362 Eqressas
1135 295 1197 349 terte
1214 297 1289 349 Jesur
1312 295 1416 350 secessit
1437 298 1466 350 r'u
1483 302 1577 367 partes
1594 299 1660 366 Tyri
1680 305 1706 351 et
1726 299 1769 353 Si-

87 390 257 445 aueteritate
269 390 341 460 legis
355 391 530 461 compescuit
549 406 648 445 eorum
667 389 790 445 nefarios
804 405 901 445 auseis.
955 388 1042 451 denis,
1063 388 1159 459 ibique
1173 405 1189 442 a
1203 389 1322 443 inutiere
1341 389 1503 444 Clranenaea
1516 389 1711 461 interpellatus
1727 396 1772 444 est

87 481 216 554 Denique
235 483 314 537 nulle
337 485 463 554 perlecto
475 484 600 554 negotio,
614 484 693 539 vacui
706 482 762 538 llde
775 490 804 537 et
823 482 902 538 omni
951 497 1005 554 pro
1024 480 1082 535 filia
1101 482 1287 549 daemoniaca,
1308 481 1436 552 precibus
1460 484 1566 538 multis.
1587 483 1771 555 ltdiscipulis

89 575 209 631 trandati
229 577 361 645 utilitate,
374 593 441 632 suos
455 578 528 632 lares
547 577 724 648 repetierunt
737 578 840 646 (reare,
855 592 901 644 an,
951 574 1036 630 etiarn
1052 580 1178 643 rogatas,
1196 580 1258 646 pest
1280 575 1484 647 aliquantulam
1504 576 1703 631 diltlcultatern
1718 594 1767 632 ae-

90 669 173 737 t·53l.
953 668 1068 738 quievit,
1085 675 1113 723 et
1128 669 1239 724 larideta
1254 669 1353 724 matris
1373 669 1428 724 fide
1448 677 1476 724 et
1500 671 1663 725 hnmilitate
1680 671 1770 726 lllianr

122 767 196 820 lesus
209 766 272 819 inde
286 768 315 821 iu
335 774 451 821 ruentem
478 767 576 824 Otteetr'
597 769 729 836 percerte,
753 768 903 833 iterumque
952 761 1126 817 adaemonie
1140 762 1268 817 liberarit
1283 765 1403 830 (hatte,
1421 780 1464 830 xv,
1483 767 1588 829 rt-rtm
1607 768 1705 828 titire,
1721 782 1771 831 an,

88 857 205 912 diluculo
226 861 254 912 iu
279 860 408 929 ternplum
428 862 512 914 srenit.
532 859 572 913 lbi
600 859 717 913 [lemine
735 859 849 913 sedente
875 860 903 910 et
952 856 1054 925 ‘tt-ae).

83 952 208 1033 ’docento
229 955 317 1007 arrrns'e
330 953 448 1022 popalus
466 952 502 1006 ud
522 968 580 1007 eum
602 955 684 1015 euru,
699 955 729 1006 et
748 952 901 1006 adductam
988 951 1087 1004 arran
1100 951 1240 1020 definieras
1259 953 1332 1020 lbet,
1349 951 1513 1024 metropolis
1526 951 1768 1019 chananaeorum,

89 1044 238 1101 rrrulierenr
268 1046 295 1098 in
325 1045 465 1101 adulteria
487 1046 696 1117 deprehensam
713 1045 822 1117 justitia
839 1061 903 1100 eon·
952 1046 1025 1097 uenit
1042 1059 1092 1112 per
1109 1044 1246 1105 Sidonem,
1267 1044 1406 1100 Phaerrieis
1426 1044 1528 1100 urbem
1546 1046 1585 1099 ad
1603 1046 1770 1101 maretlalr'·

92 1138 247 1204 demnarit,
262 1139 308 1193 sed
320 1139 471 1193 dulcedine
481 1139 596 1211 pietatis
606 1155 664 1194 sne
674 1138 791 1194 absolsit
801 1140 900 1211 (loen,
953 1138 1017 1197 lae,
1051 1140 1120 1192 inter
1141 1137 1240 1192 medios
1261 1141 1326 1206 fines
1350 1140 1518 1210 Desupeleee
1544 1138 1581 1192 lbi
1607 1140 1721 1194 erardum
1745 1146 1771 1191 rt

90 1247 148 1298 arri,
177 1235 257 1301 i-tq.
289 1232 450 1288 Pharisaica
476 1234 553 1288 trans
580 1234 767 1304 muscipulam
792 1232 903 1289 Christo
952 1239 1057 1285 mutum
1086 1232 1118 1286 rte
1146 1232 1227 1286 turbe
1244 1247 1360 1286 seorsum
1382 1231 1581 1303 apprehendit,
1612 1234 1770 1303 stipitesque

90 1331 259 1396 praestruere
272 1327 392 1398 putarit,
406 1326 475 1381 dum
495 1326 657 1398 opinionem
678 1326 740 1397 ejers
755 1343 825 1398 erga
845 1327 903 1398 ple·
952 1340 1013 1379 sues
1034 1327 1064 1379 a'u
1082 1327 1222 1380 errateulos
1243 1327 1302 1393 ejus
1322 1328 1413 1387 misit:
1434 1333 1459 1380 et
1481 1341 1622 1396 respuens.
1646 1327 1770 1396 linquam

2 1454 6 1461 -
88 1420 157 1474 bern
177 1420 317 1474 etlnseare
333 1421 460 1485 tentavit,
477 1427 504 1475 et
525 1421 617 1492 ipsum
633 1424 681 1474 nau
695 1419 842 1474 crudelem
855 1426 904 1474 aut
955 1419 1012 1487 rjus
1037 1421 1134 1484 retent.
1159 1421 1313 1490 Suspretees
1337 1425 1425 1473 nartem
1448 1421 1476 1472 tn
1501 1421 1606 1482 cetuna,
1636 1422 1770 1487 inperauit

43 1502 46 1507 ¹
91 1514 229 1584 injustum
241 1512 576 1584 probabiliterestentare
587 1514 778 1586 sategith'am
793 1512 903 1567 siream
953 1518 978 1565 et
1004 1516 1044 1567 ur't
1069 1513 1113 1567 err
1143 1529 1149 1566 :
1179 1513 1329 1583 llphpheta,
1355 1513 1428 1583 qued
1452 1519 1492 1567 est
1517 1512 1677 1584 adaperire.
1702 1516 1767 1570 Stu-

85 1608 166 1677 juxta
180 1607 327 1662 decretum
345 1607 430 1678 lloysi
451 1607 679 1674 condemnasset,
694 1607 774 1679 quasi
796 1623 901 1661 saevum
954 1605 1001 1658 ttm
1023 1611 1125 1676 aperta
1150 1612 1214 1659 susat
1245 1621 1326 1660 eures
1352 1608 1407 1674 qus
1430 1613 1455 1660 et
1479 1607 1648 1661 solutumest
1675 1609 1771 1661 elaeu-

87 1707 116 1754 et
137 1700 256 1755 oblitum
283 1701 488 1756 misericordiae
512 1718 597 1773 qnam
628 1699 801 1774 predicebat
827 1672 1010 1754 deri-Bam
1025 1699 1126 1766 litaque
1140 1699 1234 1768 rjuset
1248 1699 1406 1768 loquebatur
1427 1704 1507 1755 recte.
1529 1700 1561 1753 Et
1585 1699 1679 1753 mirati
1702 1706 1771 1754 sunt

92 1794 190 1849 sisset:
207 1799 236 1849 et
251 1795 291 1849 sic
306 1794 436 1849 ediosnrn
451 1795 583 1864 turbis,a
602 1795 705 1866 quibus
723 1793 903 1865 diligebatur,
955 1791 1005 1862 qni
1027 1799 1180 1860 neverant,
1205 1792 1321 1847 anseres
1336 1809 1343 1846 :
1360 1794 1429 1847 Beue
1452 1795 1542 1847 carrata
1566 1795 1649 1859 serite
1664 1803 1689 1848 et
1709 1809 1770 1848 sur-

88 1882 205 1943 lae'eret.
226 1887 253 1943 si
279 1904 346 1942 aero
371 1889 509 1943 maeclrem
533 1905 585 1960 pro
611 1888 764 1943 elementia
787 1886 903 1959 lapidari
955 1885 1002 1939 des
1015 1886 1080 1951 feeit
1093 1887 1202 1949 audire,
1216 1893 1242 1942 et
1255 1887 1428 1956 rnarosteqat
1441 1889 1551 1957 tlttrrr„
1566 1903 1612 1952 vn,
1627 1889 1731 1954 31-3741

92 1981 294 2053 prohibuisset,
313 1982 395 2052 qnasi
411 1981 485 2054 legis
501 1981 695 2037 adversarium
715 1986 744 2036 et
762 1980 904 2036 lentorem
991 1979 1077 2034 Secus
1094 1995 1173 2034 mare
1185 1979 1306 2035 Galilaeae
1322 1981 1446 2047 veniens,
1467 1982 1495 2034 iu
1519 1982 1647 2035 montem
1668 1996 1768 2035 aseen-

90 2075 228 2130 scalernm
245 2075 475 2130 condemnasset.
495 2076 567 2130 Vera
585 2074 691 2146 Sophia
703 2075 781 2129 velut
791 2089 905 2128 araneae
955 2071 997 2126 dit
1010 2077 1038 2127 et
1053 2072 1158 2127 multas
1171 2072 1267 2128 turbas
1283 2072 1319 2127 ad
1338 2089 1405 2127 eum
1416 2073 1582 2128 aecedentes
1595 2073 1701 2128 decuit.
1726 2072 1768 2127 lbi

92 2170 137 2223 tlla
153 2167 236 2224 doles
247 2168 450 2224 sceleratorum
469 2168 592 2240 disrupit
609 2172 648 2237 et,
667 2168 745 2240 regie
764 2167 903 2239 dignitate
956 2171 1049 2219 mutes
1062 2172 1091 2220 et
1102 2166 1229 2230 claudes,
1246 2182 1344 2233 caecos,
1359 2166 1467 2221 debiles
1481 2172 1511 2221 et
1522 2167 1590 2221 alios
1608 2167 1712 2221 multos
1732 2167 1770 2222 ad

91 2262 239 2334 utrubique
253 2266 363 2317 servata
379 2263 487 2334 absque
506 2262 714 2334 impedimento
727 2261 902 2333 pertransiit.
953 2257 1040 2329 pedes
1054 2259 1115 2329 ejus
1128 2261 1269 2331 preJ'eotos
1283 2260 1409 2326 curarit;
1425 2261 1464 2314 ita
1478 2266 1509 2316 ut
1520 2260 1612 2341 turbae
1626 2260 1767 2315 miraren-

88 2357 136 2411 att
158 2356 235 2410 enim
251 2373 257 2410 :
274 2356 325 2422 Qut
345 2359 521 2427 strupecceta
541 2362 578 2411 est
602 2361 730 2418 uestrrnu,
744 2358 850 2425 primus
875 2358 903 2409 in
957 2357 1012 2420 tur,
1027 2344 1096 2409 dnm
1110 2355 1240 2410 riderent
1261 2362 1354 2410 mutes
1380 2355 1469 2427 loqui,
1484 2354 1599 2411 claudes
1622 2355 1769 2411 ambulare

90 2451 169 2505 ittam
182 2450 301 2520 lapidem
313 2452 406 2505 mittat
419 2450 511 2522 libid..
526 2452 563 2519 7).
954 2459 982 2509 et
994 2463 1084 2503 eneas
1096 2448 1192 2505 ridere
1208 2450 1331 2517 (narrt,
1346 2465 1390 2517 xv,
1406 2450 1513 2519 batt).

128 2547 158 2598 ln
174 2544 618 2615 primecommatetemperantia
630 2542 855 2610 estmiserantis,
870 2542 899 2595 in
991 2549 1056 2602 nee
1079 2544 1209 2600 similiter
1223 2544 1252 2599 in
1272 2549 1367 2598 sancta
1388 2542 1509 2598 Ecclesia
1527 2543 1665 2597 Dominus
1685 2543 1768 2613 spiri·

88 2637 219 2710 sequenti
243 2637 354 2708 justitia
367 2637 530 2707 judicantis.
553 2636 695 2692 lnelinnns
713 2653 743 2690 se
757 2635 903 2704 deorsum,
954 2640 1058 2697 tualier
1070 2643 1215 2709 operatur,
1231 2637 1312 2708 eujus
1334 2652 1388 2709 ope
1400 2636 1484 2692 turba
1502 2642 1681 2708 peecatorum
1696 2653 1768 2708 qao·

89 2731 179 2802 digito
202 2729 342 2785 scribebat
365 2731 393 2784 in
420 2734 538 2799 terram,
560 2730 734 2802 ancipitique
763 2729 840 2785 serbi
861 2728 903 2783 sui
955 2734 1022 2789 tidie
1036 2732 1167 2789 salvatur.
1179 2731 1246 2787 liuti
1264 2733 1331 2785 sunt
1345 2730 1393 2801 qui
1405 2730 1626 2785 [lominumnon
1641 2730 1767 2794 laudant,

89 2824 185 2896 gladio
207 2824 366 2896 penetrarit
391 2823 590 2878 insidiatorum
619 2822 832 2878 conscientiam.
858 2822 904 2877 Sis
954 2824 1370 2883 necttdomaontttentar.Caeci
1386 2823 1768 2896 suntqutnonintelltgunt‚

89 2917 286 2973 serrariteece
308 2933 359 2988 per
372 2917 469 2973 omnia
483 2922 512 2972 et
523 2916 641 2988 justitias
656 2916 862 2971 districtionem
874 2923 904 2969 et
954 2921 1062 2976 etiamsi
1089 2918 1296 2990 obtemperent,
1317 2918 1494 2988 jubentibus.
1517 2917 1599 2973 Sardi
1625 2924 1691 2973 sant
1719 2917 1769 2988 qni

88 3010 200 3085 pietatis
217 3011 481 3066 mansuetudinem.
496 3010 621 3067 Tandem
638 3009 812 3066 ltuudulettti
826 3026 941 3114 qum-C
954 3031 1012 3070 non
1031 3014 1240 3085 obtemperant,
1259 3011 1370 3068 etiamsi
1392 3012 1565 3083 intelligant.
1586 3009 1684 3066 Claudi
1702 3014 1770 3066 sunt

89 3106 188 3162 sitores
202 3103 314 3159 [lamini
335 3107 472 3160 sententis
488 3103 615 3177 percussi
634 3103 824 3171 erubuerunt,
838 3118 903 3158 mae·
953 3109 1001 3180 qui
1027 3111 1169 3179 praecepta
1195 3122 1251 3161 non
1277 3105 1396 3176 implent
1419 3104 1521 3173 dimna,
1544 3110 1573 3160 et
1590 3105 1697 3160 radunt
1718 3123 1770 3178 per

89 3199 175 3254 cham
194 3197 372 3271 reliquerunt
395 3201 423 3254 et
443 3197 612 3270 incipientes
627 3196 818 3253 ssenioribus
831 3197 903 3252 exie·
953 3203 1030 3274 pravi
1044 3201 1137 3272 operis
1151 3199 1242 3254 deria.
1263 3199 1341 3255 Tales
1364 3199 1490 3270 qnotidie
1510 3198 1644 3254 divinitas
1664 3216 1766 3254 sanan·

90 3299 167 3348 runt.
188 3292 294 3348 Deinde
310 3307 439 3346 summus
457 3291 546 3347 ludex
567 3290 620 3346 sibi
643 3290 819 3358 derelictam,
839 3306 903 3362 ‹1⁰ae
955 3302 1011 3364 tan,
1025 3314 1056 3351 ac
1075 3296 1109 3350 ad
1124 3297 1197 3349 viam
1221 3293 1316 3349 salutis
1338 3294 1543 3365 perducuntur.
1556 3293 1701 3348 Timentes
1715 3295 1768 3349 lle·

88 3384 284 3451 accusabatur,
314 3386 471 3440 θΙθῐῐΙθῦῑθῑ
495 3384 663 3441 ⁸¹¹bl0ltlil·
689 3383 772 3447 Vade,
799 3382 901 3454 inquit.
957 3392 1078 3457 minuar,
1093 3390 1140 3461 qni
1160 3389 1241 3460 signa
1257 3387 1416 3459 corporalia
1429 3386 1571 3454 videbant,
1592 3387 1647 3441 lasti
1670 3402 1769 3458 regem

87 3486 114 3535 et
127 3479 245 3551 amplius
256 3478 529 3549 noltpecreretibr'd„
541 3477 595 3547 u).
610 3478 679 3532 lices
693 3481 827 3550 tanquam
839 3474 904 3547 pins
953 3484 1070 3539 salraoth
1093 3480 1322 3552 magnitieabant.
1347 3481 1425 3536 Nunc
1450 3496 1564 3551 quoqne
1586 3496 1638 3552 pro
1653 3496 1770 3536 censer·

88 3572 232 3645 preterita
253 3576 368 3643 peccata
389 3571 520 3642 ignoscit,
536 3574 565 3626 et
580 3570 662 3643 qnasi
672 3570 777 3641 jutus,
793 3585 828 3624 ns
844 3585 904 3623 attt-
954 3578 1034 3633 sione
1050 3591 1163 3632 reorum
1182 3575 1281 3630 fideles
1294 3576 1444 3643 exsultant,
1459 3579 1489 3629 et
1503 3574 1656 3630 Dominum
1672 3575 1768 3645 lsrael,

88 3666 162 3737 plius
172 3682 289 3738 peccare
307 3671 471 3738 presrrmat,
485 3664 640 3721 interdicit·
954 3672 1002 3743 qui
1017 3671 1090 3726 bena
1105 3673 1206 3723 cirneta
1223 3669 1298 3727 lacit.
1316 3669 1360 3738 pie
1376 3668 1570 3737 nragrritlcant.

122 3763 153 3815 ln
166 3760 369 3833 gazophylacio
382 3762 462 3815 lasus
473 3758 598 3831 plurima
608 3758 723 3814 locutus
736 3762 778 3812 ee
787 3757 823 3811 de
839 3773 903 3812 vera

88 3857 151 3911 ¹⁰⁰⁰
163 3858 192 3909 ⁰2
209 3854 349 3922 libertates
371 3853 408 3909 (¹⁰
430 3852 602 3909 ⁰¹³¹t⁸fl⁰⁰⁰
626 3852 671 3908 ⁸¹¹1
685 3856 714 3907 θῑ
728 3852 764 3907 (Ῐθ
790 3851 903 3907 ”stiffi
1022 3868 1077 3921 l'll.
1093 3866 1237 3936 Sequentia
1253 3867 1454 3920 restruendarum.
1473 3868 1698 3935 Terrusltgurets'e.

90 3949 210 4022 peccati,
235 3947 270 4003 de
284 3946 435 4003 mendacio
458 3954 486 4001 et
513 3946 642 4002 veritate.
657 3945 831 4001 lnsanientes
851 3961 903 4017 pro

88 4041 171 4097 bonis
194 4057 211 4095 a
235 4040 348 4098 Christo
375 4039 534 4095 benedictis
557 4038 770 4110 responderunt
789 4038 901 4094 ladrei:
988 4047 1073 4105 sesae,
1096 4046 1247 4099 convasatis
1267 4042 1407 4114 decipula
1428 4045 1496 4105 sete,
1518 4043 1589 4097 etms
1611 4059 1617 4096 :
1642 4044 1771 4099 Misereor

87 4138 320 4194 samantneme
333 4140 359 4189 et
375 4135 537 4189 dementum
554 4133 636 4188 habes
649 4132 739 4203 (ibid,
752 4132 807 4203 id).
824 4131 901 4203 lnju·
954 4139 1048 4200 lurda,
1065 4139 1132 4208 quta
1144 4137 1301 4205 trirluejerm
1311 4143 1486 4207 pemeemuut
1499 4152 1610 4199 meeum,
1621 4143 1646 4191 et
1656 4152 1709 4191 uon
1720 4138 1770 4193 lae·

89 4229 178 4285 rietus
195 4229 337 4301 patienter
357 4226 511 4300 respondit,
534 4226 682 4282 humiliter
700 4226 795 4281 deecit
812 4232 841 4280 et
864 4226 903 4281 di·
953 4232 1015 4286 dent
1027 4230 1100 4302 qued
1111 4231 1285 4295 maudaamh
1296 4235 1322 4285 et
1335 4231 1470 4284 dimittere
1483 4245 1527 4285 eos
1534 4230 1641 4300 jejunes
1654 4232 1725 4291 note,
1737 4247 1769 4286 ns

89 4323 156 4378 rins
167 4321 311 4378 salvandis
330 4321 459 4394 pretulit.
477 4322 563 4376 Porro
581 4320 672 4393 magis
686 4319 796 4376 efferati
811 4319 847 4374 ad
863 4321 901 4375 la·
954 4325 1080 4396 deprime
1094 4327 1123 4379 tn
1136 4327 1193 4380 ater.
1209 4323 1318 4380 Deinde
1328 4325 1457 4395 pracepit
1471 4323 1556 4378 turbae
1568 4339 1649 4395 super
1668 4329 1769 4380 terrem

89 4417 168 4492 pides
180 4419 378 4482 cucurrerant,
402 4431 434 4470 sc
458 4423 486 4470 ut
503 4417 532 4469 s'n
553 4430 613 4469 eum
634 4415 759 4483 jncerant
771 4414 901 4470 tuterunt.
912 4412 1129 4484 Ddtseaambere,
1143 4423 1243 4489 septem
1261 4433 1393 4490 pauesce
1409 4418 1552 4488 praetactos
1567 4433 1668 4488 peuces
1687 4433 1769 4473 acee-

87 4516 164 4568 lesus
185 4517 277 4566 eutem
299 4509 482 4565 absconditae
503 4515 528 4564 et
544 4511 627 4564 anteit
646 4509 679 4563 de
702 4507 903 4579 temptots'tid„
955 4514 1007 4585 pit,
1034 4514 1142 4584 pretias
1169 4512 1244 4584 egit,
1267 4513 1360 4580 tregit.
1391 4511 1585 4582 discipulisque
1603 4514 1661 4567 sets
1686 4512 1773 4566 dedat.

90 4608 145 4677 bt).
956 4607 1087 4679 lliseipnli
1108 4610 1205 4661 aretem
1231 4606 1336 4677 populo
1363 4604 1516 4674 dederunt,
1536 4610 1564 4660 et
1585 4604 1775 4660 comederunt

123 4702 291 4768 Preteriens,
314 4700 446 4756 homiuem
467 4700 642 4755 enatteituta
657 4712 752 4754 meum
772 4698 850 4762 nidd,
876 4700 905 4752 m
956 4716 1067 4768 omnes,
1078 4707 1103 4755 et
1116 4702 1237 4756 suturets'
1248 4704 1323 4755 sunt.
1333 4699 1416 4764 Quod
1429 4697 1571 4771 superfuit
1583 4698 1776 4770 delragmen-

90 4802 190 4850 terram
204 4796 324 4864 respuit,
339 4794 428 4850 tutum
446 4808 480 4848 aa
490 4799 572 4863 spate
595 4794 672 4860 (ecit,
683 4796 709 4847 et
722 4807 804 4863 super
817 4793 906 4848 mutes
957 4795 1003 4863 tis,
1019 4794 1147 4851 tulerunt
1167 4799 1276 4866 septem
1302 4797 1412 4865 sportas
1437 4793 1545 4863 planas.
1568 4795 1655 4849 lirrrm
1670 4799 1774 4865 eruum,

88 4888 254 4957 ejusltns'mta
266 4886 541 4956 eiquedioitrl'ede,
553 4886 655 4943 latratu
669 4888 810 4941 natatoria
822 4885 905 4942 suae.
957 4892 1006 4960 qus·
1027 4888 1269 4950 manducaverunt,
1290 4891 1409 4957 quatuor
1427 4886 1517 4942 millia
1543 4889 1674 4950 atrorum,
1694 4893 1776 4942 entra

87 4982 168 5038 aare
185 4995 247 5051 erge
267 4985 293 5036 et
314 4981 393 5044 tacu,
409 4985 435 5035 et
458 4982 533 5036 asett
551 4980 645 5036 videus
665 4979 765 5051 (leem,
788 4996 825 5051 nr,
853 4983 903 5050 tu.
957 4983 1086 5055 paruulos
1101 4988 1127 5037 et
1140 4981 1273 5037 mutieres.
1291 4983 1324 5037 Et
1337 4981 1449 5036 duutssu
1462 4981 1556 5044 turba,
1570 4982 1599 5035 a‘n
1618 4980 1776 5036 normulam

91 5076 146 5131 llos
160 5072 283 5131 Sabbata
294 5072 402 5129 tactum
422 5078 475 5141 cst,
491 5073 567 5128 unde
587 5073 661 5129 inter
677 5073 788 5131 ludaeos
806 5073 907 5145 ingens
959 5077 1089 5139 rrscerdr't,
1107 5083 1132 5131 et
1143 5078 1173 5131 a'n
1193 5077 1260 5144 ttues
1274 5075 1416 5143 ltoeedum
1436 5074 1480 5129 rel
1500 5074 1683 5130 natmanartta
1699 5073 1774 5129 eires

89 5167 211 5225 achima
228 5172 360 5224 exertum
380 5171 433 5223 ast.
453 5166 631 5223 illuminatus
649 5167 834 5224 illuminatori
853 5184 905 5223 suo
955 5171 1079 5227 Genesar
1095 5171 1169 5225 venit
1193 5169 1285 5237 peu,
1304 5170 1400 5237 32-393
1417 5172 1513 5232 llam..
1532 5183 1589 5235 arri,
1612 5168 1700 5238 t-te).
1717 5166 1777 5223 lllie

91 5261 289 5320 testimenium
308 5259 473 5334 perhibens,
496 5260 532 5316 ds
555 5277 701 5334 synagoga
719 5263 826 5334 ejectus
838 5266 904 5319 est:
956 5263 1102 5321 Saddueoei
1118 5267 1146 5318 et
1161 5261 1293 5317 Pharisaei
1307 5278 1372 5318 cum
1387 5266 1580 5331 tentaverunt,
1596 5267 1672 5318 aaut
1684 5261 1726 5317 cis
1738 5259 1774 5317 de

88 5356 185 5413 sodale
197 5356 256 5427 illo,
270 5371 360 5429 quem
367 5355 472 5411 merite
485 5355 612 5424 amabat,
624 5356 757 5430 cognitus
766 5360 797 5413 et
808 5372 905 5430 rocep-
955 5358 1024 5413 costo
1037 5357 1152 5429 signum
1162 5356 1329 5413 ostenderet
1339 5358 1522 5428 rogaverunt,
1536 5354 1776 5437 parvipendentes

89 5458 136 5509 tus
153 5458 204 5510 est.
224 5452 301 5508 Tana
320 5452 400 5508 tasas
423 5451 554 5508 tractarit
578 5450 614 5508 de
639 5451 712 5507 estio
737 5458 766 5509 et
785 5450 852 5507 erili
876 5458 905 5507 et
955 5450 1030 5523 qaod
1047 5450 1083 5506 de
1102 5456 1212 5522 septem
1227 5450 1348 5524 panibus
1365 5454 1489 5523 quatuor
1508 5449 1600 5505 millia
1623 5449 1778 5505 hominum

90 5547 200 5617 ombus,
214 5548 251 5603 ds
264 5546 341 5625 bono
354 5549 465 5619 pastore
485 5549 514 5603 et
527 5546 717 5602 mercenario.
735 5544 827 5602 Verba
841 5546 904 5618 ejus
957 5545 1065 5617 pararit.
1083 5550 1112 5601 rt
1126 5544 1255 5618 reliqniis
1279 5551 1388 5617 septem
1414 5548 1524 5618 sportas
1550 5542 1715 5616 repleverit.
1742 5544 1780 5601 At

74 5641 172 5699 multi
186 5648 383 5715 susceperunt,
396 5647 426 5698 et
441 5641 539 5715 pluras
552 5644 671 5697 econtra
686 5655 841 5715 perperam
856 5654 903 5696 rs·
956 5638 1004 5696 ille
1024 5639 1200 5711 proterviam
1224 5653 1323 5695 eorum
1347 5636 1507 5712 redarguit,
1531 5636 1632 5711 sisque
1651 5636 1778 5709 signum,

1 5769 6 5778 ·
87 5738 340 5817 spaerantttoon..
355 5752 383 5805 x,
396 5736 453 5811 tt).
955 5732 1010 5791 ntst
1035 5734 1151 5805 agnum
1170 5734 1250 5791 tonas
1270 5730 1432 5807 prophetae,
1450 5730 1613 5805 denegarit,
1627 5733 1660 5789 st
1670 5729 1779 5791 uncus
