3750 6046
95 184 145 245 AM
525 183 683 243 HISTORIA
703 184 971 247 Eccaasltsltca.
986 187 1121 245 -PARS
1138 188 1160 245 l.
1175 187 1285 245 -Llla
1306 189 1339 246 ΙΙ.
1391 135 1393 139 ¹
1720 190 1772 255 Alb

95 306 226 384 epistolas
241 306 310 366 tidei
320 309 439 366 solerter
451 307 550 378 edidit,
560 309 664 382 quibas
674 309 815 382 synodum
828 309 910 368 Chal·
920 324 949 395 Α
995 310 1184 383 Symmachus
1210 312 1327 382 Sardus,
1348 329 1383 369 ει
1405 316 1486 386 patre
1511 315 1672 387 Fortunato,
1696 318 1770 377 sedit

94 404 287 460 εεάοιιειιεειιι
311 403 478 476 frequenter
504 403 639 458 firmavit.
668 403 709 459 Ad
736 403 909 459 Marcianum
959 398 1041 460 annis
1067 421 1111 476 ιι,
1135 405 1282 461 mensibus
1305 406 1473 476 v11,diebus
1497 425 1581 480 ιιιίι,
1603 410 1770 470 Theoderici

94 498 254 571 principem
268 497 334 553 lecit
346 496 480 568 epistolas
493 513 539 566 ιιι,
556 497 589 551 ad
604 496 783 552 Pulcheriam
799 501 908 569 Augus-
960 498 1037 570 regis
1056 501 1084 555 et
1100 499 1238 554 Anastasii
1257 500 1376 572 Augusti
1392 504 1530 573 temporo.
1546 503 1597 558 llic
1610 505 1662 559 sub
1675 505 1768 562 inten-

94 594 149 646 tam
171 608 212 661 ιι,
236 590 273 646 ad
294 590 441 662 episcopos
464 589 588 646 Orientis
611 607 686 647 xvrn.
708 590 857 646 studiosus
879 590 909 645 in
960 592 1036 647 tione
1055 608 1119 647 cum
1138 592 1287 648 Laurentio
1308 594 1449 649 Nucerino
1472 595 1603 668 episcopo
1623 597 1769 655 ordinatus

93 684 180 740 sacris
195 684 290 739 multa
301 683 377 739 hona
391 684 460 755 egit.
476 683 630 754 Episcopus
643 699 745 741 ειιιιι
760 683 908 738 ordinavit.
961 688 1019 754 est3
1034 685 1083 742 scd
1099 685 1208 758 judicio
1220 687 1397 758 Theoderici,
1411 688 1479 760 quia
1494 688 1572 761 prius
1588 696 1617 746 et
1633 707 1650 746 a
1666 693 1768 764 majori

93 778 229 850 Sepultus
252 783 295 833 cst
317 777 394 848 apud
416 775 535 832 beatum
559 779 677 832 Petrum
700 778 858 848 apostolum
881 792 910 832 ιιι
959 783 1040 853 parte
1055 780 1198 835 ordinatus
1211 780 1321 848 fuisset,
1335 781 1364 836 in
1378 780 1608 853 sedeapostolica
1623 783 1770 841 confirma·

92 872 156 926 ldus
169 870 290 943 Aprilis.
305 872 340 925 Et
352 870 471 925 cessavit
484 870 662 942 episcopatus
674 870 733 926 dies
746 887 794 926 vn.
960 877 1005 931 tus
1021 876 1074 929 est.
1085 875 1151 929 Post
1164 873 1319 928 triennium
1329 890 1396 930 vero
1409 892 1444 929 ει
1460 875 1564 930 invidia
1576 878 1771 937 Romanorum

125 963 254 1019 Hilarius
273 964 391 1033 Sardus,
412 981 445 1019 ει
467 969 549 1035 patre
571 963 710 1036 Crispino,
733 963 807 1020 sedit
828 963 911 1019 annis
961 969 1033 1023 falso
1055 967 1252 1022 incriminatus
1277 972 1333 1037 est,
1355 973 1382 1024 et
1405 970 1505 1024 Petrus
1528 970 1629 1026 Altina
1651 971 1770 1030 civitatis

91 1077 147 1126 εει,
167 1058 318 1113 mensibus
337 1075 376 1127 ιιι,
396 1057 496 1113 ιιιειιιιε
517 1074 545 1113 ι.
570 1056 620 1113 llic
640 1057 774 1129 epistolas
797 1057 832 1112 de
855 1056 910 1112 tide
961 1061 1109 1133 episcopus
1123 1062 1223 1115 contra
1243 1076 1367 1116 canones
1381 1062 1477 1117 sedem
1495 1063 1677 1134 apostolicam
1691 1065 1769 1120 inra-

90 1152 230 1208 catholica
250 1168 304 1224 pcr
324 1151 488 1207 universum
510 1149 654 1206 Orientem
675 1151 789 1222 sparsit,
809 1155 836 1206 et
854 1153 911 1205 tres
961 1156 1006 1210 sit.
1022 1155 1099 1209 Tunc
1120 1153 1240 1209 nimiam
1261 1154 1384 1209 schisma
1402 1155 1431 1209 in
1451 1155 1573 1212 Ecclesia
1592 1157 1769 1227 factumest,

90 1246 225 1317 synodos,
237 1243 909 1316 Nicmnam,EphesianamctChalcedonenscm,
961 1251 990 1305 et
1013 1249 1104 1303 clerus
1132 1248 1237 1302 iterum
1267 1246 1372 1302 divisus
1397 1253 1448 1304 est.
1475 1249 1662 1321 Symmachus
1685 1267 1769 1323 papa,

89 1339 282 1408 confirmavit,
298 1341 327 1392 ct
342 1355 444 1394 omnes
457 1339 581 1394 haereses
595 1338 779 1393 anathemate
795 1337 911 1392 damna·
961 1341 1071 1414 synodo
1090 1346 1248 1413 aggregata
1263 1357 1313 1395 cxv
1332 1340 1542 1414 episcoporum,
1561 1346 1699 1416 purgatus
1718 1347 1770 1414 est,

90 1435 144 1501 rit,
160 1435 256 1489 multa
273 1432 399 1505 pretiosa
420 1438 590 1488 ornamenta
604 1431 634 1487 iu
652 1430 774 1486 basilicis
795 1431 909 1486 Sancto·
962 1440 990 1492 et
1003 1437 1103 1491 Petrus
1117 1434 1223 1490 Attinas
1242 1433 1357 1489 invasor
1374 1435 1532 1506 apostolicae
1553 1436 1627 1495 sedis
1647 1453 1680 1493 aa
1696 1437 1771 1494 Lau.

91 1543 154 1581 ram
179 1525 358 1598 perpetravit
381 1530 410 1580 ει
432 1525 576 1597 episcopos
600 1541 656 1580 ιιιι
676 1523 825 1579 ordinarit.
849 1525 913 1578 Post
962 1528 1070 1584 rentias
1086 1527 1242 1584 Nucerinus
1257 1527 1383 1582 damnati
1402 1533 1478 1584 suat.
1493 1531 1570 1584 Tunc
1586 1529 1621 1585 ab
1640 1531 1772 1589 omnibus

91 1621 180 1675 multa
194 1620 275 1675 hona
288 1635 376 1691 opera
392 1618 522 1690 sepultus
535 1624 578 1674 est
594 1619 629 1673 ad
650 1618 764 1673 beatum
783 1618 909 1672 Lauren·
962 1621 1100 1694 episcopis
1113 1624 1143 1676 et
1156 1620 1236 1676 omni
1251 1621 1326 1676 clero
1340 1621 1381 1675 vel
1396 1621 1476 1692 plebe
1492 1623 1682 1694 Symmachus
1696 1625 1772 1697 apud

91 1714 162 1768 tiam
181 1712 213 1768 in
227 1718 337 1786 crypta,
351 1712 432 1784 juxta
449 1728 551 1782 corpas
570 1712 660 1767 sancti
681 1711 752 1767 Sixti
772 1710 909 1782 episcopi.
921 1690 1076 1770 Boeotum
1089 1716 1204 1769 Petrum
1220 1730 1285 1769 cum
1299 1714 1391 1785 gloria
1403 1714 1464 1769 sedi
1476 1716 1636 1786 apostolica
1650 1717 1774 1775 redinte-

90 1807 122 1860 Et
133 1806 257 1862 cessavit
277 1807 460 1879 episcopatus
473 1804 572 1861 diebus
585 1821 632 1861 ιι.
962 1811 1058 1881 gratus
1073 1810 1125 1862 cst.
1139 1808 1237 1862 Festus
1251 1810 1347 1863 autem
1364 1810 1450 1879 caput
1464 1811 1579 1864 senatus
1593 1812 1623 1865 et
1635 1811 1772 1867 Probinus

123 1898 291 1972 Simplicius
313 1898 491 1966 Tiburtinus,
517 1914 551 1952 ει
578 1902 658 1969 patre
686 1897 811 1964 castino,
838 1896 911 1952 sedit
962 1902 1124 1957 exconsules
1140 1901 1170 1955 in
1186 1899 1258 1956 urbe
1277 1917 1342 1957 cum
1360 1900 1422 1955 aliis
1442 1903 1623 1958 senatoribus
1642 1918 1772 1976 pugnare

89 1994 171 2048 ιιιιιίε
183 2009 232 2061 ιι,
247 2009 348 2047 mense
361 2009 381 2061 1,
398 1991 497 2047 diebus
511 2008 559 2047 un.
574 1991 726 2063 Episcopos
739 2007 818 2046 ιιιιι
832 1990 909 2045 ordi·
961 1998 1118 2067 caeperunt,
1129 1999 1157 2050 et
1167 1993 1325 2066 omnesqui
1338 1993 1510 2066 Symmacho
1523 1997 1774 2053 communicabant

89 2088 177 2143 navit.
189 2089 223 2144 ln
236 2086 356 2142 basilica
369 2085 463 2141 Sancti
478 2085 552 2142 Petri
567 2084 686 2157 apostoli
698 2101 726 2140 vr
739 2085 832 2140 Nonas
845 2082 910 2139 Maii
961 2106 994 2144 ει
1008 2088 1113 2144 invidia
1128 2091 1187 2143 tarn
1203 2087 1373 2144 mirabiliter
1391 2088 1531 2159 persecuti
1550 2093 1617 2145 sunt
1636 2095 1668 2145 ut
1686 2090 1773 2146 etiam

90 2181 220 2253 sepultus
235 2184 289 2235 εει.
306 2181 339 2235 Et
351 2179 470 2235 cessarit
481 2178 660 2251 episcopatus
672 2178 772 2233 diebus
787 2194 822 2232 vr.
961 2181 1191 2237 sanctimoniales
1210 2181 1243 2236 de
1265 2181 1444 2236 monasteriis
1464 2182 1507 2237 rel
1529 2181 1698 2238 habitaculis
1716 2182 1773 2239 suis

123 2274 203 2329 Pelia
226 2274 385 2336 Romanus,
411 2288 446 2327 ει
466 2275 547 2344 patre
570 2271 661 2327 Felice
685 2270 851 2343 presbytero
874 2271 909 2327 de
961 2275 1150 2347 deponerent,
1178 2290 1334 2345 sexumque
1359 2273 1514 2329 femineum
1539 2275 1718 2331 denudarent
1745 2280 1774 2333 et

91 2368 172 2423 titulo
191 2365 335 2436 Tasciolae‚
355 2365 431 2420 sedit
447 2365 529 2420 annis
548 2381 607 2433 vni,
623 2363 770 2419 mensibus
788 2381 828 2432 ιι,
849 2364 909 2420 ιιιε·
960 2367 1085 2424 caedibas
1100 2369 1249 2439 plagarum
1261 2366 1420 2438 affligentes
1433 2367 1624 2422 vulnerarent.
1634 2370 1664 2423 ln
1677 2367 1774 2425 media

91 2462 143 2515 bus
160 2477 233 2528 ιιιι,
251 2459 430 2531 temporibus
442 2458 575 2526 Zenonis,
591 2457 709 2529 Augusti
731 2460 760 2513 et
776 2457 910 2513 Odoacris
960 2462 1032 2516 urbe
1058 2463 1158 2516 contra
1186 2459 1337 2514 Ecclesiam
1368 2458 1495 2530 quotidie
1520 2459 1719 2531 pugnabatur,
1745 2464 1773 2518 et
1852 2520 1855 2525 ,

93 2555 163 2625 regis
174 2554 339 2608 Gothonrm
354 2568 443 2623 usqae
458 2551 495 2607 ad
510 2551 721 2607 Theodericum
735 2567 844 2622 rogem.
861 2550 910 2606 llic
960 2554 1043 2610 malti
1058 2553 1220 2608 sacerdotes
1238 2553 1344 2624 aliique
1358 2552 1456 2607 fideles
1469 2551 1669 2608 occidebantur
1675 2570 1684 2623 3
1696 2553 1773 2609 iuter

93 2648 206 2702 Petrum
219 2644 621 2717 Alexandrinumepiscopam
637 2644 829 2699 etAchatium
840 2644 910 2699 Con·
960 2663 1032 2720 quos
1060 2645 1250 2718 Dignissimus
1278 2649 1307 2701 et
1333 2645 1491 2701 Gordianus
1517 2645 1676 2717 presbyteri
1697 2648 1771 2719 capti

93 2739 383 2813 staatinopolitanum
398 2756 415 2793 a
428 2745 504 2795 recta
518 2738 574 2795 tide
590 2738 737 2793 deviantes
750 2753 911 2793 excomma·
960 2745 1036 2809 sunt,
1057 2743 1086 2796 et
1108 2739 1229 2795 fustibus
1250 2739 1414 2811 gladioque,
1435 2738 1538 2810 aliique
1558 2739 1655 2810 plures
1677 2738 1771 2799 (ibris-

92 2835 206 2902 uicavit,
223 2836 254 2888 et
272 2837 374 2889 contra
388 2832 450 2888 illos
468 2849 485 2886 a
503 2832 570 2887 sede
590 2832 744 2904 apostolica
759 2831 829 2886 duos
849 2831 909 2901 epi·
961 2835 1030 2890 tiani
1044 2833 1188 2906 perempti
1201 2836 1275 2888 sunt.
1290 2832 1388 2887 Nullas
1403 2831 1500 2904 itaque
1518 2832 1553 2887 de
1567 2833 1656 2901 clero,
1670 2833 1715 2888 die
1727 2834 1772 2889 rel
1870 2894 1872 2898 ,

93 2945 202 3000 scopos,
218 2929 367 2982 llescnam
380 2930 410 2982 ει
429 2925 558 2993 Vitalem,
577 2924 663 2981 misit.
681 2925 779 2989 Quint
794 2923 823 2979 in
840 2924 908 2978 ciri·
960 2931 1053 2998 nocte,
1070 2928 1099 2982 in
1115 2926 1184 2982 urbe
1195 2943 1311 3003 securus
1325 2930 1397 2980 crat.
1409 2925 1492 2981 Solus
1508 2925 1626 2981 Faustus
1639 2928 1772 2983 exconsul

93 3026 177 3077 tatem
213 3020 384 3075 Heracleam
416 3019 609 3088 intraverunt,
635 3018 758 3090 pecunia
784 3016 909 3087 corrupti
960 3037 1013 3094 pro
1032 3020 1155 3076 Ecclesia
1170 3018 1324 3092 pugnabat.
1345 3018 1532 3091 Symmachus
1552 3023 1649 3074 amen
1668 3021 1771 3092 parda.

92 3118 270 3187 praeceptum
286 3130 370 3185 papae
384 3130 441 3168 non
456 3112 594 3168 lecerunt.
610 3111 684 3166 Felix
699 3127 785 3183 papa,
800 3110 910 3165 utillud
960 3114 1032 3170 ravit
1049 3130 1065 3168 a
1081 3113 1228 3169 consulatu
1243 3113 1353 3168 Paulini
1369 3128 1459 3185 usque
1475 3113 1509 3167 ad
1527 3113 1705 3168 consulatum
1722 3115 1771 3170 Sc-

92 3208 218 3281 agnovit,
243 3207 317 3263 tacta
339 3207 526 3275 discussione,
548 3206 648 3261 ambos
668 3223 684 3260 a
707 3203 910 3260 communione
961 3208 1078 3267 nataris.
1092 3205 1329 3275 lliclttaaichaeos,
1340 3222 1409 3278 quos
1425 3205 1454 3259 in
1467 3206 1535 3261 urbe
1550 3207 1641 3262 Roma
1653 3206 1771 3277 invenit,

94 3303 185 3373 ejecit.
200 3301 354 3373 Episcopos
374 3318 439 3356 ιιιι
459 3300 613 3356 ordinavit.
633 3301 664 3355 ln
682 3297 797 3354 basilica
816 3296 911 3353 Sancti
961 3301 1058 3356 exsilio
1078 3299 1228 3372 relegavit,
1252 3304 1280 3355 et
1305 3316 1404 3355 eoram
1430 3298 1582 3355 simulacra
1605 3299 1773 3372 codicesque

94 3397 168 3450 Pauli
194 3394 314 3468 apostoli
338 3397 467 3467 sepultus
499 3397 552 3464 est,
580 3397 709 3463 tempore
741 3389 909 3446 Theodorici
961 3398 1026 3450 anto
1042 3395 1116 3450 iores
1135 3392 1259 3449 basilicae
1278 3392 1518 3450 Constantiniana
1535 3393 1698 3448 combussit.
1719 3393 1771 3449 Ba·

95 3490 166 3562 regis
186 3495 216 3545 ει
234 3489 359 3544 Zenonis
378 3488 509 3559 Augusti.
534 3489 567 3542 Et
591 3485 711 3541 cessavit
734 3484 910 3556 episcopatus
960 3489 1051 3543 silicas
1063 3487 1233 3543 Sanctorum
1247 3485 1425 3541 multimodis
1443 3485 1620 3540 ornamentis
1632 3485 1773 3542 decoravit

95 3585 192 3639 diebus
206 3600 235 3639 v.
961 3587 989 3638 et
1003 3581 1151 3653 episcopos
1163 3596 1231 3635 cxvii
1249 3579 1400 3634 ordinavit.
1414 3577 1566 3634 Constituit
1578 3583 1611 3633 ut
1627 3578 1705 3633 omni
1726 3579 1771 3634 dia

124 3678 255 3733 Gelasius
274 3676 353 3743 Ater,
368 3692 402 3730 ει
422 3680 501 3746 patre
520 3673 641 3741 Valerio,
658 3672 732 3728 sedit
750 3671 834 3726 annis
852 3687 909 3738 vlu,
961 3674 1107 3732 Dominico
1120 3674 1244 3746 hymnus
1254 3673 1591 3744 angelorumcaneretur.
1602 3670 1684 3725 Omni
1695 3686 1772 3727 anno

95 3771 191 3826 diebus
217 3787 298 3827 ιιιιι.
320 3770 369 3824 llic
393 3774 504 3824 amator
529 3783 691 3840 pauperum
714 3765 778 3832 luit,
801 3765 910 3820 cleram
960 3785 1013 3842 per
1026 3767 1149 3822 Africam
1167 3769 1196 3821 ει
1217 3764 1378 3821 Sardiniam
1394 3763 1544 3836 episcopis,
1560 3763 1609 3836 qui
1629 3764 1658 3817 in
1674 3763 1771 3819 exsilio

96 3865 251 3937 ampliavit,
268 3865 390 3920 nonam
405 3879 422 3918 a
438 3862 558 3918 tameat
573 3861 700 3933 periculo
716 3858 855 3914 liberavit·
872 3858 910 3913 Dc
960 3861 1065 3919 retrusi
1079 3865 1168 3930 erant,
1182 3858 1316 3932 pecunias
1328 3863 1358 3913 et
1373 3860 1463 3913 vestes
1474 3856 1663 3911 ministrabat.
1680 3857 1773 3928 Capti·

97 3959 172 4014 anani
186 3957 311 4014 Ecclesia
324 3956 510 4013 constitutum
524 3955 599 4012 fecit.
613 3956 728 4010 Tractus
743 3959 771 4009 et
788 3953 911 4025 hymnos
960 3973 1010 4012 vos
1023 3972 1075 4028 per
1086 3953 1214 4026 ligurias
1226 3956 1255 4009 ει
1269 3969 1322 4024 per
1336 3951 1460 4007 diversas
1472 3949 1631 4022 provincias
1644 3950 1773 4022 pecuniis

97 4053 165 4107 sicut
182 4050 351 4108 Ambrosias
369 4050 539 4122 composuit,
556 4053 584 4104 et
602 4048 689 4103 libros
708 4050 809 4102 contra
824 4047 909 4117 Euty·
961 4049 1083 4107 redemit
1107 4052 1136 4103 et
1158 4046 1258 4119 egenis
1280 4046 1371 4101 multa
1395 4045 1470 4100 donn
1490 4043 1578 4099 dedit.
1599 4046 1664 4099 Post
1684 4042 1774 4099 malta

98 4147 177 4201 chem
200 4150 230 4201 ει
252 4144 428 4211 Nestorium,
452 4143 502 4215 qai
520 4160 597 4199 nunc
618 4158 711 4214 usquc
732 4139 910 4197 bibliothecae
960 4145 1036 4200 bona
1052 4159 1140 4216 opera
1157 4140 1209 4197 sub
1222 4140 1267 4196 die
1286 4155 1331 4196 ιιι
1347 4137 1451 4194 mensis
1464 4136 1531 4193 tulii
1547 4136 1674 4208 sepultus
1687 4140 1729 4192 est
1743 4136 1774 4194 ia

98 4240 207 4294 archivo
221 4242 357 4293 tenentur
369 4236 520 4305 reconditi,
537 4235 635 4291 edidit.
649 4234 911 4304 llanichaeos,quos
960 4238 1079 4296 basilica
1098 4235 1193 4294 Sancti
1212 4234 1298 4290 Petri.
1321 4234 1355 4290 Et
1377 4231 1494 4289 cessauit
1514 4230 1693 4303 episcopatus
1713 4230 1773 4288 die·

99 4333 125 4386 in
135 4333 205 4387 arbe
219 4333 313 4387 Roma
325 4331 444 4399 invenit,
455 4330 552 4386 exsilio
565 4327 711 4401 deportari
725 4326 871 4399 praecepit,
883 4330 912 4380 et
960 4333 1013 4388 bus
1026 4348 1072 4388 vn.

99 4425 202 4480 codices
227 4441 329 4481 eorum
351 4429 417 4480 ante
440 4424 516 4479 iores
538 4422 663 4478 basilica
685 4421 795 4477 Sanctae
815 4419 1062 4513 mmaeDllliVll.
1085 4455 1232 4523 Sequema'o
1253 4453 1435 4508 Romanorum
1459 4450 1617 4519 pontificum
1644 4447 1774 4502 Mum.

100 4519 298 4576 concremarit.
320 4520 437 4573 Petram
461 4522 489 4574 et
510 4516 661 4573 Achatium
683 4516 714 4570 in
736 4516 908 4586 perpetuum

100 4613 249 4680 damnarit,
265 4612 289 4668 si
311 4629 367 4668 nou
385 4611 566 4684 poeniterent,
584 4627 619 4666 ao
633 4607 712 4682 quod
726 4607 817 4663 multa
832 4607 911 4661 mala
998 4597 1148 4656 llormisda
1166 4598 1340 4669 Campanus,
1354 4611 1386 4649 ει
1405 4598 1485 4665 patre
1505 4593 1593 4658 lusto,
1609 4590 1645 4645 de
1665 4588 1777 4644 civitate

100 4705 292 4762 ethomicidia
306 4721 359 4777 per
379 4721 429 4760 eos
448 4705 560 4760 tierent.
578 4703 729 4774 Episcopos
742 4717 814 4755 ιιιιι
831 4699 910 4755 ordi·
961 4693 1099 4760 Trisioue,
1115 4691 1187 4746 sedit
1207 4688 1290 4744 annis
1308 4704 1366 4755 vrri,
1388 4685 1487 4740 diebos
1506 4699 1570 4740 ινιι.
1593 4682 1642 4737 llic
1657 4681 1777 4737 consilio

100 4801 180 4855 navit.
201 4802 231 4856 ln
250 4798 371 4854 basilica
390 4798 466 4854 Beati
488 4796 563 4854 Petri
585 4794 707 4867 apostoli
728 4810 754 4850 ιι
773 4793 833 4847 lial.
856 4793 910 4845 lle·
960 4784 1129 4844 Theoderici
1143 4782 1217 4855 regis
1231 4780 1395 4837 Ennodium
1408 4778 1588 4833 Ticinensem
1602 4780 1630 4832 et
1642 4776 1778 4830 Fortuna-

99 4893 215 4949 cembris
235 4893 363 4965 sepultus
383 4894 436 4947 est.
457 4893 491 4947 Et
508 4891 629 4947 cessarit
651 4888 831 4961 episcopatus
851 4884 910 4941 die·
962 4885 1024 4937 tum
1038 4879 1217 4935 Catineasem
1233 4875 1400 4947 episcopum
1413 4869 1686 4942 Constantinopolim
1698 4868 1779 4923 misit

100 4986 148 5042 bus
162 5004 210 5043 ιιι.
963 4980 992 5030 ει
1005 4977 1115 5030 Graecos
1128 4970 1256 5037 absolvit,
1273 4967 1322 5040 qai
1336 4982 1388 5038 pro
1402 4964 1543 5020 hereticis
1556 4965 1639 5020 Petro
1651 4963 1777 5019 Alexan·

128 5081 294 5137 Anastasius
311 5081 468 5147 Romanus,
485 5095 518 5134 ει
536 5082 615 5149 patre
633 5077 727 5145 Petro,
743 5072 779 5129 de
795 5072 912 5144 regione
963 5068 1080 5124 driuoet
1091 5065 1208 5121 Achatio
1216 5057 1532 5130 Constantinopolitano
1544 5055 1780 5113 anathematizati

98 5175 190 5246 quinta
201 5177 296 5246 Caput
308 5174 403 5240 Tauri,
417 5173 490 5228 sedit
506 5187 582 5227 anno
598 5188 618 5240 r,
632 5168 778 5225 mensibus
796 5182 831 5236 ιι,
850 5165 912 5220 die·
964 5166 1056 5217 orant.
1071 5159 1127 5215 Sed
1145 5155 1310 5213 Anastasius
1326 5155 1481 5225 Augustus,
1497 5152 1562 5224 qaia
1575 5149 1679 5208 haeresi
1692 5151 1778 5223 Euty-

97 5267 144 5323 bus
163 5285 239 5325 ιιιι.
264 5266 344 5323 llulti
369 5283 401 5322 ει
425 5266 501 5321 clero
522 5283 539 5320 a
561 5263 768 5320 communione
795 5259 857 5331 ejus
884 5274 913 5314 se
963 5256 1052 5311 ciana
1077 5252 1198 5318 favebat,
1223 5254 1333 5305 lomere
1357 5264 1404 5304 cos
1430 5244 1522 5318 ejecit,
1544 5250 1573 5300 et
1597 5261 1678 5317 papae
1704 5243 1780 5298 inter

96 5362 309 5429 subtraxerunt,
333 5360 403 5433 quia
424 5359 538 5415 solebat
563 5357 714 5414 Achatium
737 5356 811 5410 clam
832 5368 912 5407 revo-
965 5355 1068 5405 caetera
1080 5345 1241 5401 rescribens
1262 5341 1383 5414 superbe
1404 5339 1474 5395 dixit
1491 5356 1498 5395 :
1517 5359 1529 5389 a
1546 5339 1601 5394 Nos
1613 5336 1714 5409 jubere
1727 5351 1778 5390 vo-

96 5472 169 5525 care3
187 5455 237 5512 sed
255 5470 315 5510 non
336 5453 438 5525 potuit,
454 5452 523 5525 qaia
538 5453 589 5507 ilci
608 5454 679 5507 nutu
698 5465 846 5523 percussus
862 5449 913 5503 est.
964 5445 1069 5512 lamus,
1084 5456 1142 5496 non
1153 5437 1259 5511 juberi.
1276 5458 1289 5486 a
1306 5436 1366 5491 Non
1386 5434 1478 5490 multo
1496 5435 1560 5504 post
1574 5433 1645 5486 nuta
1659 5430 1710 5486 llei
1726 5428 1779 5485 ful-

95 5549 246 5621 Episeopos
267 5564 302 5602 ιι
325 5547 514 5602 consecravit.
536 5547 566 5600 ln
587 5545 702 5600 basilica
721 5541 817 5599 Sancti
839 5539 915 5596 Petri
966 5537 1045 5594 mine
1066 5549 1218 5608 percussus
1240 5529 1361 5587 interiit.
1387 5527 1516 5584 tustinus
1536 5540 1603 5582 aero
1627 5523 1782 5581 catholicus

95 5643 214 5715 apostoli
229 5659 276 5699 ιιιι
290 5642 350 5696 liat.
365 5641 527 5698 Decembris
541 5641 668 5712 sepultus
681 5642 731 5695 est.
748 5639 783 5695 Et
796 5634 916 5695 cessavit
966 5637 1028 5704 post
1043 5647 1110 5686 eum
1122 5626 1261 5701 regnarit,
1279 5626 1308 5681 et
1321 5639 1403 5697 papae
1414 5621 1500 5693 jussis
1512 5619 1637 5677 libenter
1650 5616 1679 5675 iu
1693 5616 1785 5673 omui·

94 5737 274 5811 episcopatus
290 5734 440 5794 diehasav.
552 5761 554 5766 .
966 5727 1018 5784 bus
1044 5723 1148 5798 paruit,
1172 5725 1201 5781 ct
1220 5723 1393 5779 Germanum
1416 5718 1584 5792 Capuanum
1605 5713 1783 5789 episcopum,
