3750 6046
105 196 155 253 tot
513 200 667 259 HISTORIA
686 202 950 260 Etcuastasrtca.
964 233 998 270 :-
1012 205 1098 263 raus
1116 208 1163 264 III.
1177 236 1212 251 -
1226 210 1290 266 LIB.
1310 209 1376 267 VIII.
1734 216 1785 276 562

104 320 161 387 ret,
177 320 300 376 tractare
313 323 457 394 satagunt.
475 322 600 392 «Labor,
615 324 759 396 iuquiuut,
776 326 856 382 nobis
874 327 918 382 in·
931 340 1021 412 Asuo
1038 329 1161 401 plurimo
1175 339 1311 404 apparatu
1330 335 1506 403 munierunt,
1522 337 1698 412 multamque
1716 356 1782 412 par·
1857 349 1861 355 ’

106 429 178 484 gens
191 411 289 470 suhiIo
308 415 404 484 crevit,
421 419 451 473 et
467 416 594 472 maxima
613 416 765 473 diminutio
786 420 921 490 potentIe
971 425 1028 476 tem
1041 423 1142 495 patrie
1157 428 1254 481 contra
1267 443 1365 500 regern
1383 427 1456 483 iutra
1475 429 1561 486 breve
1576 434 1690 504 tempus
1702 450 1782 489 com-

105 510 211 562 nostrae
237 523 385 580 opumque
413 508 494 570 nohis
515 510 654 566 incubuit.
680 513 821 567 Hactenus
843 513 921 569 enim
971 520 1131 572 moverunt.

105 601 285 656 Normaania
303 601 356 656 sub
380 603 499 659 ducibus
521 605 631 677 magnis
655 603 813 660 honorilice
838 607 922 677 positi
971 618 1015 676 111,
1030 622 1147 679 genezeo
1161 626 1189 679 52,
1211 626 1315 695 ,morra
1334 627 1368 682 aa
1388 628 1478 685 odone
1496 632 1616 702 episcop,
1634 635 1784 690 summm,

104 710 215 762 sumus,
236 700 356 766 paterna
376 695 551 765 haereditate,
568 714 653 769 quam
674 705 805 770 parentes
821 699 920 771 nostri,
1005 716 1055 771 pro
1077 703 1191 759 Habeto
1208 705 1277 759 duce
1295 705 1442 762 adsultans
1461 709 1604 765 evehendo.
1615 740 1650 753 -··
1670 712 1782 770 aestut-

104 787 156 858 qui
171 787 305 843 deliacis
318 804 383 844 cum
399 789 519 846 Ilollone
532 793 599 846 aute
619 791 755 847 ducentos
770 797 797 848 et
812 792 921 849 duode-
1006 796 1066 836 ”¹¹⁴⁸
1078 784 1168 850 Rufus
1180 783 1290 838 rebelles
1305 784 1428 840 devincit·

104 896 390 951 nosaunosveaere,
410 882 569 938 nactisunt
587 900 650 939 curn
671 900 777 957 magna
796 886 920 941 strenui·
1007 885 1067 942 Odo
1094 886 1243 956 nimirum,
1267 893 1298 944 ut
1319 905 1404 960 supra
1424 890 1533 946 dictum
1560 897 1611 960 eet,
1641 893 1783 966 palatium

103 977 175 1030 tate.
191 974 299 1030 Deinde
310 991 363 1030 uos
376 992 439 1031 cum
453 976 605 1034 Guillelmo
616 977 688 1033 doce
701 982 821 1050 pontum
833 982 923 1036 trans·
971 979 1076 1035 Cautiae
1089 981 1186 1036 consul
1201 985 1272 1047 erat,
1290 986 1318 1036 et
1331 981 1429 1053 plures
1444 983 1497 1039 sub
1509 1001 1539 1039 se
1560 985 1679 1042 comites
1692 987 1780 1044 viros-

103 1067 285 1136 iretavaus,
314 1073 342 1126 et
369 1068 495 1126 Saxones
520 1070 626 1142 Auglos
651 1070 756 1127 viribus
780 1073 922 1145 armisque
972 1087 1027 1143 que
1047 1077 1177 1143 potantes
1192 1073 1322 1131 habebat.
1340 1075 1478 1147 nogarias
1497 1093 1591 1134 comes
1606 1078 1780 1137 scrobesbu-

104 1162 214 1217 nostris
233 1162 447 1233 prostravimus,
462 1166 491 1219 et
505 1162 607 1219 fundos
626 1180 725 1220 eorum
745 1180 810 1220 curu
829 1166 921 1221 omni·
971 1162 1083 1234 riensis,
1098 1168 1127 1220 et
1140 1167 1221 1237 Hugo
1239 1166 1274 1223 de
1294 1167 1520 1240 Greutemaisuil,
1534 1171 1583 1242 qui
1597 1172 1783 1242 praesidatum

103 1254 160 1309 hus
176 1254 292 1324 divitiis,
308 1272 366 1311 nou
386 1255 446 1312 sine
460 1273 566 1329 magno
585 1257 694 1313 cruoris
714 1259 803 1314 nostri
821 1258 920 1314 discri·
971 1257 1164 1329 tegrccestrae
1176 1259 1306 1332 regebat,
1315 1276 1348 1315 ac
1357 1261 1558 1318 Itodbertusde
1570 1263 1727 1321 Rodelcnto
1735 1282 1783 1322 ne·

104 1348 200 1417 mine,
215 1348 402 1405 obtinuimus.
417 1350 493 1405 Proh
514 1350 612 1407 dolort
634 1366 671 1405 eu
692 1350 815 1407 vlolenta
839 1352 922 1408 nobis
970 1367 1021 1422 pos
1036 1351 1107 1422 ejus,
1127 1351 1231 1424 aliique
1245 1353 1340 1424 plures
1356 1354 1504 1411 fortissImi
1517 1355 1621 1412 milites
1641 1357 1782 1415 seditiosis

104 1447 169 1497 orta
190 1446 233 1497 est
246 1443 377 1510 mutatio,
398 1449 425 1498 et
445 1447 549 1499 nostre
570 1443 750 1499 suhIImitatis
772 1446 922 1517 repentina
970 1444 1115 1511 lavabant,
1130 1451 1158 1501 et
1173 1446 1348 1502 munitiones
1361 1464 1426 1503 suas
1446 1447 1541 1519 fossis,
1557 1453 1586 1506 et
1604 1450 1780 1521 homiuibus,

103 1535 237 1606 dejectio.
253 1535 327 1602 Quid
341 1536 499 1592 faciemus?
512 1537 580 1592 Ecce
593 1537 726 1593 defuncto
736 1537 846 1594 seniore
858 1555 922 1595 nos·
969 1542 1053 1610 atque
1067 1537 1210 1594 alimentis
1225 1539 1373 1596 homiuum
1391 1546 1419 1597 et
1436 1557 1576 1613 equorum
1598 1543 1781 1602 abundanter

103 1633 161 1697 tro,
192 1627 249 1684 duo
273 1628 393 1700 juvenes
414 1628 577 1698 succedunt,
599 1631 718 1702 jamque
738 1631 919 1688 dominatum
970 1629 1160 1687 iustruebant.
1171 1633 1232 1688 tam
1241 1632 1314 1688 avidi
1324 1633 1475 1704 praedones
1484 1635 1657 1692 invadebant
1669 1638 1780 1709 praedas

103 1722 216 1793 duglire
227 1728 256 1777 et
264 1722 447 1778 Nornrauniae
460 1723 552 1778 subIto
561 1729 759 1795 segregarunt.
770 1725 918 1789 Quomodo
928 1705 957 1776 B
969 1725 1146 1797 pagensium,
1154 1731 1273 1781 ovanter
1280 1726 1472 1797 prestolantes
1481 1725 1582 1784 ducem
1593 1729 1779 1800 norbertum,

101 1814 220 1871 duobus
233 1815 355 1871 dominis
370 1820 428 1871 tam
445 1816 571 1884 dirersis,
587 1821 615 1872 et
627 1822 687 1872 tam
702 1817 788 1890 longe
801 1818 836 1872 ab
851 1819 921 1876 iuvi·
970 1818 1020 1889 qui
1033 1819 1170 1875 statuerat
1188 1835 1378 1890 praecursores
1394 1836 1468 1888 suos,
1486 1836 1551 1877 vere
1569 1823 1718 1891 redeunte,
1733 1840 1779 1880 se·

100 1924 166 1964 cem
195 1908 312 1964 remotis
339 1914 536 1981 competenter
561 1909 666 1966 servire
691 1911 867 1982 poterimus?
889 1912 920 1969 si
969 1911 1017 1983 qui
1041 1927 1106 1966 cum
1127 1911 1225 1967 multis
1244 1911 1405 1983 legionibus
1425 1913 1557 1969 militum.
1578 1916 1655 1971 Tunc
1675 1915 1780 1973 (Isbar-

101 2001 259 2066 Ilodberto,
275 2002 339 2057 duci
362 2003 603 2071 Normannorum,
618 2001 705 2075 digne
725 2004 918 2075 servierimus,
969 2020 1031 2072 uus,
1056 2004 1200 2073 tilchardi,
1225 2007 1414 2076 cognomento
1436 2005 1535 2078 Scrop,
1559 2007 1642 2076 silius,
1663 2013 1693 2064 et
1711 2010 1779 2065 Ber·
1831 2055 1843 2077 ,

100 2094 298 2164 Guillelmum,
313 2095 433 2150 fratrem
444 2096 515 2167 ejus,
526 2095 713 2153 offendemus.
725 2097 805 2154 Unde
815 2098 919 2171 abipso
970 2097 1077 2152 nardus
1090 2098 1126 2152 de
1140 2099 1216 2154 Novo
1229 2100 1349 2156 Idercato
1362 2117 1450 2173 gener
1462 2100 1532 2172 ejus,
1546 2101 1650 2173 aliique
1665 2102 1781 2174 compli-

100 2187 292 2260 spcIiabimur
306 2188 335 2243 in
349 2188 451 2261 Anglia
470 2190 582 2262 maguis
596 2190 755 2247 redditibus
772 2196 800 2246 et
817 2192 917 2263 praeci·
968 2206 1014 2246 ccs
1028 2207 1139 2259 eorum,
1155 2192 1205 2263 qui
1221 2192 1291 2249 ilnes
1302 2193 1468 2250 Marciorum
1479 2194 1672 2265 possidebant,
1682 2193 1712 2250 in
1726 2198 1781 2251 ter·

99 2281 167 2354 puis
183 2281 351 2338 honoribus.
372 2284 489 2351 Rursus,
510 2281 610 2355 stragi
628 2283 777 2339 Guillelmo
791 2301 919 2357 congrue
968 2283 1066 2339 ritorio
1086 2284 1264 2357 wigornensi
1284 2286 1394 2358 rapinis
1412 2290 1442 2342 et
1459 2286 1593 2355 caedibus,
1606 2286 1779 2359 prohibente

99 2375 295 2448 paruerImus,
319 2376 477 2433 Radbertus
500 2377 556 2432 dux
579 2377 609 2432 in
631 2377 804 2434 NormanuIa
823 2378 917 2450 prIva-
968 2381 997 2433 et
1022 2377 1281 2434 anathematizante
1303 2379 1362 2435 viro
1385 2381 1433 2436 Ilei
1453 2379 1609 2434 Wultstano
1631 2380 1777 2452 episcopo,

99 2469 143 2524 bit
160 2486 213 2524 uos
225 2470 352 2541 paternis
368 2469 594 2527 hereditatibus.
613 2471 799 2543 Summopcre
816 2489 916 2528 caven·
967 2470 1102 2543 nequiter
1115 2470 1292 2527 insistebant.
1306 2473 1366 2528 Iler
1385 2489 1449 2528 vero
1467 2473 1642 2543 Guillelmus,
1661 2477 1693 2528 ut
1707 2473 1777 2530 vidit

99 2563 174 2619 dnm
187 2568 276 2619 estue
288 2564 343 2618 tale
356 2563 508 2619 disortium
519 2563 667 2635 contingat
681 2565 763 2620 nohis
776 2565 828 2620 sub
841 2565 918 2638 prin·
967 2579 1033 2619 suos
1056 2564 1085 2619 in
1106 2568 1184 2619 terra
1210 2581 1260 2619 sua
1281 2570 1378 2621 contra
1393 2583 1422 2622 se
1442 2565 1566 2638 pessima
1585 2565 1720 2637 cogitare,
1737 2573 1776 2637 et,

98 2657 213 2729 cipibus
228 2657 282 2727 his,
299 2659 384 2729 quale
400 2657 452 2713 sub
470 2658 595 2714 Roboam
615 2664 644 2713 et
663 2657 834 2715 Itieroboam
854 2676 917 2716 con·
967 2672 1018 2730 per
1031 2656 1143 2728 singula
1158 2657 1401 2714 crebrescentibus
1415 2659 1506 2725 molis,
1519 2658 1554 2713 ad
1568 2660 1667 2730 pejora
1679 2676 1778 2733 proce·

96 2752 168 2825 ugit
184 2751 327 2806 Israelitis.
343 2752 419 2807 Unus
437 2751 560 2823 popolus
573 2767 626 2823 per
643 2750 715 2807 duos
733 2752 874 2826 principes
887 2754 917 2809 la
966 2751 1043 2818 dare,
1056 2767 1114 2806 uon
1128 2751 1280 2806 meditatus
1299 2754 1342 2806 est
1359 2755 1389 2807 ut
1408 2751 1509 2807 timida
1522 2752 1619 2824 vulpes
1640 2752 1675 2807 ad
1690 2756 1773 2809 teue-

98 2862 161 2900 sese
175 2843 281 2899 diuisus
294 2847 347 2914 est,
357 2848 386 2900 et
397 2844 472 2916 lege,
484 2845 603 2916 templo,
617 2847 852 2920 caeremoniisque
865 2847 917 2903 Dei
938 2845 940 2850 ⁸
965 2843 1062 2900 brosas
1085 2860 1215 2899 cavernas
1237 2845 1353 2916 fugere,
1375 2844 1425 2900 sed
1448 2851 1479 2900 ut
1501 2845 1545 2900 leo
1566 2845 1647 2900 fortis
1670 2849 1699 2901 et
1723 2863 1774 2902 au·

97 2937 297 3011 pessundatis,
322 2938 351 2993 iu
371 2938 540 3010 apostasIam
562 2940 655 3010 lapsus
669 2944 720 2994 est.
740 2939 784 2995 Sic
808 2940 917 2996 ltebrrei
967 2937 1022 2992 dex
1054 2937 1203 2993 rebellium
1235 2941 1351 2993 coriatus
1384 2938 1549 2994 terribiliter
1575 2939 1776 3010 comprimere.

97 3048 153 3105 per
176 3031 344 3088 detestabile
365 3031 514 3087 dissidium
539 3032 569 3086 iu
592 3049 642 3088 sua
662 3032 767 3089 viscera
788 3035 953 3137 nequiterC
967 3031 1155 3086 lanfrancum
1172 3030 1269 3104 itaque
1284 3030 1529 3105 archiepiscopum
1550 3048 1614 3087 cum
1635 3031 1777 3105 suffraga-

95 3125 205 3182 armati
229 3129 305 3193 sunt,
331 3131 359 3181 et
382 3127 537 3182 servientes
556 3126 663 3183 Baalim
685 3127 772 3182 multa
796 3144 915 3184 suorum
965 3125 1026 3180 neis
1047 3124 1226 3197 presulibus,
1252 3128 1281 3180 et
1306 3125 1432 3194 comttcs,
1448 3126 1611 3198 auglosqne
1635 3127 1778 3182 natumlcs

97 3219 193 3275 millia
208 3217 452 3276 trucidarentur
468 3224 914 3292 postremumveroparseorum,
965 3219 1139 3289 convocarit,
1172 3222 1201 3274 et
1228 3224 1347 3274 conatus
1376 3218 1612 3290 adversariorum,
1644 3236 1677 3275 ac
1706 3220 1777 3276 velle

97 3313 150 3385 qul
164 3328 316 3383 uunquam
331 3317 429 3383 postea
442 3312 597 3381 redieruut,
613 3313 664 3368 sub
679 3314 797 3386 Assyriis
816 3316 845 3370 iu
858 3315 913 3371 Ite·
965 3327 1047 3366 suum
1062 3311 1246 3385 expugnandi
1268 3328 1317 3367 eos
1339 3311 1483 3367 iudicasti.
1505 3314 1542 3367 nt
1562 3311 1602 3367 illi
1618 3328 1728 3385 regem,
1745 3316 1778 3369 ut

95 3406 179 3463 diam
194 3405 336 3478 captivata
350 3411 410 3475 est,
428 3411 457 3461 et
471 3405 525 3461 alia
541 3423 606 3478 pars
618 3408 670 3463 sub
679 3407 820 3463 chaldeis
830 3408 916 3481 Baby·
965 3405 1176 3476 perturbatores
1198 3405 1277 3477 pacis
1298 3404 1509 3476 comprimeret,
1532 3404 1675 3461 adhortati
1699 3411 1775 3475 sunt,

95 3499 226 3555 lonicavu
248 3498 439 3571 captivitatem
460 3515 544 3572 passa
563 3505 616 3554 est.
643 3502 677 3555 Et
693 3500 822 3556 Thebaeis
846 3501 916 3575 quid
964 3497 1775 3570 sesequepromptissimosadadjuvandumpollicitisunt.
1863 3539 1868 3546 .

95 3592 223 3666 contigit
243 3591 296 3647 sub
310 3592 421 3647 duobus
440 3593 575 3648 fratribus
588 3594 698 3649 Eteocle
721 3597 750 3649 et
774 3594 915 3651 PoIIuicet
964 3593 1121 3663 Anglorum
1133 3607 1201 3646 vero
1215 3591 1332 3663 triginta
1347 3590 1437 3645 millia
1450 3595 1517 3646 tunc
1526 3591 1561 3646 ad
1574 3591 1719 3646 servitium
1733 3607 1775 3645 re·

95 3688 199 3743 Itouue
214 3687 304 3741 multa
315 3685 403 3741 millia
417 3686 564 3758 utriusque
575 3686 663 3759 partis
673 3689 861 3743 corruerunt?
871 3688 914 3744 Ad
965 3684 1008 3756 gis
1021 3689 1121 3755 sponte
1136 3701 1187 3740 sua
1205 3686 1409 3752 convenerunt,
1424 3699 1592 3756 regemque,
1606 3686 1638 3739 ut
1652 3683 1776 3754 perfidos

94 3780 235 3837 uIIImnm
252 3796 320 3836 vero
336 3779 389 3852 Ipsi
404 3779 508 3834 fratres
523 3779 628 3835 mutuis
642 3780 805 3836 vulneribus
818 3782 911 3837 conci·
963 3777 1122 3849 proditores
1141 3777 1248 3849 absque
1262 3782 1391 3849 respectu
1408 3777 1534 3848 puniret,
1551 3776 1774 3844 admonuerunt,

94 3873 215 3943 derunt,
242 3876 273 3929 et
297 3874 438 3929 extraneis
463 3872 675 3929 successoribus
696 3873 913 3931 haereditarium
964 3869 1093 3925 dicentes
1108 3888 1115 3925 :
1133 3892 1147 3921 α
1159 3869 1284 3926 viriliter
1297 3886 1360 3942 age,
1370 3873 1403 3926 ut
1418 3869 1493 3942 ragis
1501 3869 1586 3940 illius,
1603 3872 1631 3926 et
1644 3869 1774 3941 legitime

90 3967 140 4039 jus
161 3965 352 4023 dImiseruntt
374 3967 437 4023 tlaec
457 3973 485 4022 ct
506 3964 593 4021 multa
613 3967 775 4038 hujusmodi
792 3969 915 4024 solerter
964 3963 998 4019 ad
1014 3980 1135 4036 regnum
1147 3968 1318 4036 assumptus,
1330 3979 1444 4020 securus
1463 3963 1491 4019 iu
1505 3963 1558 4018 hoc
1571 3980 1660 4035 regno
1681 3962 1774 4018 demi-

93 4059 204 4116 intucri
223 4059 374 4127 debemus,
395 4063 425 4114 et
448 4060 603 4130 prudenter
623 4076 785 4133 praecavere
805 4077 842 4116 ne
862 4077 914 4133 per
963 4073 1032 4113 aare
1048 4057 1191 4113 omnibus.
1206 4058 1305 4113 Nonne
1319 4057 1398 4113 vides
1412 4061 1481 4129 quot
1493 4061 1586 4114 tecum
1600 4073 1698 4112 sumus
1712 4055 1777 4111 tibi-

94 4151 248 4209 consilium
258 4152 384 4224 juvenile
397 4168 549 4223 pereamus
558 4170 567 4222 ;
589 4152 751 4209 inviolabile
762 4153 912 4210 foeduslir·
963 4167 1018 4223 que
1032 4154 1179 4223 gratanter
1192 4151 1350 4223 paremus?
1369 4151 1476 4207 PassIm
1496 4167 1549 4224 per
1569 4152 1658 4205 totam
1677 4149 1775 4205 albio-

93 4247 182 4303 miter
199 4245 343 4314 ineamus,
357 4251 384 4301 et
395 4246 542 4302 Guillelmo
556 4263 623 4319 rege
636 4246 745 4318 dejecto
760 4247 802 4302 vel
823 4248 911 4303 inter·
963 4260 1030 4299 nem
1043 4244 1165 4316 impera,
1179 4260 1336 4318 omnesque
1349 4244 1467 4300 rebelles
1482 4244 1571 4316 dejice
1586 4243 1675 4315 regali
1690 4243 1773 4315 justi-

92 4341 179 4410 fecto,
195 4340 246 4412 qui
257 4340 356 4412 junior
366 4343 419 4410 est,
432 4343 461 4395 et
473 4345 633 4410 protervus,
647 4344 675 4396 et
688 4339 732 4395 cui
745 4340 816 4396 nibil
830 4341 913 4396 debe·
963 4337 1009 4393 tia.
1025 4338 1117 4409 Usque
1138 4337 1173 4392 ad
1195 4343 1316 4393 mortem
1337 4354 1388 4410 pro
1410 4342 1437 4393 te
1453 4336 1634 4406 certabimus,
1648 4351 1701 4392 uec
1720 4351 1774 4391 un·

93 4451 168 4503 mus,
180 4433 479 4501 Rodbertunrducenr,
491 4433 539 4506 qni
552 4434 644 4505 maj0r
653 4437 722 4489 natu
737 4439 789 4502 cst,
801 4439 829 4489 et
840 4427 950 4499 trac-D
961 4447 1047 4504 quam
1062 4430 1114 4486 tibi
1130 4430 1217 4485 alium
1231 4447 1444 4502 praeponemus.
1458 4431 1581 4486 Stultum
1593 4429 1678 4483 nimis
1692 4433 1736 4484 est
1745 4434 1774 4485 et

92 4527 213 4585 tabiIIor
226 4526 365 4594 moribus,
382 4531 411 4582 ct
431 4527 475 4581 cni
492 4527 676 4598 jamdudum,
694 4528 806 4583 virente
829 4532 910 4600 patre
961 4525 1113 4597 profanum
1129 4530 1195 4579 noto
1217 4525 1280 4595 regi
1303 4524 1440 4595 preferre
1463 4524 1576 4579 bostem
1596 4527 1773 4577 extraneum.

89 4619 786 4693 amborum,tidelitaternjuravaus,prIncipem
799 4621 910 4693 Anglire
961 4617 1139 4674 Detestabilis
1165 4633 1237 4689 gens
1263 4622 1327 4685 est,
1355 4633 1419 4689 qnae
1447 4615 1569 4688 principi
1606 4631 1656 4670 suo
1684 4613 1774 4669 iuilda

90 4731 125 4770 ac
152 4713 302 4783 Neustriae,
328 4714 363 4767 ed
396 4713 566 4770 servandam
599 4713 736 4770 uultatem
764 4713 911 4786 utriusque
961 4718 1012 4767 est.
1027 4712 1148 4766 Phalanx
1169 4710 1256 4766 morti
1269 4710 1305 4765 sit
1319 4710 1420 4779 victua,
1438 4725 1501 4780 quae
1520 4708 1628 4764 domIni
1644 4708 1688 4763 sui
1703 4724 1773 4779 gau-

92 4806 189 4880 regni,
205 4807 420 4863 constituamus.
437 4827 450 4857 n
961 4806 1010 4861 det
1026 4805 1125 4860 ruina!
1141 4805 1268 4861 Solerter
1279 4804 1437 4874 ltnglorum
1450 4802 1556 4857 rImare
1570 4801 1713 4870 historias,
1727 4801 1771 4857 In-

129 4903 188 4957 IIoc
206 4901 304 4973 itaque
327 4900 474 4957 consillum
496 4901 557 4956 Odo
575 4899 680 4973 praesul
695 4901 864 4973 bajocensis,
881 4906 909 4956 et
960 4901 1110 4973 veniesque
1137 4916 1250 4971 semper
1278 4898 1350 4954 lidos
1378 4896 1553 4969 prIncipibus
1581 4896 1640 4950 suis
1672 4897 1772 4968 Angli-

91 4995 265 5051 Eustachius
278 5011 373 5050 comes
385 4994 571 5063 Bolooiensis,
587 5001 672 5066 atque
686 4994 845 5050 [lodharius
857 4996 907 5050 Be·
959 5010 1056 5066 genas.
1075 5016 1089 5044 »

91 5088 254 5158 tesmensis,
271 5089 375 5160 aIIIqoe
394 5089 490 5160 plures
503 5088 693 5144 communiter
708 5088 907 5156 decreverunt,
995 5090 1053 5144 Iter
1067 5103 1136 5158 ergo
1153 5087 1243 5143 Ilolus
1261 5084 1459 5154 indigenarum
1481 5083 1595 5139 hortatu
1613 5082 1774 5155 promptior

90 5183 297 5255 decretumque
314 5199 397 5239 suum
413 5182 556 5239 Rodberto
577 5183 642 5238 duci
662 5182 838 5238 detexerunt.
859 5181 908 5237 Ille
959 5182 1091 5249 surrexit,
1105 5186 1133 5236 et
1148 5182 1322 5251 congregato
1336 5178 1462 5234 exercitu
1481 5182 1772 5249 maguo,cout1·are·

90 5293 170 5346 vero,
188 5279 287 5348 utpote
307 5275 375 5332 Ievis
397 5280 425 5332 et
447 5276 683 5346 inconsideratus,
697 5275 778 5330 valde
793 5275 909 5346 gavisus
959 5275 1047 5330 belles
1061 5277 1249 5346 pugnaturus,
1273 5273 1420 5344 processii.
1434 5273 1512 5327 Tunc
1533 5271 1593 5326 0do
1612 5270 1773 5342 ItaJoceusis

90 5377 136 5426 est
162 5369 309 5442 promissis
334 5369 498 5437 Inutilibus,
524 5385 643 5441 seseque
669 5368 823 5440 spopondit
856 5368 907 5439 eis,
959 5385 1025 5425 cum
1039 5366 1203 5441 quingentis
1219 5366 1358 5422 militibus
1373 5365 1447 5421 iutra
1461 5365 1619 5422 Itotteusem
1633 5363 1732 5419 urbem
1743 5380 1774 5420 se

89 5464 112 5519 si
127 5463 479 5531 Inchoareat,adluturum
493 5463 522 5518 in
537 5462 681 5530 omnibus,
692 5466 720 5518 et
738 5462 908 5517 collaturum
960 5463 1106 5529 conclusit,
1125 5461 1221 5534 ibique
1236 5461 1412 5516 llodhertum
1426 5460 1529 5515 ducem
1543 5475 1609 5513 cum
1622 5457 1680 5512 suis
1693 5458 1772 5512 auxi·

90 5575 157 5614 mos
172 5558 270 5612 cisvcax
284 5557 420 5613 auxilium
433 5558 468 5613 od
488 5557 711 5629 perpetrandum
725 5561 782 5611 taur
798 5557 908 5611 clarum
959 5557 1086 5624 liaribus,
1102 5555 1260 5611 secundum
1272 5557 1376 5610 statuta
1389 5553 1642 5626 qurepepigerant,
1656 5555 1776 5622 prmsto-

90 5653 214 5707 tucimrs.
236 5652 336 5723 Igitur,
360 5653 426 5723 post
444 5651 541 5706 Notale
560 5649 676 5705 bomini
698 5650 827 5721 praedicti
845 5667 909 5721 pro·
959 5651 1013 5707 lari
1027 5649 1186 5721 proposuit.
1200 5649 1261 5704 Non
1276 5648 1355 5704 culm
1368 5645 1504 5714 seditiosi,
1527 5645 1655 5717 quamvis
1676 5649 1774 5700 essent

91 5762 172 5803 coras
198 5746 230 5803 iu
269 5745 400 5818 angliam
431 5744 703 5815 transfretaverunt,
733 5747 762 5801 et
793 5744 910 5800 castella
959 5743 1085 5816 plurimi,
1103 5743 1257 5816 multisque
1273 5741 1346 5816 gazis
1362 5746 1390 5799 ct
1407 5741 1494 5798 armis
1510 5746 1539 5796 ct
1556 5738 1776 5810 ingenuoqpa-
