3750 6046
124 226 170 286 vav
810 229 1119 289 oncantcvvvmus
1539 188 1545 193 ’
1760 224 1809 283 voa

121 368 175 426 pus
187 352 222 408 ad
236 351 329 423 ripam
343 350 421 407 fluvii
433 351 594 425 projectum
604 357 655 421 est,
670 352 751 425 quasi
765 369 811 410 sex
825 354 934 425 stadiis,
947 354 1078 444 Adianis
1092 352 1262 422 excessibus,
1277 352 1327 426 qui
1346 369 1403 408 non
1424 354 1577 424 gravantur
1593 347 1801 406 criminalibus.

121 446 152 502 in
173 446 295 513 siccum;
316 450 346 500 et
367 445 512 502 demones
532 447 585 502 visi
609 451 677 502 sunt
697 447 727 503 in
752 447 937 504 similitudine
988 447 1170 520 purgatorius
1185 448 1292 519 quippe
1307 446 1381 517 ignis
1392 444 1495 500 tluvius
1510 448 1560 512 est,
1578 446 1607 500 et
1619 460 1694 518 pons
1707 460 1807 516 super-

121 555 287 610 porcorum.
308 540 417 594 Deinde
436 541 542 612 populo
564 541 738 612 deprecante
758 542 939 613 abepiscopo
988 541 1104 614 positus,
1121 540 1150 595 iu
1166 557 1223 612 quo
1242 555 1288 595 me
1308 539 1415 594 ducens
1432 538 1550 611 augelus
1566 536 1683 594 Domini
1704 553 1738 592 ac
1753 543 1810 593 sta·

121 632 308 704 imprecante,
328 634 363 689 de
380 632 503 688 tlumine
523 649 588 689 cum
608 649 712 705 magno
731 634 839 705 impetu
862 635 938 690 exie·
989 637 1072 688 tuens
1085 633 1161 700 illuc,
1175 633 1352 705 apprehensa
1368 648 1454 687 manu
1468 647 1542 698 mea,
1556 631 1647 687 dixit:
1662 631 1714 687 Hic
1726 631 1810 687 stabis

122 729 200 793 runt,
214 731 320 782 etanta
334 728 421 798 pedes
436 727 524 781 sancti
540 726 672 781 Martialis
687 731 838 781 venerunt.
854 729 941 782 Erant
989 742 1136 798 quousque,
1160 728 1195 782 ab
1217 728 1342 782 omnibus
1363 728 1480 796 percotis
1501 726 1675 788 emendatus,
1701 725 1812 780 cebetis

122 824 219 875 autem
232 819 312 893 quasi
327 820 472 892 AEthiopcs
488 819 629 891 nigriores
644 819 773 890 fuligine,
790 821 878 891 pedes
892 836 938 875 eo·
989 823 1066 890 regni
1083 822 1211 876 mercaris
1230 835 1283 876 esse
1299 821 1445 890 particeps.
1470 817 1518 874 llis
1540 817 1671 890 expletis,
1690 817 1726 872 ad
1749 834 1813 889 por·

124 928 188 969 rum
201 915 298 985 magni
312 912 454 968 terribiles
467 913 540 968 oculi
556 918 584 968 et
599 913 718 979 cruenti,
734 913 830 984 capilli
848 916 941 968 totum
990 917 1049 968 tam
1070 912 1196 984 paradisi
1218 913 1359 980 venimus,
1380 912 1466 982 juxta
1489 926 1576 983 mam
1597 908 1811 965 multitudinem

124 1007 261 1077 tegebant
272 1022 384 1078 corpus,
398 1009 484 1077 atque
499 1022 550 1077 per
563 1022 594 1062 os
608 1022 710 1061 eorum
726 1011 756 1061 et
771 1022 853 1062 nares
866 1007 942 1079 iguis
990 1007 1153 1062 doemonum
1175 1011 1383 1078 congregatam
1407 1005 1565 1076 reperimus
1587 1019 1713 1075 quorum
1730 1004 1810 1059 sacvi-

126 1100 279 1156 emanahat
291 1099 478 1172 sulphureus3
490 1100 640 1172 loquentes
655 1115 722 1155 vero
736 1100 882 1156 corvinam
897 1118 942 1155 vo·
990 1099 1060 1155 tiam
1082 1102 1112 1154 et
1134 1098 1310 1155 calumniam
1333 1097 1571 1171 pertimescebam
1596 1097 1808 1153 vehementius.

125 1210 188 1249 cem
203 1193 310 1248 imitari
318 1193 497 1248 videbantur.
511 1193 635 1248 Proesule
651 1193 769 1248 nomina
782 1210 882 1249 eorum
897 1195 941 1248 iu-
990 1196 1069 1249 Tunc
1092 1209 1144 1249 vox
1168 1193 1203 1248 de
1228 1192 1299 1247 coelc
1320 1192 1417 1247 audita
1439 1194 1482 1247 est
1503 1208 1511 1245 ε
1532 1195 1697 1248 Revertatur
1720 1193 1814 1247 coiere

125 1289 299 1358 terrogantc,
318 1302 391 1341 unus
407 1301 508 1342 eorum
523 1285 597 1341 dixit
615 1303 621 1341 :
643 1306 657 1338 u
675 1288 733 1358 Ego
753 1302 838 1341 vocor
855 1287 940 1342 ttitte·
990 1288 1071 1359 paeri
1089 1287 1170 1356 lateas
1184 1289 1214 1341 in
1228 1288 1333 1342 circem
1351 1286 1410 1354 ejus
1427 1291 1452 1341 et
1470 1287 1546 1340 utoat
1566 1299 1655 1341 onnes
1670 1286 1773 1355 uiginti
1789 1291 1815 1341 ct

126 1379 243 1448 Artifex,
256 1381 324 1452 quia
339 1379 417 1434 mille
430 1379 522 1434 habco
537 1383 613 1434 artes
624 1381 659 1435 ad
672 1379 872 1451 decipiendum
892 1397 941 1452 ge·
992 1397 1049 1436 sce.
1063 1380 1187 1452 Angelus
1200 1382 1297 1435 autem
1307 1379 1357 1452 qui
1368 1395 1413 1433 me
1426 1377 1548 1433 ducebat
1560 1377 1738 1433 incredibilis
1753 1378 1814 1449 pul·

126 1488 180 1527 nus
203 1475 373 1528 humanum.
389 1494 403 1522 n
420 1474 498 1528 Alter
519 1472 591 1527 dixit
606 1489 613 1527 ε
633 1494 648 1522 «
663 1473 811 1544 Neptunus
832 1490 942 1530 nuncn-
992 1473 1160 1530 claritudinis
1173 1477 1244 1541 erat,
1258 1478 1286 1528 at
1301 1473 1459 1528 humanam
1473 1475 1609 1527 naturam
1622 1474 1741 1544 aspectu
1755 1487 1814 1527 suae

126 1583 189 1639 por,
210 1567 276 1639 quia
290 1567 393 1621 multos
412 1565 546 1621 homines
562 1566 590 1620 iu
603 1566 656 1620 hac
671 1566 752 1621 lovea
771 1567 943 1638 praecipitavi
992 1567 1108 1622 visionis
1122 1566 1285 1622 excedebat.
1300 1565 1500 1621 Pcrcunctanti
1515 1564 1602 1620 etiam
1617 1564 1687 1620 mihi
1701 1565 1736 1621 de
1752 1564 1817 1620 doc·

127 1664 155 1716 et
175 1659 204 1714 in
226 1659 332 1715 interni
356 1676 454 1731 poenas
475 1659 610 1716 demersi.
634 1682 648 1708 o
673 1660 789 1715 Sanctus
814 1661 944 1732 pontifex
994 1665 1056 1719 tore
1072 1667 1169 1717 nostro
1181 1660 1316 1728 ldartiate,
1331 1658 1776 1731 responditangcluszttcpnum
1789 1662 1817 1714 to

129 1753 223 1808 dixit:
242 1774 256 1803 «ι
271 1752 376 1824 thuid
400 1753 516 1824 gestatis
538 1752 633 1824 igneas
651 1756 766 1808 catenas
785 1752 814 1808 in
829 1753 1067 1825 naribusBcetis
1087 1757 1212 1811 meritum
1233 1754 1363 1826 possidet,
1377 1755 1444 1824 quic
1463 1740 1539 1823 sirpo
1551 1759 1695 1824 penncnct
1714 1759 1741 1808 ct
1759 1755 1817 1808 sinc

128 1846 248 1901 vestris‘t
268 1868 282 1896 »
302 1847 452 1901 Daemones
475 1846 609 1902 dixerunt
631 1863 637 1901 :
660 1867 674 1894 ιι
694 1846 815 1911 Quando
837 1847 947 1903 animas
996 1851 1213 1920 concupiscentie
1225 1850 1392 1915 [eminerem
1406 1852 1445 1902 cst
1459 1851 1485 1902 et
1503 1861 1558 1902 csse
1570 1846 1715 1902 deliberet.
1730 1847 1756 1901 A
1766 1847 1815 1916 ju·

130 1939 282 1995 homiuum
297 1938 465 2012 decipimus,
483 1939 519 1995 ud
539 1939 710 2011 magistrum
729 1944 860 1995 nostrum
882 1957 947 1995 cum
997 1948 1106 1999 cantate
1125 1944 1235 1998 Domino
1250 1944 1329 2012 coeps‘t
1346 1941 1480 1996 arremaro
1497 1945 1522 1995 et
1537 1941 1615 1995 beato
1628 1941 1710 1994 Petro
1728 1940 1818 1996 ediva-

129 2033 175 2088 his
198 2033 306 2089 catenis
327 2033 467 2089 ducimus.
491 2054 505 2081 s
527 2033 644 2088 Prassuli
665 2050 733 2089 vero
758 2033 948 2107 interroganti
999 2052 1067 2093 rere.
1084 2036 1283 2106 Adpotcrncm
1296 2035 1405 2089 domem
1424 2047 1546 2090 resersus
1564 2048 1618 2089 nors
1636 2039 1690 2088 cst.
1712 2033 1818 2088 Siculo

130 2127 273 2200 quomodo
302 2127 437 2199 magister
462 2142 561 2182 eorum
587 2134 750 2195 vocaretur,
778 2127 912 2183 dixerunt
939 2145 945 2182 :
998 2131 1213 2201 concepisceetr'c
1232 2129 1324 2183 cornis
1347 2129 1466 2183 noscitur
1485 2128 1601 2194 alienus,
1624 2127 1664 2182 sic
1688 2143 1707 2180 c
1728 2127 1819 2182 dolore

132 2242 146 2271 «
164 2221 329 2290 arraudus,
349 2220 415 2293 quia
432 2220 521 2275 rixam
541 2235 655 2291 semper
675 2220 819 2277 desideret
840 2225 869 2276 et
883 2238 949 2276 cum
998 2225 1092 2278 mortis
1109 2224 1160 2277 crit
1177 2228 1334 2277 ectroncus.
1349 2221 1450 2289 Anpeti
1471 2220 1611 2276 duodecim
1628 2222 1655 2274 ci
1667 2236 1686 2275 e
1705 2221 1817 2275 Domino

132 2314 176 2369 ira
190 2317 219 2368 et
234 2313 431 2385 indignatione
447 2318 610 2384 permanet.
628 2334 643 2363 u
659 2313 784 2386 Denique
797 2313 950 2386 deprecan-
998 2317 1126 2386 dqrutotr'
1138 2320 1213 2379 sunt,
1227 2317 1278 2385 qui
1290 2329 1393 2385 semper
1406 2329 1466 2369 cum
1480 2329 1509 2369 eo
1523 2313 1678 2383 prodentes
1693 2329 1756 2368 curn
1769 2316 1816 2381 [α-

130 2407 206 2463 tibus
220 2406 274 2462 illis
284 2423 321 2461 ne
336 2406 437 2463 latino
450 2422 582 2462 sermone
598 2423 665 2462 cum
682 2406 721 2462 eis
736 2407 810 2462 ultra
823 2409 950 2480 loquere·
1000 2412 1084 2479 tigeri
1098 2425 1153 2464 nora
1166 2411 1341 2479 permittent,
1356 2422 1402 2463 nec
1421 2409 1532 2473 esurire,
1552 2422 1600 2462 nec
1618 2408 1712 2473 sitire;
1726 2407 1774 2462 sed
1785 2407 1819 2461 cb

129 2505 187 2569 tur,
205 2516 257 2556 nec
269 2499 333 2558 illes
345 2500 375 2555 in
389 2500 523 2573 abyssum
535 2501 578 2556 vel
593 2500 622 2556 in
637 2517 715 2555 mare
729 2501 875 2557 Oceanum
887 2501 950 2557 mit·
992 2506 1072 2559 'omni
1085 2504 1157 2558 morlo
1170 2518 1230 2557 cum
1244 2502 1413 2563 custodiunt,
1427 2507 1453 2556 ct
1467 2501 1501 2556 ab
1518 2503 1592 2555 omni
1603 2502 1763 2569 contagione
1775 2500 1820 2555 do

131 2596 214 2662 teret,
229 2593 365 2649 hebraice
378 2593 515 2666 praecepit
526 2598 556 2648 ut
566 2593 597 2649 in
608 2594 755 2649 desertum
769 2595 864 2649 locum
877 2595 951 2650 irent
1000 2598 1064 2653 toris
1076 2611 1189 2667 prorsus
1200 2602 1361 2651 retroneum
1373 2595 1504 2650 reddunt.
1521 2615 1535 2645 e

131 2703 185 2743 nec
196 2687 283 2742 ullam
293 2703 382 2760 usque
393 2687 421 2742 iu
433 2687 511 2742 diem
517 2687 617 2758 judicii
629 2690 789 2742 creaturam
800 2687 947 2743 laederent.
1036 2691 1100 2745 llaec
1112 2693 1141 2743 ct
1155 2688 1211 2743 ulia
1223 2686 1267 2742 his
1280 2687 1384 2742 similia
1398 2686 1560 2743 hildeberte
1574 2686 1729 2753 referente,
1747 2703 1818 2758 pon·

131 2781 282 2836 Daemones
294 2779 391 2835 statim
406 2796 458 2851 per
470 2780 556 2835 inane
571 2779 699 2835 volantes
713 2796 862 2853 nunquam
874 2797 950 2836 com·
999 2783 1069 2838 tifex
1081 2785 1109 2838 et
1119 2782 1185 2850 dux,
1196 2797 1261 2837 cum
1273 2781 1353 2836 omni
1364 2780 1521 2836 coadunata
1534 2779 1628 2851 plebe,
1639 2779 1729 2834 laetati
1741 2784 1819 2848 sunt,

131 2877 303 2946 paruerunt.
321 2874 381 2928 Dux
396 2878 492 2929 autem
507 2878 535 2929 et
547 2889 633 2929 omne
645 2873 759 2946 vulgus,
773 2879 949 2946 cunctusque
1000 2876 1179 2947 Dominoque
1188 2873 1513 2947 pmcollatisbenetlciis
1523 2873 1820 2944 gratiarumactiones

132 2966 275 3022 exercitus
291 2982 326 3020 ex
346 2966 463 3022 diversis
482 2966 636 3038 provinciis
651 2966 793 3022 adunatus
811 2969 898 3039 atque
915 2968 951 3023 ad
1001 2970 1198 3025 reddiderunt.
1221 2967 1399 3023 Hildebertus
1413 2970 1521 3034 autem,
1536 2966 1631 3038 angeli
1651 2966 1763 3022 monita
1777 2970 1817 3022 tc-

132 3060 187 3117 hce
212 3060 405 3131 spectaculum
428 3064 633 3134 congregatus,
656 3061 841 3132 projecerunt
863 3078 892 3115 sa
914 3062 949 3116 ad
1000 3080 1083 3132 nens,
1100 3067 1185 3134 caput
1196 3079 1280 3117 suum
1295 3060 1431 3129 totondit,
1448 3063 1477 3116 et
1490 3060 1576 3115 beato
1590 3060 1706 3132 praesuli
1721 3060 1818 3116 adhae-

132 3153 221 3227 pedes
241 3152 331 3209 sancti
353 3153 502 3221 antistitis,
528 3170 579 3225 pro
604 3153 819 3209 resuscitatione
843 3154 949 3209 mortui
1001 3173 1077 3228 retis,
1096 3156 1125 3210 in
1145 3156 1193 3211 Det
1212 3155 1326 3210 servitio
1345 3154 1502 3225 permansit
1526 3154 1624 3208 vinum
1643 3170 1702 3208 non
1722 3153 1822 3209 bibens

133 3252 270 3320 rogantes
283 3263 346 3302 cum
362 3247 505 3319 lacrymis.
520 3248 582 3319 lpse
598 3263 676 3314 vero,
687 3252 731 3302 tot
744 3248 857 3304 fletibus
871 3264 947 3303 com·
998 3255 1025 3305 et
1041 3266 1156 3305 carnem
1179 3266 1235 3304 nun
1253 3247 1418 3303 comedens.
1439 3247 1615 3303 {ndumentis
1632 3248 1741 3317 pedum
1765 3265 1821 3302 nau

134 3344 238 3409 motus,
249 3356 350 3396 omnes
361 3341 468 3412 pariter
479 3340 633 3397 Dominum
645 3341 790 3413 deprecari
803 3342 948 3413 precepit,
999 3350 1041 3400 est
1054 3360 1131 3399 visus.
1147 3345 1220 3398 Pane
1234 3346 1346 3414 ctaqua
1360 3340 1545 3396 solummodo
1559 3344 1710 3397 contentus
1724 3341 1779 3396 tvvit
1791 3341 1820 3396 in

133 3438 292 3507 tenensque
309 3450 427 3490 manum
443 3434 578 3502 defuncti,
594 3434 666 3490 dixit
682 3453 688 3489 :
705 3456 718 3485 u
733 3434 904 3504 hildeberta,
920 3435 949 3490 in
1000 3438 1073 3506 cibo,
1089 3441 1117 3493 et
1130 3436 1222 3492 cilicio
1237 3437 1266 3490 in
1283 3435 1463 3490 indumento.
1478 3436 1545 3490 Erat
1565 3435 1643 3490 enim
1663 3434 1779 3491 deditus
1794 3435 1824 3490 in

133 3529 252 3584 nomine
275 3528 387 3584 Domini
411 3528 502 3584 nostri
522 3530 588 3584 lesu
608 3528 722 3596 Christi,
744 3545 840 3601 surge.
864 3549 878 3578 v
897 3528 949 3593 Qui
1000 3531 1118 3588 assiduis
1136 3529 1322 3596 orubonibus,
1338 3528 1368 3583 in
1383 3527 1501 3599 jejuniis
1519 3528 1773 3600 frequentioribus,
1794 3532 1824 3584 et

132 3621 230 3677 statim
248 3621 371 3678 surrexit
383 3626 410 3677 et
423 3638 486 3676 xxvv
505 3622 588 3677 annis
607 3625 704 3693 postea
722 3622 853 3694 religiose
871 3622 948 3677 vixit.
1000 3626 1142 3681 continuis
1151 3625 1293 3681 bonorum
1304 3639 1425 3695 operum
1433 3621 1665 3677 exhibitionibus.
1675 3623 1748 3678 Data
1756 3638 1824 3677 vero

21 3788 23 3793 ,
133 3714 249 3772 Cunctis
262 3714 414 3770 Dominum
427 3714 652 3786 glorificantibus
664 3715 712 3787 qui
724 3719 782 3771 tum
793 3715 951 3787 gloriosum
1000 3720 1053 3776 sihi
1067 3719 1260 3792 aparentibus
1275 3716 1463 3772 distribuebat
1478 3715 1689 3788 indigentibns;
1705 3715 1777 3773 nihil
1790 3716 1823 3770 in

133 3809 304 3865 miraculum
320 3808 456 3876 viderant,
473 3812 587 3864 sanctus
606 3808 738 3864 Martialis
754 3808 951 3865 llildebertum
1000 3813 1154 3869 crastiuum
1181 3812 1233 3867 sibi
1262 3809 1432 3865 reservabat.
1461 3808 1630 3880 Exemplum
1659 3823 1729 3863 vero
1762 3809 1823 3880 ejus

132 3902 253 3971 vocavit,
267 3906 296 3957 et
307 3901 343 3956 ab
354 3917 400 3965 eo,
415 3901 451 3957 de
464 3900 508 3957 his
521 3918 586 3974 quse
598 3902 660 3973 jam
674 3901 815 3958 exanimis
830 3902 950 3972 viderat,
1001 3907 1084 3962 multi
1096 3906 1187 3961 secuti
1199 3909 1275 3973 sunt,
1290 3903 1469 3975 propriisque
1482 3901 1681 3956 renuntiantes
1694 3902 1823 3957 voluuta-

132 4012 185 4067 pro
208 3993 397 4050 edificatione
415 3993 594 4051 audientium
615 3994 772 4066 inquisivit.
793 3997 952 4052 cunctante
1002 4001 1086 4069 tibus,
1100 4015 1151 4071 per
1170 4003 1277 4053 arctam
1296 3997 1383 4052 vitam
1404 3997 1440 4051 ad
1461 3995 1606 4051 Christum
1624 3999 1824 4051 succurrerunt.

133 4088 200 4160 (33),
218 4089 301 4161 plum
315 4088 362 4144 5¹¹⁸
374 4089 511 4143 narravit·
1001 4093 1163 4166 Stephanus
1179 4091 1238 4147 dux
1260 4091 1411 4147 decretum
1427 4088 1497 4145 fecit
1513 4093 1540 4144 et
1560 4104 1612 4161 per
1632 4104 1735 4145 omues
1756 4105 1826 4161 gen-

171 4204 185 4230 ἰ
209 4183 279 4239 Cum
301 4181 446 4254 fatigatus,
468 4181 573 4253 inquit,
595 4182 696 4238 ardore
715 4182 791 4250 solis,
813 4199 830 4238 a
848 4181 952 4238 sudore
1002 4193 1054 4256 tes,
1069 4203 1134 4259 quse
1147 4186 1249 4242 ditioni
1264 4186 1325 4258 ejus
1340 4183 1536 4257 subjacebant,
1551 4182 1657 4239 direxit
1675 4185 1708 4237 ut
1726 4182 1827 4239 omnia

134 4292 236 4347 eorpus
254 4291 352 4331 meum
371 4275 529 4344 abluerem,
548 4276 684 4331 contineo
703 4275 848 4331 demones
865 4276 895 4330 ie
913 4276 953 4330 to·
1003 4281 1109 4353 tempta
1120 4284 1149 4336 at
1159 4279 1236 4335 idota
1247 4279 1410 4334 minutatim
1423 4276 1639 4348 confringerent
1648 4277 1679 4331 at
1689 4275 1753 4348 igni
1765 4291 1825 4331 cre

133 4368 953 4442 reampraecipitantesmesuffocaverunttlumqueigneis
1004 4378 1125 4442 manent,
1147 4372 1256 4446 solique
1271 4373 1329 4428 Deo
1347 4374 1482 4428 vacarent
1496 4373 1526 4425 et
1540 4369 1645 4425 servire
1664 4369 1827 4424 studerent.

135 4462 243 4518 catenis
258 4479 305 4518 me
319 4462 514 4534 constringere
532 4462 696 4532 voluisseut,
710 4463 842 4535 protinus
857 4466 992 4557 estansD
1004 4471 1066 4541 lpse
1086 4467 1249 4539 religiosam
1267 4465 1365 4534 vitam,
1379 4465 1453 4520 sicut
1465 4481 1481 4519 a
1495 4464 1571 4519 hono
1591 4463 1730 4535 magistro
1752 4463 1829 4519 didi·

136 4558 257 4629 angelus
276 4556 387 4611 Domini
407 4556 442 4613 dc
463 4556 596 4612 manibus
615 4572 717 4612 eorum
739 4555 873 4612 abstraxit
896 4572 951 4610 me.
1004 4567 1090 4628 cerat,
1111 4561 1264 4634 diligenter
1282 4560 1340 4613 Deo
1365 4558 1506 4613 servabat.
1530 4555 1724 4628 Eleemosynis
1749 4557 1830 4612 cuim

134 4651 262 4722 Cumque
272 4649 309 4706 ed
319 4649 458 4705 orientem
470 4665 590 4723 pergere
601 4649 793 4721 eoepissemus,
805 4650 861 4705 duo
871 4649 954 4704 cunei
1005 4661 1066 4712 crat
1079 4655 1200 4722 deditus,
1214 4655 1244 4708 in
1259 4652 1368 4726 judicio
1378 4652 1483 4724 justus,
1497 4651 1572 4706 circa
1590 4666 1735 4722 pauperes
1753 4650 1829 4705 solli·

134 4744 413 4800 daemonumcontra
430 4743 697 4812 nosveniebant,et
716 4744 816 4817 igneas
835 4743 954 4816 sagittas
1005 4751 1093 4815 citu„
1127 4747 1320 4803 sacerdotibus
1349 4749 1434 4818 atqua
1465 4744 1575 4800 cunctis
1605 4741 1655 4798 Dei
1689 4741 1831 4799 ministris

130 4836 286 4909 jaciebant.
302 4838 379 4892 Unus
392 4854 494 4894 eorum
509 4843 575 4894 ante
590 4854 642 4894 nos
657 4843 687 4893 et
700 4838 772 4893 alius
790 4840 867 4892 retro
887 4853 953 4909 per·
1007 4842 1124 4916 supplex
1136 4843 1200 4896 arat
1209 4857 1240 4895 ac
1251 4840 1381 4910 devotus,
1391 4836 1631 4910 prudentissimus
1640 4839 1726 4908 pater
1738 4836 1833 4893 Chris·

136 4930 230 5002 gebat.
241 4933 291 4985 Ast
301 4946 354 5002 ego
368 4932 457 4986 nimio
472 4948 577 5004 pavore
592 4932 781 5004 perterrebar,
796 4931 847 4987 sed
859 4931 894 4987 ab
905 4947 957 4986 au·
1007 4938 1151 4993 tinearum
1174 4951 1206 4990 ac
1230 4933 1421 4990 ferocissimus
1446 4933 1611 5004 persecutor
1632 4945 1830 5002 paganorum.

137 5022 202 5095 gelo
228 5023 379 5080 comitante
402 5025 473 5080 mihi
495 5025 600 5081 blande
626 5024 820 5081 confortabar.
843 5024 957 5080 Sanora
1006 5031 1088 5088 Adia
1102 5046 1159 5103 quo
1177 5027 1321 5100 baptisma
1339 5025 1471 5097 suscepit,
1492 5040 1558 5081 cum
1574 5022 1687 5078 femina
1702 5024 1833 5094 pollutus

136 5115 226 5172 etiam
240 5133 306 5172 voce
320 5133 352 5172 ac
368 5116 444 5174 dulci
460 5118 657 5175 modulatione
671 5119 756 5191 coepit
769 5120 888 5191 angelus
902 5119 956 5172 Do·
1007 5141 1063 5181 nou
1078 5124 1147 5190 tuit;
1164 5122 1260 5177 sedin
1275 5121 1405 5176 castitate
1419 5134 1509 5191 usque
1525 5118 1555 5172 in
1575 5116 1654 5172 diem
1670 5115 1768 5172 obitus
1787 5115 1834 5171 sui

137 5209 217 5266 mino
233 5226 345 5279 canere,
365 5211 483 5268 dicens:
500 5214 625 5278 Benedic,
642 5215 736 5268 animo
749 5228 819 5276 mea,
834 5215 955 5274 Domino,
1008 5218 1089 5272 vixit.

136 5311 162 5360 ct
181 5307 347 5376 omniaque
365 5308 442 5362 intre
461 5323 502 5362 mc
520 5312 583 5363 scant
596 5309 700 5363 aomiai
716 5312 810 5362 sancto
825 5307 891 5376 ejas.
906 5307 959 5375 Qui
1044 5313 1074 5366 tn
1090 5308 1246 5381 Burdegala
1265 5306 1376 5362 civitate
1397 5304 1557 5377 sigibertus
1574 5319 1669 5359 comes
1688 5306 1764 5374 erat,
1783 5304 1834 5377 qni

135 5401 306 5469 propitiator
320 5401 443 5457 omnibus
461 5401 655 5472 iniquitatibus
673 5403 737 5463 turs,
755 5405 782 5456 et
794 5400 907 5456 redimet
926 5399 959 5454 dc
1009 5421 1061 5477 per
1073 5420 1120 5459 aex
1133 5418 1224 5457 annos
1238 5397 1362 5473 paralysi
1378 5397 1479 5454 morbo
1496 5396 1621 5470 graviter
1630 5400 1832 5468 egrotaverat.

136 5493 248 5558 interm
260 5496 346 5549 vllam
359 5499 444 5551 mam·
461 5493 569 5549 Deinde
585 5494 621 5550 ad
642 5494 740 5565 iguem
759 5492 958 5565 purgatorium
1008 5498 1071 5568 Qui,
1086 5502 1120 5552 ut
1139 5493 1281 5552 mirabilia
1299 5509 1364 5566 qum
1383 5508 1435 5565 per
1455 5491 1571 5547 beatum
1585 5488 1745 5545 Nartialem
1762 5506 1834 5563 age·

139 5586 335 5660 pervenimus,
349 5587 379 5642 in
393 5603 450 5660 quo
462 5586 613 5644 Christiani
626 5586 790 5643 cruciantur
803 5602 855 5659 pro
868 5584 960 5659 quoti·
1010 5593 1116 5649 bantur
1128 5588 1246 5659 audivit,
1263 5586 1379 5661 conjugi
1393 5601 1453 5641 suae
1471 5582 1632 5641 Dencdictre
1645 5583 1788 5657 precepit
1803 5587 1836 5640 nt

165 5779 218 5842 tta)
230 5780 297 5846 Lag.
311 5795 318 5831 :
332 5781 532 5848 percunctanti.
