3750 6046
148 238 198 302 sos
315 188 321 200 ¹
592 230 596 237 '
825 237 987 301 emenardi
1005 238 1138 300 vlmuts
1782 237 1834 298 sot

151 372 278 443 aliosque
294 369 437 442 principes
455 366 582 442 ejusdem
598 369 695 441 gentis
712 369 749 425 ad
763 369 851 426 lldem
864 372 966 426 verita·
976 369 1102 456 Aabbas
1118 367 1241 424 coenobii
1258 369 1351 426 Sancti
1365 366 1503 442 Sepnleri‚
1517 365 1594 440 qnod
1615 367 1644 422 in
1664 368 1834 438 septentrio·

149 466 183 521 tis
205 463 347 537 perduxit.
375 465 412 520 Ex
436 463 479 518 his
502 462 646 535 opusculis
667 462 864 536 Eugelbertus,
886 463 966 520 Gem-
1014 463 1074 519 nali
1088 468 1168 535 parte
1179 463 1326 520 Cameraci
1342 462 1435 519 studio
1447 461 1616 519 edificatum
1631 463 1676 518 est
1688 477 1722 517 ae
1735 477 1836 534 sump

147 559 285 615 blerensis
307 557 473 625 monachus,
497 556 630 628 quaedam
652 556 788 628 preclara
811 556 963 630 decerpsit,
1013 555 1089 612 tibus
1115 556 1218 612 Liberti
1245 556 1376 627 ejusdem
1401 555 1480 612 urbis
1508 554 1649 628 episcopi,
1676 555 1726 611 ubi
1751 554 1832 611 idem

149 656 177 710 et
197 653 288 708 multa
309 650 344 707 de
365 649 421 720 his,
443 665 507 721 quta
523 649 558 705 de
577 648 715 705 insulanis
735 648 840 704 Oceani
859 649 965 721 scripta
1014 649 1120 722 praesnt
1134 649 1289 707 honorilice
1303 648 1410 706 meruit
1422 648 1545 722 sepeliri.
1560 650 1616 722 (ill

148 751 229 804 erant
241 745 271 800 in
292 743 400 800 eisdem
420 741 565 800 Cbrouicis
587 741 706 809 dimisit,
727 748 756 798 et
775 741 963 799 nihilominus
1047 742 1090 799 Ad
1110 744 1238 816 requiem
1254 744 1317 816 jam
1335 743 1426 800 fessus
1450 743 1563 812 anhelo,
1584 745 1614 799 et
1632 740 1833 799 ecclesiasticae

148 839 184 894 dc
202 838 299 894 Gotbis
318 840 346 893 ct
358 836 446 892 Hunis
462 850 496 890 ae
509 834 609 906 Persis,
625 833 742 907 aliisque
755 835 881 890 barbaris
896 852 963 908 gen·
1011 836 1145 908 historie,
1160 853 1248 910 qnam
1266 837 1302 894 de
1319 836 1566 911 contemporaneis
1585 841 1615 893 et
1630 834 1833 892 collimitaneis

146 933 223 989 tibus
238 933 328 987 mulla
340 929 456 1002 adjecit.
1010 930 1184 1003 principibus
1203 934 1290 1003 atque
1313 929 1463 988 didascalis
1484 929 1579 987 veraci
1600 928 1768 1002 deprompsi
1788 944 1832 984 ce·

181 1027 246 1080 llaec
260 1023 325 1080 ideo
340 1023 406 1079 huic
421 1022 528 1078 chartea
541 1021 629 1094 gratis
648 1021 738 1078 indidi
759 1026 792 1078 nt
806 1021 875 1077 istos
887 1021 961 1078 codi-
1008 1023 1097 1092 lamo,
1113 1023 1239 1096 primum
1251 1023 1381 1080 libellum
1396 1023 1443 1079 hic
1455 1023 1611 1080 terminare
1623 1023 1760 1096 dispono.

27 1163 30 1167 «
145 1135 190 1175 ces
207 1117 283 1173 aridi
300 1117 418 1173 lectores
439 1115 664 1188 inquirantsibi‚
679 1115 745 1188 quie
763 1131 903 1188 magnum
919 1132 960 1170 sa·
1045 1115 1273 1190 Insequentibus
1289 1117 1454 1173 verolatius
1470 1114 1830 1190 deregeGuiltelmodis·

144 1211 260 1285 pientiae
284 1211 409 1267 fructum
436 1210 533 1265 lerunt
558 1214 586 1264 et
614 1208 658 1264 rix
683 1207 805 1264 inveniri
831 1213 957 1281 possunt.
1009 1225 1113 1279 seram,
1137 1209 1311 1282 miserasque
1333 1211 1507 1267 mutationes
1527 1210 1688 1283 anglorum
1711 1211 1742 1266 et
1762 1209 1829 1265 llor-

144 1309 166 1363 l
186 1304 330 1360 modernis
352 1304 429 1360 cuim
449 1302 519 1358 editi
537 1304 613 1369 sunt,
630 1305 659 1358 et
675 1300 768 1357 adhuc
783 1302 889 1373 passim
907 1316 960 1375 per
1007 1320 1181 1360 mannorum
1202 1303 1262 1359 sine
1276 1303 1440 1361 adolatione
1454 1304 1588 1373 referam,
1606 1304 1713 1360 nultius
1726 1318 1826 1359 remn-

144 1398 245 1456 0rbem
269 1397 364 1453 diffusi
387 1412 444 1453 nou
468 1401 543 1452 sunt.
567 1396 661 1450 Unum
687 1411 787 1450 eornm
816 1395 959 1467 ngornae
1007 1397 1163 1454 narrationis
1178 1396 1421 1454 aricioribnsseu
1436 1397 1517 1454 victis
1531 1404 1667 1470 expetens
1687 1396 1827 1454 honorifi-

142 1491 201 1547 ridi
214 1491 244 1546 in
256 1491 369 1562 anglia,
381 1490 539 1545 etalterum
551 1488 707 1545 Cameraco
720 1487 749 1542 in
763 1487 957 1560 Lotbnringia.
1008 1491 1145 1547 centiam.

144 1583 332 1641 Familiariter
353 1582 478 1638 ostendit
495 1581 552 1636 illic
572 1581 644 1638 mihi
664 1580 812 1637 ruinartus
832 1580 957 1653 prudeus
1007 1662 1011 1667 ¹

178 1710 225 1773 151)
244 1709 410 1771 lietbertus,
425 1707 634 1760 Cameracensis
648 1707 805 1772 episeopus,
821 1707 917 1760 Sancti
932 1707 1059 1773 sepulcri
1073 1710 1232 1764 coenobinm
1244 1711 1372 1765 fundarit
1388 1727 1463 1766 enno
1477 1713 1548 1767 tusc.

145 1876 178 1887 .-

670 1989 942 2077 sunulultllt
970 1990 1095 2079 LIBRI
1122 1993 1298 2087 ullum.

159 2213 165 2225 .
256 2175 333 2224 Gesta
348 2169 482 2223 Guillelmi
496 2170 566 2233 repis
581 2171 610 2220 iu
625 2170 731 2235 Anplio.

255 2251 409 2304 (initiamus
423 2263 472 2301 ree
486 2251 515 2300 in
527 2251 725 2303 Norrnonniam
739 2251 818 2302 redit.
834 2251 1050 2318 liotbomapeases
1061 2253 1259 2320 archiepiscopi.

254 2331 334 2394 Anplt
347 2344 364 2381 o
376 2331 542 2384 Normanuis
554 2331 645 2382 ceoctt
658 2331 810 2383 rebelliones
824 2333 985 2386 moliuntur.

181 2451 187 2463 .
252 2410 407 2463 Guilielmus
422 2423 472 2461 ren
485 2411 555 2462 rectit
571 2412 599 2462 in
615 2412 748 2476 crottum.
764 2414 875 2465 lemnia
888 2415 1007 2468 ciuitatis
1022 2416 1136 2469 rebellio.

168 2530 175 2544 .
252 2490 409 2544 ltebeltioues
423 2491 483 2542 atie
496 2491 524 2541 iu
536 2491 634 2556 Anplio
646 2491 774 2545 aduersus
787 2495 966 2548 Normanuos.

180 2611 185 2623 .
251 2571 332 2623 Multi
350 2573 571 2623 Narmannorum
587 2572 695 2634 milites,
707 2573 806 2638 Anatis
824 2574 945 2639 dimissa,
960 2577 988 2627 in
1002 2578 1199 2633 Normanniam
1213 2579 1334 2632 rederent.
1349 2583 1571 2637 Narmannorum
1586 2586 1726 2647 toronicis.
1743 2584 1824 2639 tteiet

289 2652 371 2702 tiones
383 2652 540 2715 Anplomcm.

250 2732 363 2783 Herotdi
377 2733 447 2796 repis
460 2732 521 2796 tilii,
535 2734 606 2783 Daui
618 2737 642 2784 et
656 2735 771 2786 saxones
785 2735 914 2788 aduersus
928 2739 1098 2792 Nomuannos
1110 2740 1217 2803 [neutra
1232 2743 1403 2797 contendunt.

256 2812 411 2865 Guiltetmas
423 2813 508 2865 testes
521 2825 583 2864 suos
595 2815 729 2879 propinat.
746 2817 852 2868 corona
867 2820 942 2882 repta
953 2819 989 2870 od
1000 2831 1058 2871 earu
1073 2833 1090 2871 a
1101 2833 1173 2885 papo
1184 2823 1314 2874 mittitur.

181 2933 187 2948 .
253 2892 401 2946 concilium
425 2894 647 2946 windresorense.
668 2897 757 2948 Pictos
776 2902 801 2949 et
820 2898 963 2952 laudabitis
981 2900 1116 2954 Guitietmi
1136 2905 1206 2968 repis
1224 2905 1319 2969 apendt
1335 2907 1437 2960 modas.
1456 2906 1493 2960 De
1511 2907 1663 2973 oripinitas
1683 2912 1824 2965 monastici

168 3097 174 3108 .
253 2974 698 3123 csrrg‘zdsnrtgnsrzymmpontitcum
713 3060 749 3112 ad
767 3063 956 3116 instruendam
977 3068 1002 3116 et
1017 3066 1170 3129 potiendum
1187 3068 1294 3132 Arolos
1313 3070 1452 3124 ltelauatio
1468 3083 1583 3124 morum.
1599 3072 1760 3127 Guiilelnrtrs
1777 3085 1824 3126 rea

283 3136 484 3187 ecclesiasticam
496 3137 664 3202 disciplinam
680 3144 827 3195 restaurat.
842 3143 1011 3206 lanfrancus
1026 3147 1231 3200 cantuariensis
1244 3148 1463 3216 archiepiscopus.

181 3257 187 3268 .
252 3219 312 3267 Pae
325 3220 350 3267 et
368 3215 511 3269 concordia
523 3218 657 3281 paulatim
672 3221 744 3272 inter
758 3223 856 3288 Araplos
875 3227 899 3275 et
918 3227 1089 3278 Normannos
1109 3228 1295 3282 stabiliuntur.
1310 3233 1467 3284 ltorcarum
1483 3234 1587 3287 comitis
1604 3233 1724 3298 intelicee
1740 3246 1822 3290 aaran

283 3298 319 3348 lie
331 3296 469 3348 Guittetmo
483 3298 634 3350 Pictoceusi
645 3301 783 3364 scriptore.

143 3379 197 3429 xli.
251 3375 407 3429 duiltetmus
419 3389 469 3428 ree
480 3382 570 3430 terras
583 3381 732 3445 inpurum
747 3385 820 3435 tuter
832 3386 1003 3440 Normannoc
1017 3387 1123 3441 diuidit.
1135 3390 1263 3453 superbio
1275 3398 1300 3445 et
1314 3394 1428 3445 lanaria
1441 3397 1675 3449 Nornrannorunr.

143 3458 209 3508 lllll.
252 3459 405 3511 Normanui
416 3459 583 3511 ecclesiastici
596 3465 621 3512 et
634 3462 686 3524 ipsi
696 3462 807 3514 diuitias
819 3468 953 3528 repetunt.
969 3468 1129 3520 Guitmundi
1142 3472 1264 3522 ruouacti
1275 3473 1418 3526 laudabilis
1431 3475 1604 3528 abstinentia.

143 3537 209 3591 xlv.
253 3539 431 3590 Dissensiones
444 3539 516 3591 inter
529 3542 671 3593 comitatus
683 3543 820 3596 Flandriee
833 3545 955 3598 heredes.
969 3548 1108 3601 Mottiidis
1122 3551 1215 3615 repina
1228 3555 1425 3607 Narmanniam
1437 3554 1577 3621 puternat.

143 3618 198 3671 XV.
252 3617 455 3683 ltotiomopense
468 3620 618 3673 connitum.

143 3698 210 3753 lllll.
252 3697 364 3749 Atiatcs
375 3700 550 3753 Normanuice
563 3705 790 3759 monasteriorum
803 3707 852 3759 sub
864 3707 1002 3761 Guitlelmo
1016 3723 1084 3774 repe.

143 3778 221 3831 llVll.
252 3777 405 3830 Alexander
419 3781 448 3831 ll
458 3792 538 3844 papa.
553 3783 697 3847 Greporius
717 3787 855 3850 Vllpapa.
871 3789 906 3839 lie
919 3790 1112 3842 cenomannico
1126 3793 1284 3856 episcopatu.

143 3859 233 3911 lllllll.
254 3859 399 3911 liertertus
414 3862 646 3916 cenomannorum
658 3878 749 3918 eomes.
767 3868 940 3920 narrationes
956 3871 984 3920 in
999 3871 1189 3925 coruncanum.

143 3940 209 3990 11111.
254 3939 384 3992 Comitum
409 3943 515 4075 now
540 3944 728 4007 ltersordensis
752 3951 776 3999 et
801 3948 906 4014 indulti
931 3950 1138 4005 Norttcoicensis
1163 3955 1269 4009 rebellio
1293 3957 1321 4008 iu
1346 3957 1515 4011 Guiiielmam
1538 3971 1635 4024 recem.
1659 3962 1819 4028 Supplicium

282 4022 386 4073 comitis
401 4024 459 4074 Gna
512 4024 530 4076 i.

144 4100 198 4153 xx.
256 4103 316 4153 Vita
329 4104 359 4153 B.
373 4102 497 4155 Gutiiaci
510 4108 634 4159 eremita.

144 4183 209 4234 lllll.
254 4185 328 4316 ligre
347 4186 377 4235 11.
394 4185 517 4237 Gattlaci
534 4190 657 4243 eremite.
672 4191 807 4244 ttiracula
821 4196 845 4244 et
860 4193 985 4259 procliuia
998 4207 1080 4260 super
1092 4201 1180 4250 sancti
1194 4200 1352 4263 sepulcrum.
1368 4203 1519 4268 AEmpcotto
1532 4207 1696 4260 manasterii
1710 4204 1820 4262 craton

300 4277 379 4316 enses.

142 4343 221 4397 lllltl.
253 4345 376 4396 Historia
389 4346 581 4401 crulandemls
592 4354 758 4405 monasterii.

143 4425 234 4476 lllllll.
249 4425 386 4476 utracula
396 4427 432 4478 od
445 4429 563 4481 tumbam
577 4432 699 4484 Guoueri
711 4436 824 4488 comitis.

141 4507 230 4557 xlllv.
251 4505 405 4558 Guiilelmus
419 4519 469 4600 ree
484 4509 608 4563 britones
620 4513 750 4577 subiicere
766 4515 873 4578 frustra
886 4522 1010 4573 conatur.
1025 4521 1166 4576 Ainordru
1177 4524 1284 4588 mmet
1301 4525 1381 4579 abtas
1394 4528 1486 4581 Sancti
1503 4530 1579 4582 Petri
1594 4530 1727 4586 binensis.
1743 4531 1820 4586 tatu

280 4598 414 4639 summaer
428 4601 493 4652 epus.

142 4666 219 4720 XXV.
250 4668 428 4721 Disseruiones
443 4671 516 4723 inter
529 4672 598 4736 tilios
610 4676 680 4741 repis
697 4678 839 4732 Guiiielmi.

730 4838 899 4937 LIBER
933 4844 1208 4953 QUARTUS.

283 5067 306 5132 t.
322 5075 403 5134 Gesta
418 5077 556 5138 Gmlklmt
568 5086 640 5155 repis
654 5087 684 5141 in
698 5088 811 5158 Auctio.
962 5095 1062 5181 Briso
1075 5111 1143 5169 rege
1157 5097 1338 5169 Francorum,
1353 5103 1381 5155 et
1390 5098 1524 5157 Eduardo
1532 5100 1705 5175 lnglornm,
1721 5100 1821 5162 Franci

174 5176 361 5252 Temporibus
375 5182 525 5239 Alexandri
538 5187 655 5244 secundi
668 5205 748 5262 papa
763 5192 817 5264 (ss)
831 5194 955 5266 plurima
1003 5193 1032 5244 01
1049 5190 1133 5263 Angli
1145 5190 1194 5247 diu
1211 5191 1345 5250 luxerunt
1361 5193 1447 5250 funus
1464 5209 1575 5260 torum,
1588 5195 1659 5268 (1ῦὶ8
1676 5203 1742 5270 [1011
1757 5198 1821 5256 11111

139 5287 192 5345 per
210 5271 307 5328 orbem
329 5289 417 5347 regne
440 5277 644 5337 calamitatibus
666 5298 800 5341 concussa
822 5289 905 5358 suut,
925 5293 955 5346 st
1002 5282 1047 5338 six
1065 5283 1161 5357 adepti
1176 5289 1243 5342 sunt
1259 5285 1391 5345 dominos
1411 5287 1466 5344 illis
1485 5288 1649 5347 consimiles
1667 5289 1821 5349 virtutibus

140 5360 311 5433 multiplices
323 5365 497 5436 populorum
517 5382 672 5426 mocursus
688 5371 718 5426 in
736 5373 780 5428 sni
795 5375 953 5447 perniciem
1003 5380 1032 5432 et
1044 5382 1162 5434 nectare
1177 5395 1302 5437 morum.
1317 5380 1447 5438 Patribus
1459 5381 1563 5456 patriae
1579 5382 1728 5443 demedio
1738 5384 1819 5443 abla-

139 5450 308 5509 debaccbati
320 5457 396 5510 sunt.
411 5455 476 5510 llaec
487 5453 517 5510 in
528 5456 652 5515 occiduis
661 5460 791 5533 partibus
801 5464 953 5540 terrigenas
1002 5467 1049 5540 tis,
1071 5486 1231 5529 successore
1251 5473 1365 5547 tyranni
1385 5473 1537 5532 mausus
1555 5475 1640 5534 irene
1659 5476 1753 5552 regin
1772 5476 1822 5537 ὼ·

138 5552 304 5616 senserunt,
326 5551 357 5604 et
377 5547 474 5620 masia
497 5548 650 5609 subeuntes
673 5553 848 5616 detrimenta
867 5559 954 5618 nimis
1002 5563 1178 5622 minationis.
1194 5566 1293 5639 englis
1304 5572 1374 5624 tnnc
1386 5567 1500 5626 lteratdi
1512 5568 1622 5627 soritis
1634 5568 1820 5647 postuma

138 5639 252 5712 asperti
271 5638 509 5699 suscessorem
525 5642 735 5720 enimoptimis
752 5650 868 5726 regibus
879 5654 954 5712 Hen-
1001 5656 1108 5731 polluis
1125 5659 1243 5733 corruit,
1262 5665 1292 5719 et
1310 5661 1446 5735 germis
1465 5661 1627 5723 bamdlbus
1646 5662 1758 5737 orbam
1768 5680 1818 5729 ex·
1861 5682 1865 5689 ·

160 5768 219 5834 (3³)
232 5769 403 5837 Alexander,
417 5771 450 5827 8⁰
464 5779 533 5841 sept.
550 5774 621 5842 tuot,
634 5777 663 5834 tr
679 5780 758 5847 april.
777 5780 846 5837 rurs.
