3750 6046
96 168 161 221 1621

595 167 764 223 El'lS'l'DLth'
784 167 825 222 nt·
846 166 1045 223 l'lthlLllGld.
1066 196 1100 207 -
1119 169 1173 223 att.
1196 169 1274 222 1189.

1708 169 1775 223 teat

93 290 249 364 contigerit
270 290 299 346 iu
325 308 408 348 causa
429 293 607 365 proprietatis
628 295 743 349 clericos
766 293 906 360 obtinere,
919 305 1022 377 Aoum
1045 294 1223 365 pertinentiis
1242 294 1309 361 suis,
1326 293 1473 348 ecclesiam
1495 296 1521 349 S.
1536 291 1646 349 llartini
1662 292 1697 347 de
1712 294 1770 348 ble-

92 391 158 457 post
180 385 328 440 decessum
359 402 459 441 corum
481 387 715 443 debeatecclesia
742 387 779 443 ad
806 403 909 442 manus

92 483 203 533 vestras
216 478 321 545 redire,
335 482 368 533 nt
387 479 504 535 deinum
517 482 663 553 privilegia
681 498 763 536 suurn
780 481 908 553 vigorem

93 573 258 642 obtineant3
274 573 321 627 alii
332 580 429 629 autem
442 574 489 645 qui
501 579 564 646 post
576 576 773 646 expulsionem
786 582 908 630 vestram

93 666 126 721 in
140 666 272 721 eamdem
290 667 434 722 ecclesiam
451 674 517 723 sunt
537 669 701 738 introducti,
717 675 746 723 et
760 669 801 724 illi
816 670 865 742 qni
879 669 908 724 in

93 759 156 814 aliis
169 759 294 815 ecclesiis
309 760 466 815 secundum
481 766 609 818 tenorem
623 764 784 818 litterarum
800 763 910 834 praede-

92 853 213 908 cessoris
233 853 322 908 nostri
336 859 439 909 sanctae
452 855 658 911 recordationis
677 856 796 928 Eugenii
815 874 907 929 pnpae,

93 950 124 1000 et
136 952 297 1000 nostrarum
317 946 451 1002 intitulati
472 955 548 1018 sunt,
564 949 726 1003 nullatenus
750 949 908 1004 admittan-

93 1041 151 1094 tur.
178 1040 258 1104 Quod
270 1040 293 1095 si
308 1041 535 1111 praenominatus
560 1042 719 1097 Willelmns
747 1049 773 1098 ct
800 1044 846 1097 alii
872 1044 909 1098 ad

94 1134 276 1187 vocationem
299 1134 427 1204 ejusdem
446 1134 542 1189 lratris
561 1136 649 1190 nostri
672 1136 793 1207 episcopi
814 1138 909 1192 venire

95 1226 265 1295 distulerint,
290 1230 339 1282 aut
361 1244 447 1299 agere
472 1229 541 1283 lovte
565 1245 622 1283 non
646 1229 780 1300 poterint,
805 1246 854 1284 vos
874 1231 909 1284 ab

96 1319 910 1392 eornmimpetitione,sineappellationisobstaculo,aac-

97 1412 212 1468 toritatc
225 1414 385 1485 apostolicae
400 1415 475 1470 sodis
488 1415 621 1485 absolvat,
632 1420 660 1470 ct
672 1416 748 1471 vobis
762 1418 909 1472 ecclesiam

96 1505 188 1577 ipsam
198 1506 387 1578 adjudicet,ct
397 1509 630 1581 itlispcrpetuum
638 1510 908 1579 silentiumindicat,

96 1602 125 1653 ct
141 1616 190 1653 vos
202 1600 297 1672 quiete
311 1601 440 1656 eamdem
457 1604 604 1657 eeclesiam
619 1604 704 1658 faciat
719 1604 872 1675 possidere.

131 1693 232 1748 Datum
249 1695 387 1763 Laterani,
401 1712 429 1750 ιιι
445 1697 502 1751 liat.
518 1698 617 1753 llartii.

432 1823 559 1878 textvt.

93 1923 268 1978 Possessiones
298 1926 409 1980 cenobii
450 1928 546 1984 Sancti
576 1928 705 1996 dioptorat'
749 1930 909 1984 Perrist'ensts

427 2008 576 2074 confirmet.

347 2116 495 2184 (Laterani,
510 2117 589 2171 llart.
606 2119 644 2187 1.)

258 2217 337 2289 teate.
354 2221 459 2287 christ,
478 2220 675 2288 avitiano,
692 2220 747 2292 (17.1

959 386 1030 441 ιοΙίο
1044 403 1109 440 cum
1125 387 1304 458 pertinentiis
1323 388 1390 454 suis,
1407 387 1556 442 ecclesiam
1569 390 1596 441 S.
1611 385 1723 441 hlartini
1736 386 1771 443 de

960 480 1066 534 Bainna
1080 496 1146 535 oum
1160 480 1339 551 pertinentiis
1350 480 1417 546 suis,
1429 480 1578 534 ecclesiam
1594 480 1621 535 S.
1634 480 1772 551 Stephani

959 573 994 627 de
1007 574 1137 628 Vernoilo
1150 590 1214 628 cum
1229 574 1408 645 pertinentiis
1428 573 1494 638 suis,
1511 573 1658 629 ecclesiam
1672 573 1707 629 de
1719 574 1771 628 Or·

959 667 1063 721 villaris
1087 683 1151 721 οιιιιι
1173 667 1352 738 pertinentiis
1375 666 1442 734 suis,
1462 667 1609 722 ecclesiam
1632 667 1660 722 S.
1681 667 1772 739 Cynici

959 760 993 815 de
1008 760 1100 814 Baiolo
1115 777 1179 815 cnm
1196 760 1376 831 pertinentiis
1389 760 1455 814 suis.

995 855 1026 907 ln
1052 852 1208 919 Britannia,
1238 854 1386 908 ecelesiam
1413 854 1461 910 88.
1486 854 1559 908 Petri
1587 861 1614 909 et
1642 854 1720 909 Pauli
1744 859 1771 910 et

959 946 988 1002 S.
1004 947 1130 1019 Maglorii
1146 947 1173 1001 in
1192 947 1352 1003 Lelronensi
1369 963 1443 1018 pago
1456 964 1521 1001 cum
1542 947 1667 1003 ecclesiis
1681 953 1709 1003 et
1722 962 1770 1003 ca·

960 1041 1041 1112 pollis
1070 1042 1105 1095 nd
1131 1058 1194 1095 cani
1222 1040 1441 1112 pertinentibus,
1465 1042 1597 1095 videlicet
1623 1041 1771 1096 ecclesiam

960 1134 1054 1189 Sancti
1069 1134 1143 1189 Petri
1157 1135 1191 1188 de
1206 1135 1303 1188 turam
1323 1151 1388 1189 curn
1405 1134 1517 1205 capellis
1537 1135 1604 1203 suis,
1620 1134 1769 1191 ecclesiam

960 1229 987 1281 8.
1010 1227 1103 1281 lavati
1126 1243 1191 1280 curn
1214 1227 1392 1299 pertinentiis
1414 1227 1481 1293 suis,
1505 1227 1653 1281 ecclesiam
1674 1230 1701 1283 S.
1720 1229 1768 1282 lu·

960 1320 1024 1374 doci
1036 1336 1101 1374 cnm
1112 1320 1292 1390 pertinentiis
1302 1319 1369 1389 suis,
1380 1319 1525 1375 ecclesiam
1538 1321 1566 1375 8.
1579 1321 1723 1376 Laurentii
1733 1323 1768 1376 dc

959 1414 1099 1467 Treveron
1107 1429 1171 1467 cum
1181 1413 1592 1484 pertinentiissuis,ecclosian1
1603 1414 1631 1469 S.
1641 1414 1770 1485 llaglorii

960 1506 994 1562 de
1014 1507 1128 1561 castello
1142 1507 1244 1561 Trivan
1262 1523 1326 1561 cuni
1345 1506 1521 1578 pertinentiis
1539 1508 1606 1576 suis,
1623 1508 1770 1563 ecelesiam

961 1599 988 1655 S.
1003 1599 1112 1671 Cophili
1137 1597 1282 1671 [Scophili]
1299 1600 1421 1672 desuper
1436 1617 1513 1655 marc
1535 1618 1600 1656 cnm
1623 1602 1769 1672 pertinen·

919 1669 1006 1748 Betis
1027 1693 1094 1762 suis,
1109 1697 1139 1747 ct
1160 1696 1318 1764 prataque
1344 1694 1499 1749 ludovicus
1512 1694 1627 1750 illustris
1653 1696 1771 1750 Francu-

960 1804 1022 1840 rum
1046 1803 1094 1841 vex
1114 1786 1143 1840 in
1169 1788 1292 1841 mariscis
1311 1788 1421 1842 Sanctae
1442 1789 1616 1859 Opportuna.
1639 1788 1768 1859 legitima
1855 1837 1857 1841 ,

892 1930 897 1940 ,
959 1881 1038 1935 vobis
1051 1880 1196 1935 concessit.
1213 1881 1357 1936 Decimam
1377 1882 1463 1935 totius
1480 1882 1616 1948 nemoris,
1633 1882 1708 1953 qrvod
1723 1882 1767 1937 di·

959 1974 1031 2028 citnr
1051 1975 1160 2041 liuline,
1175 1974 1314 2029 decianam
1336 1976 1472 2045 pasnatici
1487 1977 1613 2046 ejusdem
1635 1976 1770 2030 nemoris.

959 2066 1104 2121 Decimam
1122 2072 1150 2121 ct
1165 2068 1244 2122 villas
1264 2084 1365 2139 quasa
1384 2085 1418 2124 xc
1431 2072 1509 2123 retro
1521 2070 1604 2124 annis
1624 2070 1721 2141 quiete
1735 2086 1769 2124 ec

958 2160 1073 2231 pacifice
1094 2161 1233 2230 tenuistis,
1249 2162 1319 2216 nulli
1333 2162 1417 2229 laico,
1431 2164 1473 2217 vel
1496 2163 1648 2231 monacho,
1663 2180 1714 2218 seu
1728 2164 1769 2218 al·

957 2255 1011 2309 teri
1034 2255 1115 2309 liceat
1136 2254 1215 2309 vohis
1240 2256 1360 2310 auterre.
1379 2256 1535 2311 Statuimns
1556 2261 1663 2323 antem,
1684 2261 1713 2311 ut
1735 2258 1767 2312 in

130 2348 435 2419 rtnnvarvesepiscopus,
451 2365 546 2403 servus
561 2365 709 2403 serrorum
724 2349 782 2417 Dei,
800 2349 908 2404 dilectis
959 2348 1099 2419 predictis
1120 2349 1243 2403 ecclesiis
1265 2350 1364 2404 vestris
1387 2350 1482 2403 nullus
1501 2351 1700 2423 episcoporum
1723 2351 1768 2405 vel

93 2440 158 2495 liliis
189 2443 278 2496 Perna
304 2442 401 2496 abbati
429 2442 594 2497 monasterii
623 2445 650 2497 S.
675 2442 801 2514 llaglorii
829 2443 906 2497 Pari·
959 2442 1150 2512 ‹pirorunilibet
1164 2443 1312 2496 homiuum
1325 2443 1442 2513 injustas
1463 2446 1513 2498 aut
1532 2443 1669 2498 indebitas
1682 2460 1768 2499 exac-

93 2534 193 2588 sieusis
219 2535 335 2606 ejusque
364 2535 507 2603 iratribus,
532 2541 589 2590 tam
612 2536 799 2606 praesentibus
818 2552 907 2608 quam
958 2536 1050 2590 tiories
1081 2536 1185 2591 debeat
1208 2552 1349 2591 exercere.
1374 2539 1406 2591 ln
1436 2538 1641 2608 parochialibus
1665 2538 1772 2593 seilicet

92 2627 205 2690 laturis.
223 2628 661 2700 monasticamvitamprotessis
680 2629 906 2700 inperpetuum.
958 2629 1083 2685 ecclesiis
1105 2646 1175 2701 quas
1199 2631 1311 2697 tenetis,
1334 2631 1417 2684 licent
1440 2631 1518 2685 vohis
1541 2631 1699 2686 sacerdotes
1719 2630 1768 2687 eli·

130 2721 298 2793 lteligiosam
326 2722 413 2776 vitam
435 2722 606 2792 eligentibus
632 2722 817 2793 apostolicam
840 2738 905 2777 con·
958 2738 1035 2794 gere,
1049 2728 1078 2777 et
1099 2725 1202 2778 clectos
1224 2723 1370 2795 episcopos
1391 2729 1608 2796 representare,
1622 2724 1724 2796 quibus
1745 2725 1770 2780 si

91 2817 171 2871 venit
192 2817 289 2871 adesse
304 2816 479 2886 presidium,
497 2833 531 2871 ne
552 2817 626 2871 sorte
645 2816 797 2886 cujuslibet
816 2822 905 2871 teme·
957 2816 1053 2871 idonei
1072 2816 1180 2871 inventi
1193 2817 1312 2885 fuerint,
1328 2817 1475 2889 episcopus
1496 2819 1655 2872 animarum
1672 2834 1768 2874 curam

92 2910 182 2964 citatis
195 2909 334 2975 incursus,
350 2912 400 2963 ant
413 2927 429 2963 a
444 2909 591 2981 proposito
607 2915 731 2978 revocet,
745 2914 795 2964 cut
808 2909 905 2978 robur,
957 2910 1125 2977 committat,
1134 2915 1162 2964 et
1171 2910 1206 2964 de
1215 2910 1303 2981 plebis
1311 2911 1426 2983 quidem
1437 2928 1505 2966 cura
1513 2911 1600 2967 iidem
1611 2912 1769 2967 sacerdotes

93 3003 168 3075 quod
188 3003 276 3057 absit!
293 3020 380 3058 sacrm
402 3004 545 3075 religionis
566 3004 714 3074 infringat.
738 3006 904 3074 Eapropter,
957 3004 1102 3075 episcopo,
1117 3004 1152 3058 de
1174 3004 1377 3075 temporalibus
1390 3021 1456 3059 vero
1476 3005 1556 3060 vobis
1576 3005 1699 3060 debcant
1721 3022 1767 3059 re·

93 3096 189 3151 dilecti
206 3097 235 3150 in
250 3096 368 3150 Domino
382 3096 442 3159 filii,
458 3097 556 3151 vestris
571 3097 656 3167 justis
672 3096 907 3168 postulationibus
957 3097 1108 3168 spondere.
1123 3098 1202 3161 Orrod
1220 3097 1242 3151 si
1260 3097 1351 3152 iacere
1367 3099 1569 3168 recusaverint,
1585 3097 1770 3153 subtrahendi

92 3191 250 3245 clementer
262 3190 426 3259 annuimus,
441 3195 469 3244 et
483 3191 631 3260 praefatum
647 3190 864 3255 monasterium,
878 3190 907 3244 in
958 3191 999 3245 eis
1012 3192 1178 3261 temporalia
1190 3208 1254 3263 quoe
1268 3209 1284 3245 a
1299 3192 1377 3247 vobis
1391 3195 1499 3259 tenent,
1511 3191 1629 3246 liberam
1643 3190 1770 3247 habeatis

93 3300 151 3354 quo
165 3283 259 3339 divino
282 3283 434 3355 mancipati
459 3285 524 3338 estis
547 3284 693 3355 obsequio,
710 3283 761 3337 snb
786 3285 815 3336 D.
831 3282 907 3339 Petri
957 3284 1121 3339 cvrctoritate
1139 3285 1293 3356 apostolica
1314 3285 1487 3340 facultatem.
1502 3286 1629 3340 Dbeunte
1654 3301 1720 3340 vero
1743 3288 1771 3340 te

92 3383 120 3432 et
133 3384 228 3432 nostra
243 3378 419 3449 protectione
435 3376 613 3448 suscipimus,
630 3382 658 3431 et
671 3377 804 3448 prasenti
819 3376 906 3447 privi-
958 3393 1033 3430 riunc
1055 3377 1183 3447 ejusdem
1207 3379 1259 3432 loci
1285 3378 1397 3446 abbate,
1423 3377 1467 3432 vel
1494 3383 1610 3432 tuarum
1634 3377 1769 3447 quolibet,

92 3471 168 3543 legio
184 3472 403 3526 communimus.
420 3472 581 3526 Stntneutes
595 3472 626 3524 nt
638 3486 821 3542 quascunque
841 3486 906 3540 pos·
958 3469 1052 3522 nullus
1062 3469 1100 3524 ibi
1115 3465 1241 3541 qualibet
1254 3471 1442 3541 subreptionis
1452 3470 1555 3524 astutia
1568 3486 1617 3525 sen
1637 3469 1771 3525 violentia

92 3565 240 3635 sessiones,
260 3581 436 3636 cpuaecunque
455 3564 530 3619 bona
551 3565 626 3618 idem
648 3565 855 3618 monasterinm
876 3564 906 3617 in
957 3567 1152 3634 preponatur,
1168 3564 1221 3617 nisi
1241 3580 1328 3634 quem
1342 3564 1443 3618 fratres
1462 3563 1607 3618 communi
1624 3578 1771 3632 consensu,

91 3659 225 3731 praesenti
237 3659 314 3730 justo
329 3663 357 3713 et
370 3657 506 3714 canonice
518 3657 654 3730 possidet,
667 3660 718 3711 aut
732 3657 761 3710 in
775 3657 906 3711 futurum
956 3658 999 3710 vol
1014 3656 1136 3711 fratrum
1154 3674 1217 3728 pars
1231 3658 1341 3713 consilii
1355 3657 1484 3724 sanioris,
1499 3658 1654 3713 secundum
1668 3657 1719 3711 Dei
1735 3658 1770 3712 ti·

92 3752 273 3807 concessione
289 3752 466 3823 pontifieum,
481 3752 632 3823 largitione
649 3767 749 3822 regum
771 3752 813 3805 vel
827 3751 905 3822 prin·
957 3768 1078 3815 morem,
1101 3755 1128 3806 et
1152 3754 1180 3807 B.
1196 3751 1341 3807 Denedicti
1363 3752 1503 3823 Regulam
1526 3750 1703 3822 providerint
1720 3750 1769 3807 eli·

92 3848 197 3918 cipum,
222 3846 367 3901 oblatione
394 3847 531 3913 bdelium,
549 3863 598 3901 seu
621 3845 682 3900 aliis
701 3845 785 3916 justis
814 3844 906 3899 modis
958 3845 1091 3916 gendum.
1109 3846 1295 3900 l‘rohibemus
1315 3845 1398 3900 etiam
1418 3852 1450 3901 ut
1474 3843 1544 3899 nulli
1569 3846 1772 3915 episcoporum

91 3945 245 4013 prestante
272 3940 388 3994 Domino
414 3940 545 4012 poteritis
568 3939 695 4011 adipisci,
719 3939 803 3993 tirnta
828 3938 906 3993 vobis
955 3937 1040 3993 liceat
1055 3939 1116 3993 sine
1135 3956 1250 3993 assensn
1266 3939 1373 3994 abbatis
1389 3940 1517 4011 ejusdem
1534 3938 1587 3993 loci
1604 3943 1707 3993 vestras
1722 3955 1766 3993 ee-

92 4036 245 4106 vestrisquc
260 4034 467 4089 successoribus
489 4038 517 4088 et
532 4033 637 4088 illibata
658 4039 857 4104 permancant.
874 4034 904 4088 1ιι
957 4032 1053 4087 ctesias
1076 4049 1253 4088 consecrare.
1270 4034 1343 4088 Sanc
1366 4034 1510 4088 novalium
1524 4037 1684 4088 vestrorum
1706 4048 1770 4103 qum

91 4128 195 4200 quibus
208 4129 270 4182 llaec
280 4128 402 4201 propriis
414 4127 546 4182 duximus
556 4127 740 4198 exprimenda
748 4127 904 4181 vocabulis.
956 4126 1078 4196 propriis
1092 4127 1224 4181 inanibus
1239 4132 1288 4181 aut
1300 4127 1459 4197 sumptibus
1472 4127 1572 4194 colitis,
1586 4128 1642 4181 sive
1662 4126 1698 4181 de
1714 4142 1768 4181 nu·

126 4223 241 4277 Terram
262 4239 295 4276 ex
319 4224 438 4293 utraque
453 4226 532 4293 parte
553 4221 606 4291 ipsi
630 4220 800 4275 monasterio
824 4220 904 4291 adja-
955 4220 1097 4275 trimentis
1119 4223 1275 4274 vestrorum
1289 4220 1458 4275 animalium
1481 4221 1575 4275 nullus
1589 4220 1697 4276 nvobis
1717 4219 1767 4275 dc-

91 4319 201 4370 centem
224 4315 342 4371 liberam
366 4319 394 4369 ct
407 4315 552 4387 quietan13
569 4313 712 4369 ecclesiam
736 4314 765 4369 S.
779 4313 904 4385 Maglorii
955 4315 1041 4369 cimas
1054 4317 1205 4386 praesumat
1220 4314 1343 4385 exigere.
1356 4314 1538 4384 Sepulturam
1553 4330 1668 4385 quoque
1681 4314 1768 4384 ipsius

91 4409 120 4462 in
142 4407 254 4463 civitate
278 4409 427 4463 Parisiensi
448 4408 707 4480 compertinentiis
731 4408 798 4473 suis,
815 4409 903 4462 eccle·
916 4409 1009 4488 Diaei
1030 4408 1149 4463 liberam
1163 4424 1223 4463 esse
1245 4408 1438 4473 concedimus,
1452 4412 1484 4462 nt
1502 4424 1600 4462 eorum
1623 4405 1767 4462 devotioni

92 4502 160 4555 siam
175 4500 202 4555 S.
216 4501 360 4556 Saturnini
373 4503 407 4557 de
416 4504 546 4575 Negento
559 4520 623 4557 cum
641 4501 823 4573 pertinentiis
836 4502 902 4571 suis,

91 4594 239 4650 ecclesiam
255 4596 284 4649 D.
299 4595 417 4650 lllariani
431 4596 464 4651 de
479 4598 552 4652 Reivs
566 4613 629 4651 cum
643 4595 821 4667 pertinentiis
835 4594 901 4662 snis,

91 4689 237 4744 ecclesiam
262 4690 290 4745 S.
306 4689 432 4761 Dionysii
446 4696 474 4745 ct
498 4691 526 4745 S.
542 4691 636 4745 Crucis
652 4690 688 4744 dc
714 4688 785 4743 Driis
790 4729 900 4744 ..........

91 4790 119 4838 et
134 4783 244 4838 decima
259 4783 416 4852 Unvillaris,
432 4789 459 4838 et
472 4783 581 4838 decima
595 4782 733 4838 Sancivri.
750 4785 781 4838 ln
795 4785 903 4838 Carno-

90 4878 164 4933 tonsi
185 4879 360 4949 episcopatu,
376 4877 523 4932 ecclesiam
542 4879 568 4933 S.
584 4877 717 4932 laurenti
730 4894 793 4931 curn
815 4880 902 4947 pertr-

91 4972 195 5026 nentiis
213 4972 279 5026 suis.
297 4971 450 5027 Ecclesiam
471 4970 500 5026 S.
516 4970 619 5025 Nicolai
635 4987 700 5024 cum
723 4970 904 5041 pertinentiis

89 5066 157 5134 suis,
172 5064 319 5120 ecclesiam
334 5066 362 5121 S.
378 5064 500 5138 Dionysii
521 5065 557 5119 de
571 5063 712 5119 hadriace
733 5080 797 5118 cum
812 5064 902 5134 perti·

90 5160 195 5215 nentiis
209 5160 277 5227 suis,
293 5160 438 5215 ecclesiam
462 5162 489 5215 S.
507 5156 618 5214 llartini
640 5157 675 5212 de
691 5157 817 5213 Besethis
838 5173 903 5212 eum

89 5259 148 5309 tota
164 5254 273 5308 decima
284 5254 318 5309 od
333 5254 424 5325 ipsam
439 5254 608 5325 pertinente,
622 5250 767 5306 ecclesiam
781 5252 827 5307 88.
839 5250 905 5307 Cor-

90 5348 156 5402 nelii
178 5353 205 5403 ct
226 5347 360 5420 Cypriani
384 5348 418 5402 de
440 5346 598 5415 b'ovalibns,
614 5344 760 5401 ecclesiam
786 5345 815 5401 S.
829 5345 904 5402 Petri

89 5442 123 5497 de
150 5442 274 5513 l’ngneis
307 5458 371 5497 curn
399 5440 576 5513 pertinentiis
605 5440 671 5508 suis,
699 5438 849 5494 ecclesiam
874 5440 903 5495 S.

90 5536 291 5591 Barthulcmni
319 5535 352 5590 de
382 5534 514 5590 Bassaris
540 5551 603 5589 cum
632 5534 809 5606 pertinentiis
836 5533 902 5603 suis,

90 5630 241 5684 ecclesiam
283 5631 311 5685 S.
344 5629 457 5683 Martini
489 5627 524 5683 de
554 5629 655 5684 Gnosso
695 5627 797 5683 robore
839 5643 903 5683 cnm

89 5725 269 5795 pertiuentiis
290 5724 356 5792 suis,
382 5724 530 5779 ecclesiam
559 5723 587 5778 S.
610 5722 720 5778 hlartiui
746 5723 780 5778 dc
804 5722 905 5779 Galleis

955 4514 983 4556 et
1007 4506 1144 4556 extremas
1162 4502 1299 4556 voluntati
1312 4502 1360 4572 qui
1374 4518 1403 4556 se
1426 4500 1480 4555 illie
1499 4501 1611 4572 sepeliri
1633 4500 1770 4555 delibera-

956 4595 1056 4661 verint,
1073 4595 1125 4649 nisi
1139 4596 1213 4650 torte
1228 4594 1467 4650 excommunicati
1480 4596 1523 4650 vel
1542 4594 1684 4649 interdicti
1700 4594 1767 4661 sint,

955 4689 1049 4742 nullas
1074 4688 1201 4755 obsistat,
1216 4689 1291 4743 salva
1314 4694 1412 4743 tamen
1430 4688 1540 4759 justitia
1559 4685 1768 4759 parochialium

954 4782 1148 4850 ecclesiarum,
1165 4782 1199 4835 de
1221 4783 1324 4854 quibus
1347 4786 1525 4837 rnortuorum
1546 4797 1665 4851 corpora
1689 4795 1766 4834 assu·

955 4881 1081 4931 mantue.

990 4970 1176 5025 Decernimus
1192 4986 1272 5042 crgo,
1287 4973 1341 5024 ete.

989 5065 1048 5134 Ego
1088 5063 1227 5117 Adrianus
1257 5063 1404 5119 catholiam
1439 5063 1569 5120 Ecclesia
1609 5061 1766 5134 episcopus.

953 5161 1162 5225 nmen,amen.

989 5253 1048 5323 Ego
1062 5253 1090 5305 Ρ.
1107 5251 1280 5307 Tusculanus
1294 5252 1452 5322 episcopus.

990 5347 1048 5418 Ego
1070 5344 1215 5401 hubaldus
1232 5346 1379 5418 presbyter
1401 5345 1549 5399 cardinalis
1568 5345 1613 5400 tit.
1629 5347 1656 5401 S.
1671 5344 1768 5401 Crucis

955 5439 983 5494 in
1000 5440 1166 5495 Jerusalem.

991 5536 1049 5606 Ego
1065 5532 1208 5589 llubaldns
1220 5533 1355 5589 Ostiensis
1370 5533 1527 5605 episcopus.

990 5628 1049 5700 Ego
1061 5629 1183 5684 Joarmes
1196 5627 1289 5700 presb.
1303 5627 1381 5683 card.
1399 5628 1441 5684 tit.
1453 5627 1481 5684 S.
1495 5628 1660 5685 anastasin.

990 5723 1049 5794 Ego
1066 5722 1226 5778 Gnaltcrins
1239 5719 1407 5777 albanensis
1421 5721 1507 5795 episc.
