<?xml version="1.0" encoding="UTF-8"?>
<!DOCTYPE html PUBLIC "-//W3C//DTD XHTML 1.0 Transitional//EN"
    "http://www.w3.org/TR/xhtml1/DTD/xhtml1-transitional.dtd">
<html xmlns="http://www.w3.org/1999/xhtml" xml:lang="en" lang="en">
 <head>
  <title>
</title>
<meta http-equiv="Content-Type" content="text/html;charset=utf-8" />
  <meta name='ocr-system' content='tesseract 3.04.00' />
  <meta name='ocr-capabilities' content='ocr_page ocr_carea ocr_par ocr_line ocrx_word'/>
</head>
<body>
  <div class='ocr_page' id='page_1' title='image "./patrologiaecurs67unkngoog_0090.png"; bbox 0 0 3750 6046; ppageno 0'>
   <div class='ocr_carea' id='block_1_1' title="bbox 55 366 63 805">
    <p class='ocr_par' dir='ltr' id='par_1_1' title="bbox 55 366 63 805">
     <span class='ocr_line' id='line_1_1' title="bbox 55 366 63 805; baseline 0 0"><span class='ocrx_word' id='word_1_1' title='bbox 55 366 63 805; x_wconf 84' lang='lat' dir='ltr'>i</span> 
     </span>
    </p>
   </div>
   <div class='ocr_carea' id='block_1_2' title="bbox 105 168 1785 240">
    <p class='ocr_par' dir='ltr' id='par_1_2' title="bbox 105 168 1785 240">
     <span class='ocr_line' id='line_1_2' title="bbox 105 168 1785 240; baseline 0.008 -14"><span class='ocrx_word' id='word_1_2' title='bbox 105 168 144 226; x_wconf 78' lang='lat' dir='ltr'>ut</span> <span class='ocrx_word' id='word_1_3' title='bbox 531 170 686 232; x_wconf 73' lang='lat' dir='ltr'>HISTORIA</span> <span class='ocrx_word' id='word_1_4' title='bbox 706 168 973 233; x_wconf 79' lang='lat' dir='ltr'>acetustasltca.</span> <span class='ocrx_word' id='word_1_5' title='bbox 991 203 1026 218; x_wconf 96' lang='lat'><em>-</em></span> <span class='ocrx_word' id='word_1_6' title='bbox 1042 174 1130 234; x_wconf 72' lang='lat' dir='ltr'><strong>PARS</strong></span> <span class='ocrx_word' id='word_1_7' title='bbox 1150 175 1171 232; x_wconf 90' lang='lat' dir='ltr'>l.</span> <span class='ocrx_word' id='word_1_8' title='bbox 1186 206 1221 218; x_wconf 90' lang='lat'>—</span> <span class='ocrx_word' id='word_1_9' title='bbox 1236 175 1300 234; x_wconf 81' lang='lat' dir='ltr'>utu.</span> <span class='ocrx_word' id='word_1_10' title='bbox 1321 176 1355 233; x_wconf 90' lang='lat' dir='ltr'>ll.</span> <span class='ocrx_word' id='word_1_11' title='bbox 1733 178 1785 240; x_wconf 73' lang='lat'>{74</span> 
     </span>
    </p>
   </div>
   <div class='ocr_carea' id='block_1_3' title="bbox 104 297 1785 752">
    <p class='ocr_par' dir='ltr' id='par_1_3' title="bbox 104 297 1785 752">
     <span class='ocr_line' id='line_1_3' title="bbox 104 297 1785 397; baseline 0.006 -44"><span class='ocrx_word' id='word_1_12' title='bbox 104 298 154 363; x_wconf 86' lang='lat' dir='ltr'>bas,</span> <span class='ocrx_word' id='word_1_13' title='bbox 169 297 286 368; x_wconf 85' lang='lat' dir='ltr'>legatos</span> <span class='ocrx_word' id='word_1_14' title='bbox 304 298 486 373; x_wconf 87' lang='lat' dir='ltr'>pacisusque</span> <span class='ocrx_word' id='word_1_15' title='bbox 500 301 700 358; x_wconf 89' lang='lat' dir='ltr'>incrastinum</span> <span class='ocrx_word' id='word_1_16' title='bbox 718 302 825 359; x_wconf 85' lang='lat' dir='ltr'>ibidem</span> <span class='ocrx_word' id='word_1_17' title='bbox 843 321 916 376; x_wconf 78' lang='lat' dir='ltr'>prae·</span> <span class='ocrx_word' id='word_1_18' title='bbox 928 324 957 397; x_wconf 70' lang='grc' dir='ltr'>Α</span> <span class='ocrx_word' id='word_1_19' title='bbox 968 310 1086 375; x_wconf 77' lang='lat' dir='ltr'><strong>gentem</strong></span> <span class='ocrx_word' id='word_1_20' title='bbox 1115 304 1284 375; x_wconf 78' lang='lat' dir='ltr'>proterviam</span> <span class='ocrx_word' id='word_1_21' title='bbox 1308 304 1406 360; x_wconf 85' lang='lat' dir='ltr'>Simon</span> <span class='ocrx_word' id='word_1_22' title='bbox 1429 304 1616 362; x_wconf 84' lang='lat' dir='ltr'>saluberrima</span> <span class='ocrx_word' id='word_1_23' title='bbox 1637 307 1785 380; x_wconf 79' lang='lat' dir='ltr'>redarguit</span> 
     </span>
     <span class='ocr_line' id='line_1_4' title="bbox 105 391 1784 473; baseline 0.007 -26"><span class='ocrx_word' id='word_1_24' title='bbox 105 391 215 447; x_wconf 83' lang='lat' dir='ltr'>stolatus</span> <span class='ocrx_word' id='word_1_25' title='bbox 227 396 283 448; x_wconf 77' lang='lat' dir='ltr'>est.</span> <span class='ocrx_word' id='word_1_26' title='bbox 296 394 385 450; x_wconf 89' lang='lat' dir='ltr'>Porro</span> <span class='ocrx_word' id='word_1_27' title='bbox 398 395 526 469; x_wconf 84' lang='lat' dir='ltr'>profanis</span> <span class='ocrx_word' id='word_1_28' title='bbox 540 396 721 468; x_wconf 85' lang='lat' dir='ltr'>pontificibus</span> <span class='ocrx_word' id='word_1_29' title='bbox 733 397 763 452; x_wconf 91' lang='lat' dir='ltr'>in</span> <span class='ocrx_word' id='word_1_30' title='bbox 777 400 918 470; x_wconf 91' lang='lat' dir='ltr'>apostolos</span> <span class='ocrx_word' id='word_1_31' title='bbox 968 397 1219 454; x_wconf 78' lang='lat' dir='ltr'>sermocinatione.</span> <span class='ocrx_word' id='word_1_32' title='bbox 1233 399 1318 454; x_wconf 90' lang='lat' dir='ltr'>Plane</span> <span class='ocrx_word' id='word_1_33' title='bbox 1337 399 1414 453; x_wconf 90' lang='lat' dir='ltr'>enirn</span> <span class='ocrx_word' id='word_1_34' title='bbox 1435 398 1639 456; x_wconf 88' lang='lat' dir='ltr'>demonstravit</span> <span class='ocrx_word' id='word_1_35' title='bbox 1656 403 1733 473; x_wconf 90' lang='lat' dir='ltr'>quod</span> <span class='ocrx_word' id='word_1_36' title='bbox 1753 402 1784 458; x_wconf 90' lang='lat' dir='ltr'>iu</span> 
     </span>
     <span class='ocr_line' id='line_1_5' title="bbox 106 486 1784 566; baseline 0.006 -26"><span class='ocrx_word' id='word_1_37' title='bbox 106 486 354 555; x_wconf 78' lang='lat' dir='ltr'>stomachantibus,</span> <span class='ocrx_word' id='word_1_38' title='bbox 368 492 398 544; x_wconf 89' lang='lat' dir='ltr'>et</span> <span class='ocrx_word' id='word_1_39' title='bbox 415 506 569 562; x_wconf 88' lang='lat' dir='ltr'>pannosos,</span> <span class='ocrx_word' id='word_1_40' title='bbox 583 491 707 563; x_wconf 85' lang='lat' dir='ltr'>vilesque</span> <span class='ocrx_word' id='word_1_41' title='bbox 722 507 859 563; x_wconf 91' lang='lat' dir='ltr'>personas</span> <span class='ocrx_word' id='word_1_42' title='bbox 872 492 916 547; x_wconf 89' lang='lat' dir='ltr'>in·</span> <span class='ocrx_word' id='word_1_43' title='bbox 968 491 1065 547; x_wconf 90' lang='lat' dir='ltr'>aureis</span> <span class='ocrx_word' id='word_1_44' title='bbox 1085 495 1114 546; x_wconf 89' lang='lat' dir='ltr'>et</span> <span class='ocrx_word' id='word_1_45' title='bbox 1138 493 1292 563; x_wconf 87' lang='lat' dir='ltr'>gemmatis</span> <span class='ocrx_word' id='word_1_46' title='bbox 1320 492 1430 547; x_wconf 92' lang='lat' dir='ltr'>scriniis</span> <span class='ocrx_word' id='word_1_47' title='bbox 1458 493 1590 566; x_wconf 80' lang='lat' dir='ltr'>quaedam</span> <span class='ocrx_word' id='word_1_48' title='bbox 1616 493 1784 550; x_wconf 86' lang='lat' dir='ltr'>claudantur</span> 
     </span>
     <span class='ocr_line' id='line_1_6' title="bbox 107 579 1784 660; baseline 0.005 -26"><span class='ocrx_word' id='word_1_49' title='bbox 107 585 142 634; x_wconf 82' lang='lat' dir='ltr'>ter</span> <span class='ocrx_word' id='word_1_50' title='bbox 152 579 270 636; x_wconf 79' lang='lat' dir='ltr'>divitias</span> <span class='ocrx_word' id='word_1_51' title='bbox 283 581 470 654; x_wconf 76' lang='lat' dir='ltr'>babylonicas</span> <span class='ocrx_word' id='word_1_52' title='bbox 482 600 540 639; x_wconf 91' lang='lat' dir='ltr'>non</span> <span class='ocrx_word' id='word_1_53' title='bbox 554 584 659 640; x_wconf 90' lang='lat' dir='ltr'>debere</span> <span class='ocrx_word' id='word_1_54' title='bbox 673 585 751 657; x_wconf 90' lang='lat' dir='ltr'>loqui</span> <span class='ocrx_word' id='word_1_55' title='bbox 766 586 809 641; x_wconf 89' lang='lat' dir='ltr'>vel</span> <span class='ocrx_word' id='word_1_56' title='bbox 824 586 917 641; x_wconf 91' lang='lat' dir='ltr'>audiri</span> <span class='ocrx_word' id='word_1_57' title='bbox 968 584 1044 652; x_wconf 90' lang='lat' dir='ltr'>vilia,</span> <span class='ocrx_word' id='word_1_58' title='bbox 1060 589 1088 640; x_wconf 91' lang='lat' dir='ltr'>et</span> <span class='ocrx_word' id='word_1_59' title='bbox 1107 586 1137 640; x_wconf 90' lang='lat' dir='ltr'>in</span> <span class='ocrx_word' id='word_1_60' title='bbox 1155 585 1299 640; x_wconf 83' lang='lat' dir='ltr'>vilissimis</span> <span class='ocrx_word' id='word_1_61' title='bbox 1319 586 1479 659; x_wconf 81' lang='lat' dir='ltr'>ligneisque</span> <span class='ocrx_word' id='word_1_62' title='bbox 1500 587 1592 659; x_wconf 80' lang='lat' dir='ltr'>capsis</span> <span class='ocrx_word' id='word_1_63' title='bbox 1611 594 1784 660; x_wconf 87' lang='lat' dir='ltr'>reponantur</span> 
     </span>
     <span class='ocr_line' id='line_1_7' title="bbox 108 675 1782 752; baseline 0.007 -25"><span class='ocrx_word' id='word_1_64' title='bbox 108 675 305 744; x_wconf 73' lang='lat' dir='ltr'>asserentibus,</span> <span class='ocrx_word' id='word_1_65' title='bbox 337 676 396 732; x_wconf 83' lang='lat' dir='ltr'>dur</span> <span class='ocrx_word' id='word_1_66' title='bbox 422 679 566 749; x_wconf 87' lang='lat' dir='ltr'>apostolos</span> <span class='ocrx_word' id='word_1_67' title='bbox 594 682 623 735; x_wconf 89' lang='lat' dir='ltr'>et</span> <span class='ocrx_word' id='word_1_68' title='bbox 648 695 765 734; x_wconf 82' lang='lat' dir='ltr'>vesanos</span> <span class='ocrx_word' id='word_1_69' title='bbox 788 677 917 736; x_wconf 85' lang='lat' dir='ltr'>flamines</span> <span class='ocrx_word' id='word_1_70' title='bbox 967 679 1093 752; x_wconf 88' lang='lat' dir='ltr'>pretiosa</span> <span class='ocrx_word' id='word_1_71' title='bbox 1120 679 1257 746; x_wconf 87' lang='lat' dir='ltr'>monilie;</span> <span class='ocrx_word' id='word_1_72' title='bbox 1282 679 1478 751; x_wconf 88' lang='lat' dir='ltr'>pulcherrima</span> <span class='ocrx_word' id='word_1_73' title='bbox 1503 680 1590 736; x_wconf 89' lang='lat' dir='ltr'>etiam</span> <span class='ocrx_word' id='word_1_74' title='bbox 1611 697 1676 736; x_wconf 89' lang='lat' dir='ltr'>vasa</span> <span class='ocrx_word' id='word_1_75' title='bbox 1702 686 1782 739; x_wconf 87' lang='lat' dir='ltr'>aceto</span> 
     </span>
    </p>
   </div>
   <div class='ocr_carea' id='block_1_4' title="bbox 57 769 1782 869">
    <p class='ocr_par' dir='ltr' id='par_1_4' title="bbox 57 769 1782 869">
     <span class='ocr_line' id='line_1_8' title="bbox 57 769 1782 869; baseline 0.006 -48"><span class='ocrx_word' id='word_1_76' title='bbox 57 810 62 869; x_wconf 51' lang='grc' dir='ltr'>ξ</span> <span class='ocrx_word' id='word_1_77' title='bbox 109 769 232 838; x_wconf 79' lang='lat' dir='ltr'>usquein</span> <span class='ocrx_word' id='word_1_78' title='bbox 249 770 407 826; x_wconf 86' lang='lat' dir='ltr'>crastinum</span> <span class='ocrx_word' id='word_1_79' title='bbox 425 771 558 827; x_wconf 91' lang='lat' dir='ltr'>custodiri</span> <span class='ocrx_word' id='word_1_80' title='bbox 575 772 916 846; x_wconf 85' lang='lat' dir='ltr'>praecepit,ibiqueapo·</span> <span class='ocrx_word' id='word_1_81' title='bbox 968 773 1142 843; x_wconf 83' lang='lat' dir='ltr'>repleantur,</span> <span class='ocrx_word' id='word_1_82' title='bbox 1169 771 1325 827; x_wconf 87' lang='lat' dir='ltr'>foedissima</span> <span class='ocrx_word' id='word_1_83' title='bbox 1348 789 1415 828; x_wconf 91' lang='lat' dir='ltr'>vero</span> <span class='ocrx_word' id='word_1_84' title='bbox 1439 780 1556 847; x_wconf 85' lang='lat' dir='ltr'>aspectu</span> <span class='ocrx_word' id='word_1_85' title='bbox 1584 775 1693 848; x_wconf 91' lang='lat' dir='ltr'>optimo</span> <span class='ocrx_word' id='word_1_86' title='bbox 1718 776 1782 831; x_wconf 90' lang='lat' dir='ltr'>vino</span> 
     </span>
    </p>
   </div>
   <div class='ocr_carea' id='block_1_5' title="bbox 88 861 1782 5825">
    <p class='ocr_par' dir='ltr' id='par_1_5' title="bbox 88 861 1782 5825">
     <span class='ocr_line' id='line_1_9' title="bbox 109 861 1782 942; baseline 0.006 -28"><span class='ocrx_word' id='word_1_87' title='bbox 109 861 197 916; x_wconf 82' lang='lat' dir='ltr'>stolico</span> <span class='ocrx_word' id='word_1_88' title='bbox 212 863 349 920; x_wconf 90' lang='lat' dir='ltr'>consultu</span> <span class='ocrx_word' id='word_1_89' title='bbox 362 864 471 920; x_wconf 88' lang='lat' dir='ltr'>exitum</span> <span class='ocrx_word' id='word_1_90' title='bbox 486 866 527 921; x_wconf 91' lang='lat' dir='ltr'>rei</span> <span class='ocrx_word' id='word_1_91' title='bbox 539 866 737 923; x_wconf 86' lang='lat' dir='ltr'>consideravit.</span> <span class='ocrx_word' id='word_1_92' title='bbox 968 865 1142 920; x_wconf 90' lang='lat' dir='ltr'>imbuantur.</span> <span class='ocrx_word' id='word_1_93' title='bbox 1176 865 1220 921; x_wconf 93' lang='lat' dir='ltr'>Sic</span> <span class='ocrx_word' id='word_1_94' title='bbox 1252 865 1281 924; x_wconf 89' lang='lat' dir='ltr'>iu</span> <span class='ocrx_word' id='word_1_95' title='bbox 1313 866 1441 938; x_wconf 90' lang='lat' dir='ltr'>personis</span> <span class='ocrx_word' id='word_1_96' title='bbox 1473 869 1534 924; x_wconf 91' lang='lat' dir='ltr'>visu</span> <span class='ocrx_word' id='word_1_97' title='bbox 1565 868 1782 942; x_wconf 73' lang='lat' dir='ltr'>despicabilibus</span> 
     </span>
     <span class='ocr_line' id='line_1_10' title="bbox 135 950 1781 1034; baseline 0.004 -25"><span class='ocrx_word' id='word_1_98' title='bbox 135 956 274 1026; x_wconf 86' lang='lat' dir='ltr'>Sequenti</span> <span class='ocrx_word' id='word_1_99' title='bbox 303 958 349 1013; x_wconf 92' lang='lat' dir='ltr'>die</span> <span class='ocrx_word' id='word_1_100' title='bbox 374 958 494 1015; x_wconf 82' lang='lat' dir='ltr'>verbum</span> <span class='ocrx_word' id='word_1_101' title='bbox 520 961 715 1032; x_wconf 88' lang='lat' dir='ltr'>apostolorum</span> <span class='ocrx_word' id='word_1_102' title='bbox 742 962 916 1034; x_wconf 87' lang='lat' dir='ltr'>completum</span> <span class='ocrx_word' id='word_1_103' title='bbox 967 975 1173 1031; x_wconf 90' lang='lat' dir='ltr'>nonnunquam</span> <span class='ocrx_word' id='word_1_104' title='bbox 1207 975 1320 1032; x_wconf 82' lang='lat' dir='ltr'>magnae</span> <span class='ocrx_word' id='word_1_105' title='bbox 1350 960 1468 1016; x_wconf 84' lang='lat' dir='ltr'>virtutes</span> <span class='ocrx_word' id='word_1_106' title='bbox 1498 950 1623 1033; x_wconf 87' lang='lat' dir='ltr'>pollent,</span> <span class='ocrx_word' id='word_1_107' title='bbox 1657 961 1781 1020; x_wconf 86' lang='lat' dir='ltr'>meritis-</span> 
     </span>
     <span class='ocr_line' id='line_1_11' title="bbox 109 1049 1780 1128; baseline 0.004 -25"><span class='ocrx_word' id='word_1_108' title='bbox 109 1054 147 1104; x_wconf 84' lang='lat' dir='ltr'>est</span> <span class='ocrx_word' id='word_1_109' title='bbox 168 1049 268 1104; x_wconf 83' lang='lat' dir='ltr'>Nuntii</span> <span class='ocrx_word' id='word_1_110' title='bbox 288 1051 369 1106; x_wconf 88' lang='lat' dir='ltr'>enim</span> <span class='ocrx_word' id='word_1_111' title='bbox 386 1053 468 1108; x_wconf 90' lang='lat' dir='ltr'>ducis</span> <span class='ocrx_word' id='word_1_112' title='bbox 488 1070 553 1108; x_wconf 92' lang='lat' dir='ltr'>cum</span> <span class='ocrx_word' id='word_1_113' title='bbox 576 1053 677 1126; x_wconf 88' lang='lat' dir='ltr'>legatis</span> <span class='ocrx_word' id='word_1_114' title='bbox 692 1055 826 1111; x_wconf 89' lang='lat' dir='ltr'>ludorum</span> <span class='ocrx_word' id='word_1_115' title='bbox 845 1056 918 1111; x_wconf 82' lang='lat' dir='ltr'>selo</span> <span class='ocrx_word' id='word_1_116' title='bbox 966 1068 1022 1124; x_wconf 89' lang='lat' dir='ltr'>que</span> <span class='ocrx_word' id='word_1_117' title='bbox 1047 1051 1189 1123; x_wconf 74' lang='lat' dir='ltr'>preclaris</span> <span class='ocrx_word' id='word_1_118' title='bbox 1215 1069 1328 1108; x_wconf 92' lang='lat' dir='ltr'>summo</span> <span class='ocrx_word' id='word_1_119' title='bbox 1353 1053 1492 1110; x_wconf 82' lang='lat' dir='ltr'>creatoris</span> <span class='ocrx_word' id='word_1_120' title='bbox 1520 1070 1573 1127; x_wconf 93' lang='lat' dir='ltr'>per</span> <span class='ocrx_word' id='word_1_121' title='bbox 1597 1056 1695 1111; x_wconf 92' lang='lat' dir='ltr'>omnia</span> <span class='ocrx_word' id='word_1_122' title='bbox 1721 1057 1780 1128; x_wconf 85' lang='lat' dir='ltr'>pla-</span> 
     </span>
     <span class='ocr_line' id='line_1_12' title="bbox 109 1143 1043 1218; baseline 0.004 -21"><span class='ocrx_word' id='word_1_123' title='bbox 109 1143 210 1199; x_wconf 85' lang='lat' dir='ltr'>cissimo</span> <span class='ocrx_word' id='word_1_124' title='bbox 226 1160 315 1200; x_wconf 78' lang='lat' dir='ltr'>curm</span> <span class='ocrx_word' id='word_1_125' title='bbox 339 1145 367 1200; x_wconf 95' lang='lat' dir='ltr'>in</span> <span class='ocrx_word' id='word_1_126' title='bbox 388 1147 533 1203; x_wconf 88' lang='lat' dir='ltr'>dromedis</span> <span class='ocrx_word' id='word_1_127' title='bbox 553 1149 659 1204; x_wconf 87' lang='lat' dir='ltr'>reversi</span> <span class='ocrx_word' id='word_1_128' title='bbox 681 1152 758 1218; x_wconf 88' lang='lat' dir='ltr'>sunt,</span> <span class='ocrx_word' id='word_1_129' title='bbox 777 1155 805 1206; x_wconf 92' lang='lat' dir='ltr'>ct</span> <span class='ocrx_word' id='word_1_130' title='bbox 819 1150 918 1206; x_wconf 91' lang='lat' dir='ltr'>omnia</span> <span class='ocrx_word' id='word_1_131' title='bbox 967 1151 1043 1202; x_wconf 88' lang='lat' dir='ltr'>cent.</span> 
     </span>
     <span class='ocr_line' id='line_1_13' title="bbox 109 1235 1781 1312; baseline 0.005 -23"><span class='ocrx_word' id='word_1_132' title='bbox 109 1235 136 1290; x_wconf 87' lang='lat' dir='ltr'>ita</span> <span class='ocrx_word' id='word_1_133' title='bbox 158 1253 220 1292; x_wconf 86' lang='lat' dir='ltr'>esse</span> <span class='ocrx_word' id='word_1_134' title='bbox 244 1238 319 1294; x_wconf 88' lang='lat' dir='ltr'>sicut</span> <span class='ocrx_word' id='word_1_135' title='bbox 342 1240 463 1311; x_wconf 89' lang='lat' dir='ltr'>apostoli</span> <span class='ocrx_word' id='word_1_136' title='bbox 489 1241 633 1312; x_wconf 88' lang='lat' dir='ltr'>prosecuti</span> <span class='ocrx_word' id='word_1_137' title='bbox 661 1242 776 1298; x_wconf 89' lang='lat' dir='ltr'>fuerant</span> <span class='ocrx_word' id='word_1_138' title='bbox 800 1243 916 1298; x_wconf 90' lang='lat' dir='ltr'>nuntia-</span> <span class='ocrx_word' id='word_1_139' title='bbox 1004 1239 1112 1295; x_wconf 83' lang='lat' dir='ltr'>Deinde</span> <span class='ocrx_word' id='word_1_140' title='bbox 1126 1240 1217 1296; x_wconf 88' lang='lat' dir='ltr'>sancti</span> <span class='ocrx_word' id='word_1_141' title='bbox 1235 1241 1353 1312; x_wconf 90' lang='lat' dir='ltr'>apostoli</span> <span class='ocrx_word' id='word_1_142' title='bbox 1369 1242 1518 1297; x_wconf 88' lang='lat' dir='ltr'>advocatos</span> <span class='ocrx_word' id='word_1_143' title='bbox 1537 1241 1707 1299; x_wconf 89' lang='lat' dir='ltr'>salutaribus</span> <span class='ocrx_word' id='word_1_144' title='bbox 1722 1260 1781 1299; x_wconf 91' lang='lat' dir='ltr'>mo·</span> 
     </span>
     <span class='ocr_line' id='line_1_14' title="bbox 108 1331 1780 1407; baseline 0.006 -25"><span class='ocrx_word' id='word_1_145' title='bbox 108 1333 210 1385; x_wconf 86' lang='lat' dir='ltr'>verunt.</span> <span class='ocrx_word' id='word_1_146' title='bbox 239 1331 314 1387; x_wconf 86' lang='lat' dir='ltr'>Nam</span> <span class='ocrx_word' id='word_1_147' title='bbox 341 1336 432 1388; x_wconf 89' lang='lat' dir='ltr'>terras</span> <span class='ocrx_word' id='word_1_148' title='bbox 457 1334 566 1389; x_wconf 85' lang='lat' dir='ltr'>invasas</span> <span class='ocrx_word' id='word_1_149' title='bbox 590 1334 790 1404; x_wconf 88' lang='lat' dir='ltr'>restituerunt,</span> <span class='ocrx_word' id='word_1_150' title='bbox 813 1337 917 1392; x_wconf 87' lang='lat' dir='ltr'>tributa</span> <span class='ocrx_word' id='word_1_151' title='bbox 966 1334 1035 1389; x_wconf 88' lang='lat' dir='ltr'>nitis</span> <span class='ocrx_word' id='word_1_152' title='bbox 1057 1333 1263 1404; x_wconf 83' lang='lat' dir='ltr'>instruxerunt,</span> <span class='ocrx_word' id='word_1_153' title='bbox 1288 1335 1432 1406; x_wconf 84' lang='lat' dir='ltr'>sacrisque</span> <span class='ocrx_word' id='word_1_154' title='bbox 1456 1335 1589 1407; x_wconf 86' lang='lat' dir='ltr'>precibus</span> <span class='ocrx_word' id='word_1_155' title='bbox 1617 1337 1675 1393; x_wconf 86' lang='lat' dir='ltr'>Deo</span> <span class='ocrx_word' id='word_1_156' title='bbox 1704 1354 1780 1394; x_wconf 88' lang='lat' dir='ltr'>conr·</span> 
     </span>
     <span class='ocr_line' id='line_1_15' title="bbox 106 1423 1780 1503; baseline 0.006 -27"><span class='ocrx_word' id='word_1_157' title='bbox 106 1423 255 1489; x_wconf 80' lang='lat' dir='ltr'>solrerunt,</span> <span class='ocrx_word' id='word_1_158' title='bbox 278 1424 533 1500; x_wconf 85' lang='lat' dir='ltr'>firmissimumque</span> <span class='ocrx_word' id='word_1_159' title='bbox 557 1429 635 1500; x_wconf 88' lang='lat' dir='ltr'>pacis</span> <span class='ocrx_word' id='word_1_160' title='bbox 660 1432 776 1500; x_wconf 88' lang='lat' dir='ltr'>pactum</span> <span class='ocrx_word' id='word_1_161' title='bbox 795 1431 918 1486; x_wconf 88' lang='lat' dir='ltr'>stabilie-</span> <span class='ocrx_word' id='word_1_162' title='bbox 967 1427 1176 1483; x_wconf 84' lang='lat' dir='ltr'>mandaverunt</span> <span class='ocrx_word' id='word_1_163' title='bbox 1189 1431 1219 1483; x_wconf 91' lang='lat' dir='ltr'>ct</span> <span class='ocrx_word' id='word_1_164' title='bbox 1238 1427 1320 1500; x_wconf 87' lang='lat' dir='ltr'>siguo</span> <span class='ocrx_word' id='word_1_165' title='bbox 1335 1428 1426 1483; x_wconf 89' lang='lat' dir='ltr'>crucis</span> <span class='ocrx_word' id='word_1_166' title='bbox 1439 1429 1469 1483; x_wconf 92' lang='lat' dir='ltr'>in</span> <span class='ocrx_word' id='word_1_167' title='bbox 1488 1429 1631 1485; x_wconf 91' lang='lat' dir='ltr'>frontibus</span> <span class='ocrx_word' id='word_1_168' title='bbox 1648 1431 1780 1503; x_wconf 91' lang='lat' dir='ltr'>signave-</span> 
     </span>
     <span class='ocr_line' id='line_1_16' title="bbox 106 1518 1782 1595; baseline 0.005 -25"><span class='ocrx_word' id='word_1_169' title='bbox 106 1520 172 1570; x_wconf 87' lang='lat' dir='ltr'>mnt.</span> <span class='ocrx_word' id='word_1_170' title='bbox 190 1518 325 1590; x_wconf 77' lang='lat' dir='ltr'>lienique</span> <span class='ocrx_word' id='word_1_171' title='bbox 340 1519 409 1590; x_wconf 85' lang='lat' dir='ltr'>dux,</span> <span class='ocrx_word' id='word_1_172' title='bbox 428 1526 581 1593; x_wconf 90' lang='lat' dir='ltr'>postquam</span> <span class='ocrx_word' id='word_1_173' title='bbox 595 1523 748 1595; x_wconf 90' lang='lat' dir='ltr'>apostolos,</span> <span class='ocrx_word' id='word_1_174' title='bbox 766 1523 916 1581; x_wconf 87' lang='lat' dir='ltr'>manifesto</span> <span class='ocrx_word' id='word_1_175' title='bbox 967 1526 1045 1576; x_wconf 90' lang='lat' dir='ltr'>runt.</span> <span class='ocrx_word' id='word_1_176' title='bbox 1059 1519 1221 1588; x_wconf 69' lang='lat' dir='ltr'>zebedaeus,</span> <span class='ocrx_word' id='word_1_177' title='bbox 1238 1521 1344 1593; x_wconf 87' lang='lat' dir='ltr'>aliique</span> <span class='ocrx_word' id='word_1_178' title='bbox 1363 1521 1493 1578; x_wconf 90' lang='lat' dir='ltr'>advocati</span> <span class='ocrx_word' id='word_1_179' title='bbox 1507 1526 1674 1580; x_wconf 85' lang='lat' dir='ltr'>constanter</span> <span class='ocrx_word' id='word_1_180' title='bbox 1686 1525 1723 1581; x_wconf 89' lang='lat' dir='ltr'>ad</span> <span class='ocrx_word' id='word_1_181' title='bbox 1739 1542 1782 1580; x_wconf 90' lang='lat' dir='ltr'>rc-</span> 
     </span>
     <span class='ocr_line' id='line_1_17' title="bbox 105 1614 1782 1690; baseline 0.006 -26"><span class='ocrx_word' id='word_1_182' title='bbox 105 1618 199 1665; x_wconf 84' lang='lat' dir='ltr'>creatu</span> <span class='ocrx_word' id='word_1_183' title='bbox 229 1615 401 1684; x_wconf 84' lang='lat' dir='ltr'>attestante,</span> <span class='ocrx_word' id='word_1_184' title='bbox 426 1614 566 1670; x_wconf 89' lang='lat' dir='ltr'>veridicos</span> <span class='ocrx_word' id='word_1_185' title='bbox 591 1616 799 1688; x_wconf 85' lang='lat' dir='ltr'>comprobarit,</span> <span class='ocrx_word' id='word_1_186' title='bbox 827 1618 917 1674; x_wconf 90' lang='lat' dir='ltr'>iratus</span> <span class='ocrx_word' id='word_1_187' title='bbox 967 1630 1033 1686; x_wconf 90' lang='lat' dir='ltr'>gem</span> <span class='ocrx_word' id='word_1_188' title='bbox 1053 1614 1174 1686; x_wconf 90' lang='lat' dir='ltr'>ingressi</span> <span class='ocrx_word' id='word_1_189' title='bbox 1195 1615 1286 1686; x_wconf 89' lang='lat' dir='ltr'>magis</span> <span class='ocrx_word' id='word_1_190' title='bbox 1304 1615 1527 1683; x_wconf 87' lang='lat' dir='ltr'>insultaverunt;</span> <span class='ocrx_word' id='word_1_191' title='bbox 1543 1618 1593 1672; x_wconf 89' lang='lat' dir='ltr'>sed</span> <span class='ocrx_word' id='word_1_192' title='bbox 1612 1619 1690 1690; x_wconf 87' lang='lat' dir='ltr'>magi</span> <span class='ocrx_word' id='word_1_193' title='bbox 1704 1618 1782 1674; x_wconf 91' lang='lat' dir='ltr'>nulla</span> 
     </span>
     <span class='ocr_line' id='line_1_18' title="bbox 102 1703 1781 1794; baseline 0.005 -36"><span class='ocrx_word' id='word_1_194' title='bbox 102 1703 292 1775; x_wconf 86' lang='lat' dir='ltr'>pontificibus,</span> <span class='ocrx_word' id='word_1_195' title='bbox 307 1706 406 1778; x_wconf 90' lang='lat' dir='ltr'>ignem</span> <span class='ocrx_word' id='word_1_196' title='bbox 419 1709 570 1781; x_wconf 88' lang='lat' dir='ltr'>copiosum</span> <span class='ocrx_word' id='word_1_197' title='bbox 583 1710 701 1766; x_wconf 89' lang='lat' dir='ltr'>accendi</span> <span class='ocrx_word' id='word_1_198' title='bbox 711 1711 807 1781; x_wconf 89' lang='lat' dir='ltr'>jussit,</span> <span class='ocrx_word' id='word_1_199' title='bbox 824 1712 915 1784; x_wconf 89' lang='lat' dir='ltr'>ipsos·</span> <span class='ocrx_word' id='word_1_200' title='bbox 926 1722 954 1794; x_wconf 80' lang='lat' dir='ltr'>B</span> <span class='ocrx_word' id='word_1_201' title='bbox 966 1709 1077 1764; x_wconf 90' lang='lat' dir='ltr'>ratione</span> <span class='ocrx_word' id='word_1_202' title='bbox 1096 1708 1162 1764; x_wconf 92' lang='lat' dir='ltr'>illos</span> <span class='ocrx_word' id='word_1_203' title='bbox 1182 1708 1288 1764; x_wconf 83' lang='lat' dir='ltr'>ledere</span> <span class='ocrx_word' id='word_1_204' title='bbox 1312 1712 1478 1781; x_wconf 89' lang='lat' dir='ltr'>potuerunt.</span> <span class='ocrx_word' id='word_1_205' title='bbox 1505 1710 1568 1766; x_wconf 87' lang='lat' dir='ltr'>irati</span> <span class='ocrx_word' id='word_1_206' title='bbox 1590 1711 1679 1783; x_wconf 89' lang='lat' dir='ltr'>igitur</span> <span class='ocrx_word' id='word_1_207' title='bbox 1702 1713 1781 1784; x_wconf 85' lang='lat' dir='ltr'>magi</span> 
     </span>
     <span class='ocr_line' id='line_1_19' title="bbox 101 1801 1781 1878; baseline 0.005 -26"><span class='ocrx_word' id='word_1_208' title='bbox 101 1813 149 1868; x_wconf 85' lang='lat' dir='ltr'>qne</span> <span class='ocrx_word' id='word_1_209' title='bbox 164 1814 233 1854; x_wconf 89' lang='lat' dir='ltr'>cum</span> <span class='ocrx_word' id='word_1_210' title='bbox 249 1801 438 1872; x_wconf 90' lang='lat' dir='ltr'>complicibus</span> <span class='ocrx_word' id='word_1_211' title='bbox 459 1818 561 1859; x_wconf 91' lang='lat' dir='ltr'>eorum</span> <span class='ocrx_word' id='word_1_212' title='bbox 580 1803 610 1860; x_wconf 91' lang='lat' dir='ltr'>in</span> <span class='ocrx_word' id='word_1_213' title='bbox 627 1804 725 1876; x_wconf 89' lang='lat' dir='ltr'>ignem</span> <span class='ocrx_word' id='word_1_214' title='bbox 745 1806 915 1878; x_wconf 79' lang='lat' dir='ltr'>precipitari</span> <span class='ocrx_word' id='word_1_215' title='bbox 967 1802 1179 1858; x_wconf 84' lang='lat' dir='ltr'>multitudinem</span> <span class='ocrx_word' id='word_1_216' title='bbox 1190 1803 1367 1874; x_wconf 85' lang='lat' dir='ltr'>serpentium</span> <span class='ocrx_word' id='word_1_217' title='bbox 1376 1804 1474 1860; x_wconf 84' lang='lat' dir='ltr'>venire</span> <span class='ocrx_word' id='word_1_218' title='bbox 1483 1804 1625 1874; x_wconf 88' lang='lat' dir='ltr'>fecerunt,</span> <span class='ocrx_word' id='word_1_219' title='bbox 1637 1806 1781 1861; x_wconf 83' lang='lat' dir='ltr'>undenni-</span> 
     </span>
     <span class='ocr_line' id='line_1_20' title="bbox 99 1892 1780 1970; baseline -0.004 -9"><span class='ocrx_word' id='word_1_220' title='bbox 99 1892 243 1963; x_wconf 63' lang='lat' dir='ltr'>lfaeoefst·</span> <span class='ocrx_word' id='word_1_221' title='bbox 965 1913 1016 1953; x_wconf 91' lang='lat' dir='ltr'>nes</span> <span class='ocrx_word' id='word_1_222' title='bbox 1028 1897 1081 1952; x_wconf 91' lang='lat' dir='ltr'>hoc</span> <span class='ocrx_word' id='word_1_223' title='bbox 1097 1896 1241 1952; x_wconf 88' lang='lat' dir='ltr'>intuentes</span> <span class='ocrx_word' id='word_1_224' title='bbox 1254 1896 1411 1953; x_wconf 87' lang='lat' dir='ltr'>admodum</span> <span class='ocrx_word' id='word_1_225' title='bbox 1421 1898 1513 1955; x_wconf 90' lang='lat' dir='ltr'>territi</span> <span class='ocrx_word' id='word_1_226' title='bbox 1524 1902 1601 1969; x_wconf 91' lang='lat' dir='ltr'>sunt,</span> <span class='ocrx_word' id='word_1_227' title='bbox 1616 1899 1780 1970; x_wconf 91' lang='lat' dir='ltr'>et‚jubente</span> 
     </span>
     <span class='ocr_line' id='line_1_21' title="bbox 127 1985 1781 2067; baseline 0.004 -25"><span class='ocrx_word' id='word_1_228' title='bbox 127 1985 258 2057; x_wconf 82' lang='lat' dir='ltr'>Apostoli</span> <span class='ocrx_word' id='word_1_229' title='bbox 286 1994 395 2057; x_wconf 89' lang='lat' dir='ltr'>autem,</span> <span class='ocrx_word' id='word_1_230' title='bbox 419 1990 574 2048; x_wconf 81' lang='lat' dir='ltr'>Dominicre</span> <span class='ocrx_word' id='word_1_231' title='bbox 596 1992 734 2065; x_wconf 86' lang='lat' dir='ltr'>jussionis</span> <span class='ocrx_word' id='word_1_232' title='bbox 759 2011 913 2067; x_wconf 89' lang='lat' dir='ltr'>memores,</span> <span class='ocrx_word' id='word_1_233' title='bbox 965 2006 1044 2064; x_wconf 89' lang='lat' dir='ltr'>rege,</span> <span class='ocrx_word' id='word_1_234' title='bbox 1062 1990 1167 2046; x_wconf 89' lang='lat' dir='ltr'>cursim</span> <span class='ocrx_word' id='word_1_235' title='bbox 1184 1990 1303 2063; x_wconf 89' lang='lat' dir='ltr'>apostoli</span> <span class='ocrx_word' id='word_1_236' title='bbox 1322 1991 1449 2047; x_wconf 89' lang='lat' dir='ltr'>accersiti</span> <span class='ocrx_word' id='word_1_237' title='bbox 1468 1991 1615 2057; x_wconf 72' lang='lat' dir='ltr'>santoni</span> <span class='ocrx_word' id='word_1_238' title='bbox 1634 1993 1781 2049; x_wconf 85' lang='lat' dir='ltr'>venientes</span> 
     </span>
     <span class='ocr_line' id='line_1_22' title="bbox 95 2077 1779 2162; baseline 0.005 -30"><span class='ocrx_word' id='word_1_239' title='bbox 95 2077 156 2132; x_wconf 84' lang='lat' dir='ltr'>doci</span> <span class='ocrx_word' id='word_1_240' title='bbox 174 2083 312 2150; x_wconf 85' lang='lat' dir='ltr'>prostrati</span> <span class='ocrx_word' id='word_1_241' title='bbox 326 2088 403 2153; x_wconf 89' lang='lat' dir='ltr'>sunt,</span> <span class='ocrx_word' id='word_1_242' title='bbox 422 2089 451 2140; x_wconf 91' lang='lat' dir='ltr'>et</span> <span class='ocrx_word' id='word_1_243' title='bbox 463 2086 611 2157; x_wconf 89' lang='lat' dir='ltr'>pulverem</span> <span class='ocrx_word' id='word_1_244' title='bbox 623 2105 711 2161; x_wconf 86' lang='lat' dir='ltr'>super</span> <span class='ocrx_word' id='word_1_245' title='bbox 730 2093 815 2162; x_wconf 89' lang='lat' dir='ltr'>caput</span> <span class='ocrx_word' id='word_1_246' title='bbox 829 2108 913 2147; x_wconf 90' lang='lat' dir='ltr'>suum</span> <span class='ocrx_word' id='word_1_247' title='bbox 964 2086 1050 2158; x_wconf 87' lang='lat' dir='ltr'>pallia</span> <span class='ocrx_word' id='word_1_248' title='bbox 1062 2102 1110 2142; x_wconf 91' lang='lat' dir='ltr'>sua</span> <span class='ocrx_word' id='word_1_249' title='bbox 1124 2085 1158 2141; x_wconf 93' lang='lat' dir='ltr'>de</span> <span class='ocrx_word' id='word_1_250' title='bbox 1170 2085 1350 2158; x_wconf 88' lang='lat' dir='ltr'>serpentibus</span> <span class='ocrx_word' id='word_1_251' title='bbox 1365 2085 1570 2158; x_wconf 77' lang='lat' dir='ltr'>impleverunt,</span> <span class='ocrx_word' id='word_1_252' title='bbox 1580 2090 1609 2143; x_wconf 91' lang='lat' dir='ltr'>et</span> <span class='ocrx_word' id='word_1_253' title='bbox 1622 2087 1737 2143; x_wconf 87' lang='lat' dir='ltr'>eosdem</span> <span class='ocrx_word' id='word_1_254' title='bbox 1749 2087 1779 2142; x_wconf 91' lang='lat' dir='ltr'>in</span> 
     </span>
     <span class='ocr_line' id='line_1_23' title="bbox 94 2178 1780 2258; baseline 0.005 -30"><span class='ocrx_word' id='word_1_255' title='bbox 94 2181 273 2246; x_wconf 82' lang='lat' dir='ltr'>spargentes,</span> <span class='ocrx_word' id='word_1_256' title='bbox 296 2193 350 2248; x_wconf 94' lang='lat' dir='ltr'>pro</span> <span class='ocrx_word' id='word_1_257' title='bbox 378 2178 503 2236; x_wconf 88' lang='lat' dir='ltr'>inimicis</span> <span class='ocrx_word' id='word_1_258' title='bbox 525 2198 561 2237; x_wconf 90' lang='lat' dir='ltr'>ne</span> <span class='ocrx_word' id='word_1_259' title='bbox 589 2183 717 2255; x_wconf 86' lang='lat' dir='ltr'>perirent</span> <span class='ocrx_word' id='word_1_260' title='bbox 741 2186 914 2258; x_wconf 87' lang='lat' dir='ltr'>supplicare·</span> <span class='ocrx_word' id='word_1_261' title='bbox 964 2197 1063 2253; x_wconf 86' lang='lat' dir='ltr'>magos</span> <span class='ocrx_word' id='word_1_262' title='bbox 1081 2180 1214 2235; x_wconf 87' lang='lat' dir='ltr'>audacter</span> <span class='ocrx_word' id='word_1_263' title='bbox 1233 2179 1383 2248; x_wconf 90' lang='lat' dir='ltr'>miserunt,</span> <span class='ocrx_word' id='word_1_264' title='bbox 1398 2181 1554 2253; x_wconf 89' lang='lat' dir='ltr'>statimque</span> <span class='ocrx_word' id='word_1_265' title='bbox 1574 2185 1720 2252; x_wconf 88' lang='lat' dir='ltr'>serpentes</span> <span class='ocrx_word' id='word_1_266' title='bbox 1735 2197 1780 2237; x_wconf 90' lang='lat' dir='ltr'>co-</span> 
     </span>
     <span class='ocr_line' id='line_1_24' title="bbox 94 2269 1782 2350; baseline 0.005 -28"><span class='ocrx_word' id='word_1_267' title='bbox 94 2272 172 2336; x_wconf 88' lang='lat' dir='ltr'>mat,</span> <span class='ocrx_word' id='word_1_268' title='bbox 188 2273 219 2323; x_wconf 88' lang='lat' dir='ltr'>et</span> <span class='ocrx_word' id='word_1_269' title='bbox 236 2269 408 2328; x_wconf 89' lang='lat' dir='ltr'>mirantibus</span> <span class='ocrx_word' id='word_1_270' title='bbox 427 2275 544 2343; x_wconf 89' lang='lat' dir='ltr'>cunctis,</span> <span class='ocrx_word' id='word_1_271' title='bbox 559 2276 633 2332; x_wconf 90' lang='lat' dir='ltr'>hanc</span> <span class='ocrx_word' id='word_1_272' title='bbox 650 2293 711 2333; x_wconf 89' lang='lat' dir='ltr'>esse</span> <span class='ocrx_word' id='word_1_273' title='bbox 732 2278 913 2350; x_wconf 83' lang='lat' dir='ltr'>disciplinam</span> <span class='ocrx_word' id='word_1_274' title='bbox 964 2275 1079 2330; x_wconf 87' lang='lat' dir='ltr'>medere</span> <span class='ocrx_word' id='word_1_275' title='bbox 1101 2290 1202 2329; x_wconf 91' lang='lat' dir='ltr'>carnes</span> <span class='ocrx_word' id='word_1_276' title='bbox 1223 2290 1323 2330; x_wconf 90' lang='lat' dir='ltr'>eorum</span> <span class='ocrx_word' id='word_1_277' title='bbox 1345 2278 1502 2345; x_wconf 87' lang='lat' dir='ltr'>coeperunt.</span> <span class='ocrx_word' id='word_1_278' title='bbox 1524 2273 1568 2329; x_wconf 93' lang='lat' dir='ltr'>llli</span> <span class='ocrx_word' id='word_1_279' title='bbox 1588 2281 1683 2330; x_wconf 90' lang='lat' dir='ltr'>autem</span> <span class='ocrx_word' id='word_1_280' title='bbox 1708 2275 1782 2331; x_wconf 89' lang='lat' dir='ltr'>sicut</span> 
     </span>
     <span class='ocr_line' id='line_1_25' title="bbox 93 2361 1779 2440; baseline 0.004 -25"><span class='ocrx_word' id='word_1_281' title='bbox 93 2361 140 2416; x_wconf 81' lang='lat' dir='ltr'>bei</span> <span class='ocrx_word' id='word_1_282' title='bbox 152 2363 244 2417; x_wconf 79' lang='lat' dir='ltr'>nostri</span> <span class='ocrx_word' id='word_1_283' title='bbox 258 2363 419 2422; x_wconf 87' lang='lat' dir='ltr'>luculenter</span> <span class='ocrx_word' id='word_1_284' title='bbox 431 2369 685 2427; x_wconf 89' lang='lat' dir='ltr'>annuntiaverunt.</span> <span class='ocrx_word' id='word_1_285' title='bbox 963 2368 1024 2439; x_wconf 93' lang='lat' dir='ltr'>lupi</span> <span class='ocrx_word' id='word_1_286' title='bbox 1049 2367 1202 2437; x_wconf 87' lang='lat' dir='ltr'>ululabant,</span> <span class='ocrx_word' id='word_1_287' title='bbox 1224 2366 1417 2439; x_wconf 87' lang='lat' dir='ltr'>gaudentibus</span> <span class='ocrx_word' id='word_1_288' title='bbox 1436 2367 1544 2423; x_wconf 88' lang='lat' dir='ltr'>cunctis</span> <span class='ocrx_word' id='word_1_289' title='bbox 1566 2368 1615 2440; x_wconf 93' lang='lat' dir='ltr'>qui</span> <span class='ocrx_word' id='word_1_290' title='bbox 1638 2367 1779 2423; x_wconf 87' lang='lat' dir='ltr'>cruciatus</span> 
     </span>
     <span class='ocr_line' id='line_1_26' title="bbox 127 2455 1780 2539; baseline -0.001 -22"><span class='ocrx_word' id='word_1_291' title='bbox 127 2455 259 2512; x_wconf 70' lang='lat' dir='ltr'>Ttndem</span> <span class='ocrx_word' id='word_1_292' title='bbox 272 2458 445 2516; x_wconf 81' lang='lat' dir='ltr'>Warardach</span> <span class='ocrx_word' id='word_1_293' title='bbox 467 2462 620 2534; x_wconf 83' lang='lat' dir='ltr'>imperarit</span> <span class='ocrx_word' id='word_1_294' title='bbox 637 2465 784 2537; x_wconf 82' lang='lat' dir='ltr'>porrtidces</span> <span class='ocrx_word' id='word_1_295' title='bbox 797 2482 913 2539; x_wconf 90' lang='lat' dir='ltr'>compu-</span> <span class='ocrx_word' id='word_1_296' title='bbox 964 2460 1116 2532; x_wconf 89' lang='lat' dir='ltr'>impiorum</span> <span class='ocrx_word' id='word_1_297' title='bbox 1133 2461 1227 2532; x_wconf 88' lang='lat' dir='ltr'>palam</span> <span class='ocrx_word' id='word_1_298' title='bbox 1246 2459 1420 2531; x_wconf 84' lang='lat' dir='ltr'>spectabant.</span> <span class='ocrx_word' id='word_1_299' title='bbox 1438 2460 1496 2514; x_wconf 84' lang='lat' dir='ltr'>Rex</span> <span class='ocrx_word' id='word_1_300' title='bbox 1514 2463 1542 2516; x_wconf 89' lang='lat' dir='ltr'>et</span> <span class='ocrx_word' id='word_1_301' title='bbox 1557 2477 1656 2516; x_wconf 91' lang='lat' dir='ltr'>omnes</span> <span class='ocrx_word' id='word_1_302' title='bbox 1671 2465 1780 2532; x_wconf 79' lang='lat' dir='ltr'>aposto</span> 
     </span>
     <span class='ocr_line' id='line_1_27' title="bbox 92 2549 1780 2633; baseline 0.002 -28"><span class='ocrx_word' id='word_1_303' title='bbox 92 2549 159 2615; x_wconf 83' lang='lat' dir='ltr'>tari,</span> <span class='ocrx_word' id='word_1_304' title='bbox 190 2553 221 2605; x_wconf 86' lang='lat' dir='ltr'>et</span> <span class='ocrx_word' id='word_1_305' title='bbox 247 2566 363 2608; x_wconf 91' lang='lat' dir='ltr'>omnem</span> <span class='ocrx_word' id='word_1_306' title='bbox 390 2554 555 2610; x_wconf 81' lang='lat' dir='ltr'>facultatem</span> <span class='ocrx_word' id='word_1_307' title='bbox 578 2573 690 2628; x_wconf 83' lang='lat' dir='ltr'>eorum,</span> <span class='ocrx_word' id='word_1_308' title='bbox 717 2561 750 2614; x_wconf 86' lang='lat' dir='ltr'>ut</span> <span class='ocrx_word' id='word_1_309' title='bbox 776 2562 913 2633; x_wconf 71' lang='lat' dir='ltr'>apostolis</span> <span class='ocrx_word' id='word_1_310' title='bbox 964 2553 996 2608; x_wconf 93' lang='lat' dir='ltr'>lis</span> <span class='ocrx_word' id='word_1_311' title='bbox 1016 2553 1147 2609; x_wconf 90' lang='lat' dir='ltr'>dicebant</span> <span class='ocrx_word' id='word_1_312' title='bbox 1166 2571 1172 2608; x_wconf 89' lang='lat'>:</span> <span class='ocrx_word' id='word_1_313' title='bbox 1194 2552 1383 2608; x_wconf 86' lang='lat' dir='ltr'>«Permittite</span> <span class='ocrx_word' id='word_1_314' title='bbox 1406 2556 1436 2608; x_wconf 92' lang='lat' dir='ltr'>ut</span> <span class='ocrx_word' id='word_1_315' title='bbox 1455 2554 1626 2610; x_wconf 91' lang='lat' dir='ltr'>moriantur.</span> <span class='ocrx_word' id='word_1_316' title='bbox 1643 2576 1657 2605; x_wconf 81' lang='lat' dir='ltr'>u</span> <span class='ocrx_word' id='word_1_317' title='bbox 1679 2558 1717 2609; x_wconf 82' lang='lat' dir='ltr'>At</span> <span class='ocrx_word' id='word_1_318' title='bbox 1738 2553 1780 2610; x_wconf 93' lang='lat' dir='ltr'>illi</span> 
     </span>
     <span class='ocr_line' id='line_1_28' title="bbox 92 2642 1778 2725; baseline 0.005 -29"><span class='ocrx_word' id='word_1_319' title='bbox 92 2642 230 2711; x_wconf 85' lang='lat' dir='ltr'>daretur,</span> <span class='ocrx_word' id='word_1_320' title='bbox 257 2643 375 2718; x_wconf 90' lang='lat' dir='ltr'>inquiri.</span> <span class='ocrx_word' id='word_1_321' title='bbox 403 2649 511 2704; x_wconf 85' lang='lat' dir='ltr'>Inventi</span> <span class='ocrx_word' id='word_1_322' title='bbox 543 2656 610 2706; x_wconf 89' lang='lat' dir='ltr'>sunt</span> <span class='ocrx_word' id='word_1_323' title='bbox 640 2653 738 2708; x_wconf 87' lang='lat' dir='ltr'>autem</span> <span class='ocrx_word' id='word_1_324' title='bbox 764 2653 913 2725; x_wconf 78' lang='lat' dir='ltr'>pontifices</span> <span class='ocrx_word' id='word_1_325' title='bbox 963 2646 1287 2720; x_wconf 76' lang='lat' dir='ltr'>responderunt2auos</span> <span class='ocrx_word' id='word_1_326' title='bbox 1300 2646 1380 2702; x_wconf 91' lang='lat' dir='ltr'>missi</span> <span class='ocrx_word' id='word_1_327' title='bbox 1394 2654 1629 2703; x_wconf 88' lang='lat' dir='ltr'>sumusamorte</span> <span class='ocrx_word' id='word_1_328' title='bbox 1639 2648 1676 2703; x_wconf 88' lang='lat' dir='ltr'>ad</span> <span class='ocrx_word' id='word_1_329' title='bbox 1691 2648 1778 2704; x_wconf 88' lang='lat' dir='ltr'>vitam</span> 
     </span>
     <span class='ocr_line' id='line_1_29' title="bbox 92 2737 1777 2816; baseline 0.002 -25"><span class='ocrx_word' id='word_1_330' title='bbox 92 2737 272 2809; x_wconf 88' lang='lat' dir='ltr'>templorum</span> <span class='ocrx_word' id='word_1_331' title='bbox 287 2745 395 2808; x_wconf 80' lang='lat' dir='ltr'>cxx,et</span> <span class='ocrx_word' id='word_1_332' title='bbox 414 2744 608 2816; x_wconf 89' lang='lat' dir='ltr'>unusquisque</span> <span class='ocrx_word' id='word_1_333' title='bbox 628 2745 657 2800; x_wconf 88' lang='lat' dir='ltr'>in</span> <span class='ocrx_word' id='word_1_334' title='bbox 679 2763 736 2802; x_wconf 90' lang='lat' dir='ltr'>nno</span> <span class='ocrx_word' id='word_1_335' title='bbox 758 2763 856 2804; x_wconf 74' lang='lat' dir='ltr'>manse</span> <span class='ocrx_word' id='word_1_336' title='bbox 877 2748 913 2803; x_wconf 76' lang='lat' dir='ltr'>de</span> <span class='ocrx_word' id='word_1_337' title='bbox 962 2740 1111 2809; x_wconf 87' lang='lat' dir='ltr'>reducere,</span> <span class='ocrx_word' id='word_1_338' title='bbox 1139 2757 1196 2795; x_wconf 93' lang='lat' dir='ltr'>non</span> <span class='ocrx_word' id='word_1_339' title='bbox 1219 2758 1236 2794; x_wconf 92' lang='lat' dir='ltr'>a</span> <span class='ocrx_word' id='word_1_340' title='bbox 1261 2740 1316 2794; x_wconf 86' lang='lat' dir='ltr'>vita</span> <span class='ocrx_word' id='word_1_341' title='bbox 1342 2741 1373 2794; x_wconf 91' lang='lat' dir='ltr'>iu</span> <span class='ocrx_word' id='word_1_342' title='bbox 1400 2745 1520 2796; x_wconf 92' lang='lat' dir='ltr'>mortem</span> <span class='ocrx_word' id='word_1_343' title='bbox 1547 2742 1738 2813; x_wconf 71' lang='lat' dir='ltr'>praecipitare.</span> <span class='ocrx_word' id='word_1_344' title='bbox 1763 2763 1777 2795; x_wconf 75' lang='lat' dir='ltr'>a</span> 
     </span>
     <span class='ocr_line' id='line_1_30' title="bbox 90 2829 1777 2908; baseline 0.004 -24"><span class='ocrx_word' id='word_1_345' title='bbox 90 2829 160 2885; x_wconf 82' lang='lat' dir='ltr'>fisco</span> <span class='ocrx_word' id='word_1_346' title='bbox 188 2833 420 2905; x_wconf 83' lang='lat' dir='ltr'>consequebatur</span> <span class='ocrx_word' id='word_1_347' title='bbox 445 2853 530 2892; x_wconf 84' lang='lat' dir='ltr'>vinam</span> <span class='ocrx_word' id='word_1_348' title='bbox 555 2838 657 2895; x_wconf 89' lang='lat' dir='ltr'>libram</span> <span class='ocrx_word' id='word_1_349' title='bbox 683 2841 760 2908; x_wconf 89' lang='lat' dir='ltr'>anri;</span> <span class='ocrx_word' id='word_1_350' title='bbox 783 2857 913 2897; x_wconf 84' lang='lat' dir='ltr'>summus</span> <span class='ocrx_word' id='word_1_351' title='bbox 962 2834 1071 2890; x_wconf 86' lang='lat' dir='ltr'>Deinde</span> <span class='ocrx_word' id='word_1_352' title='bbox 1086 2839 1238 2890; x_wconf 89' lang='lat' dir='ltr'>oraverunt</span> <span class='ocrx_word' id='word_1_353' title='bbox 1252 2837 1281 2889; x_wconf 90' lang='lat' dir='ltr'>et</span> <span class='ocrx_word' id='word_1_354' title='bbox 1295 2834 1476 2907; x_wconf 87' lang='lat' dir='ltr'>serpentibus</span> <span class='ocrx_word' id='word_1_355' title='bbox 1487 2835 1635 2906; x_wconf 79' lang='lat' dir='ltr'>iussemnt</span> <span class='ocrx_word' id='word_1_356' title='bbox 1647 2839 1679 2890; x_wconf 90' lang='lat' dir='ltr'>ut</span> <span class='ocrx_word' id='word_1_357' title='bbox 1692 2853 1777 2892; x_wconf 78' lang='lat' dir='ltr'>omisa</span> 
     </span>
     <span class='ocr_line' id='line_1_31' title="bbox 90 2926 1781 3007; baseline 0.005 -29"><span class='ocrx_word' id='word_1_358' title='bbox 90 2939 158 2979; x_wconf 80' lang='lat' dir='ltr'>vero</span> <span class='ocrx_word' id='word_1_359' title='bbox 185 2926 313 2997; x_wconf 77' lang='lat' dir='ltr'>pontifex</span> <span class='ocrx_word' id='word_1_360' title='bbox 338 2928 531 3001; x_wconf 88' lang='lat' dir='ltr'>quadruplum</span> <span class='ocrx_word' id='word_1_361' title='bbox 555 2931 584 2986; x_wconf 93' lang='lat' dir='ltr'>in</span> <span class='ocrx_word' id='word_1_362' title='bbox 612 2949 681 2988; x_wconf 91' lang='lat' dir='ltr'>auro</span> <span class='ocrx_word' id='word_1_363' title='bbox 703 2933 913 3007; x_wconf 88' lang='lat' dir='ltr'>adipiscebatur</span> <span class='ocrx_word' id='word_1_364' title='bbox 961 2944 1104 2984; x_wconf 81' lang='lat' dir='ltr'>venenum</span> <span class='ocrx_word' id='word_1_365' title='bbox 1119 2927 1338 2999; x_wconf 89' lang='lat' dir='ltr'>suumamagis</span> <span class='ocrx_word' id='word_1_366' title='bbox 1352 2928 1542 2983; x_wconf 79' lang='lat' dir='ltr'>auferrentur</span> <span class='ocrx_word' id='word_1_367' title='bbox 1555 2928 1723 2985; x_wconf 87' lang='lat' dir='ltr'>adlocasua</span> <span class='ocrx_word' id='word_1_368' title='bbox 1737 2948 1781 2986; x_wconf 90' lang='lat' dir='ltr'>re·</span> 
     </span>
     <span class='ocr_line' id='line_1_32' title="bbox 89 3021 1777 3096; baseline 0.003 -22"><span class='ocrx_word' id='word_1_369' title='bbox 89 3035 180 3090; x_wconf 84' lang='lat' dir='ltr'>quarn</span> <span class='ocrx_word' id='word_1_370' title='bbox 204 3021 313 3076; x_wconf 81' lang='lat' dir='ltr'>crateri.</span> <span class='ocrx_word' id='word_1_371' title='bbox 335 3023 424 3078; x_wconf 88' lang='lat' dir='ltr'>Tanta</span> <span class='ocrx_word' id='word_1_372' title='bbox 445 3031 508 3080; x_wconf 87' lang='lat' dir='ltr'>erat</span> <span class='ocrx_word' id='word_1_373' title='bbox 530 3027 649 3082; x_wconf 80' lang='lat' dir='ltr'>facultas</span> <span class='ocrx_word' id='word_1_374' title='bbox 671 3043 770 3084; x_wconf 75' lang='lat' dir='ltr'>eorum</span> <span class='ocrx_word' id='word_1_375' title='bbox 792 3028 822 3083; x_wconf 83' lang='lat' dir='ltr'>in</span> <span class='ocrx_word' id='word_1_376' title='bbox 843 3045 912 3085; x_wconf 79' lang='lat' dir='ltr'>auro</span> <span class='ocrx_word' id='word_1_377' title='bbox 962 3021 1066 3078; x_wconf 91' lang='lat' dir='ltr'>dirent.</span> <span class='ocrx_word' id='word_1_378' title='bbox 1077 3022 1195 3093; x_wconf 76' lang='lat' dir='ltr'>Maiores</span> <span class='ocrx_word' id='word_1_379' title='bbox 1209 3022 1304 3094; x_wconf 86' lang='lat' dir='ltr'>itaque</span> <span class='ocrx_word' id='word_1_380' title='bbox 1321 3021 1464 3077; x_wconf 90' lang='lat' dir='ltr'>cruciatus</span> <span class='ocrx_word' id='word_1_381' title='bbox 1478 3022 1551 3094; x_wconf 91' lang='lat' dir='ltr'>passi</span> <span class='ocrx_word' id='word_1_382' title='bbox 1564 3028 1647 3092; x_wconf 74' lang='lat' dir='ltr'>sunt,</span> <span class='ocrx_word' id='word_1_383' title='bbox 1662 3024 1777 3096; x_wconf 89' lang='lat' dir='ltr'>quando</span> 
     </span>
     <span class='ocr_line' id='line_1_33' title="bbox 89 3090 1779 3190; baseline 0.001 -22"><span class='ocrx_word' id='word_1_384' title='bbox 89 3118 117 3168; x_wconf 81' lang='lat' dir='ltr'>et</span> <span class='ocrx_word' id='word_1_385' title='bbox 129 3118 264 3186; x_wconf 83' lang='lat' dir='ltr'>argento,</span> <span class='ocrx_word' id='word_1_386' title='bbox 283 3116 312 3169; x_wconf 93' lang='lat' dir='ltr'>in</span> <span class='ocrx_word' id='word_1_387' title='bbox 334 3116 457 3172; x_wconf 87' lang='lat' dir='ltr'>vestibus</span> <span class='ocrx_word' id='word_1_388' title='bbox 476 3121 505 3174; x_wconf 92' lang='lat' dir='ltr'>et</span> <span class='ocrx_word' id='word_1_389' title='bbox 521 3120 671 3190; x_wconf 88' lang='lat' dir='ltr'>jumentis,</span> <span class='ocrx_word' id='word_1_390' title='bbox 689 3126 719 3176; x_wconf 91' lang='lat' dir='ltr'>ut</span> <span class='ocrx_word' id='word_1_391' title='bbox 737 3121 910 3178; x_wconf 87' lang='lat' dir='ltr'>dinumerari</span> <span class='ocrx_word' id='word_1_392' title='bbox 922 3090 950 3164; x_wconf 77' lang='lat' dir='ltr'>C</span> <span class='ocrx_word' id='word_1_393' title='bbox 963 3115 1084 3171; x_wconf 90' lang='lat' dir='ltr'>universi</span> <span class='ocrx_word' id='word_1_394' title='bbox 1110 3120 1256 3188; x_wconf 89' lang='lat' dir='ltr'>serpentes</span> <span class='ocrx_word' id='word_1_395' title='bbox 1279 3115 1383 3170; x_wconf 92' lang='lat' dir='ltr'>iterum</span> <span class='ocrx_word' id='word_1_396' title='bbox 1409 3132 1510 3171; x_wconf 89' lang='lat' dir='ltr'>carnes</span> <span class='ocrx_word' id='word_1_397' title='bbox 1533 3132 1633 3172; x_wconf 87' lang='lat' dir='ltr'>eorum</span> <span class='ocrx_word' id='word_1_398' title='bbox 1663 3118 1779 3174; x_wconf 87' lang='lat' dir='ltr'>ederent</span> 
     </span>
     <span class='ocr_line' id='line_1_34' title="bbox 88 3208 1777 3286; baseline 0.004 -23"><span class='ocrx_word' id='word_1_399' title='bbox 88 3223 147 3262; x_wconf 87' lang='lat' dir='ltr'>non</span> <span class='ocrx_word' id='word_1_400' title='bbox 171 3214 277 3279; x_wconf 87' lang='lat' dir='ltr'>posset.</span> <span class='ocrx_word' id='word_1_401' title='bbox 300 3210 391 3274; x_wconf 81' lang='lat' dir='ltr'>Quam</span> <span class='ocrx_word' id='word_1_402' title='bbox 415 3210 472 3266; x_wconf 83' lang='lat' dir='ltr'>dux</span> <span class='ocrx_word' id='word_1_403' title='bbox 493 3214 627 3284; x_wconf 83' lang='lat' dir='ltr'>apostolis</span> <span class='ocrx_word' id='word_1_404' title='bbox 648 3213 763 3281; x_wconf 84' lang='lat' dir='ltr'>obtulit,</span> <span class='ocrx_word' id='word_1_405' title='bbox 787 3215 837 3271; x_wconf 78' lang='lat' dir='ltr'>sud</span> <span class='ocrx_word' id='word_1_406' title='bbox 858 3217 911 3286; x_wconf 75' lang='lat' dir='ltr'>ipsi</span> <span class='ocrx_word' id='word_1_407' title='bbox 963 3213 992 3265; x_wconf 91' lang='lat' dir='ltr'>et</span> <span class='ocrx_word' id='word_1_408' title='bbox 1016 3208 1184 3282; x_wconf 90' lang='lat' dir='ltr'>sanguinem</span> <span class='ocrx_word' id='word_1_409' title='bbox 1208 3213 1354 3282; x_wconf 88' lang='lat' dir='ltr'>sugerent,</span> <span class='ocrx_word' id='word_1_410' title='bbox 1377 3213 1408 3264; x_wconf 93' lang='lat' dir='ltr'>ut</span> <span class='ocrx_word' id='word_1_411' title='bbox 1430 3224 1541 3266; x_wconf 85' lang='lat' dir='ltr'>venena</span> <span class='ocrx_word' id='word_1_412' title='bbox 1562 3211 1777 3269; x_wconf 81' lang='lat' dir='ltr'>sustollerent.</span> 
     </span>
     <span class='ocr_line' id='line_1_35' title="bbox 88 3301 1777 3382; baseline 0.004 -27"><span class='ocrx_word' id='word_1_413' title='bbox 88 3301 207 3371; x_wconf 87' lang='lat' dir='ltr'>penitus</span> <span class='ocrx_word' id='word_1_414' title='bbox 226 3312 410 3374; x_wconf 80' lang='lat' dir='ltr'>respuerunt,</span> <span class='ocrx_word' id='word_1_415' title='bbox 427 3305 484 3361; x_wconf 92' lang='lat' dir='ltr'>imo</span> <span class='ocrx_word' id='word_1_416' title='bbox 504 3307 699 3379; x_wconf 84' lang='lat' dir='ltr'>indigentibus</span> <span class='ocrx_word' id='word_1_417' title='bbox 718 3309 832 3382; x_wconf 88' lang='lat' dir='ltr'>erogari</span> <span class='ocrx_word' id='word_1_418' title='bbox 847 3309 911 3381; x_wconf 90' lang='lat' dir='ltr'>jus·</span> <span class='ocrx_word' id='word_1_419' title='bbox 962 3305 1092 3376; x_wconf 88' lang='lat' dir='ltr'>Cumque</span> <span class='ocrx_word' id='word_1_420' title='bbox 1113 3307 1260 3375; x_wconf 86' lang='lat' dir='ltr'>serpentes</span> <span class='ocrx_word' id='word_1_421' title='bbox 1278 3302 1423 3373; x_wconf 90' lang='lat' dir='ltr'>abiissent,</span> <span class='ocrx_word' id='word_1_422' title='bbox 1444 3306 1473 3358; x_wconf 92' lang='lat' dir='ltr'>et</span> <span class='ocrx_word' id='word_1_423' title='bbox 1492 3303 1688 3375; x_wconf 86' lang='lat' dir='ltr'>apostolorum</span> <span class='ocrx_word' id='word_1_424' title='bbox 1709 3322 1777 3362; x_wconf 88' lang='lat' dir='ltr'>sen·</span> 
     </span>
     <span class='ocr_line' id='line_1_36' title="bbox 88 3395 1779 3469; baseline -0.006 -5"><span class='ocrx_word' id='word_1_425' title='bbox 88 3402 203 3450; x_wconf 65' lang='lat' dir='ltr'>mul·</span> <span class='ocrx_word' id='word_1_426' title='bbox 962 3397 1051 3453; x_wconf 86' lang='lat' dir='ltr'>tentia</span> <span class='ocrx_word' id='word_1_427' title='bbox 1065 3397 1144 3469; x_wconf 89' lang='lat' dir='ltr'>magi</span> <span class='ocrx_word' id='word_1_428' title='bbox 1162 3396 1255 3452; x_wconf 90' lang='lat' dir='ltr'>triduo</span> <span class='ocrx_word' id='word_1_429' title='bbox 1269 3395 1346 3451; x_wconf 87' lang='lat' dir='ltr'>anxii</span> <span class='ocrx_word' id='word_1_430' title='bbox 1367 3412 1425 3451; x_wconf 91' lang='lat' dir='ltr'>non</span> <span class='ocrx_word' id='word_1_431' title='bbox 1440 3396 1658 3465; x_wconf 86' lang='lat' dir='ltr'>manducarent,</span> <span class='ocrx_word' id='word_1_432' title='bbox 1671 3414 1725 3454; x_wconf 89' lang='lat' dir='ltr'>nec</span> <span class='ocrx_word' id='word_1_433' title='bbox 1738 3399 1779 3454; x_wconf 92' lang='lat' dir='ltr'>bi·</span> 
     </span>
     <span class='ocr_line' id='line_1_37' title="bbox 126 3484 1779 3566; baseline 0.005 -27"><span class='ocrx_word' id='word_1_434' title='bbox 126 3484 258 3557; x_wconf 80' lang='lat' dir='ltr'>Denique</span> <span class='ocrx_word' id='word_1_435' title='bbox 279 3486 351 3542; x_wconf 89' lang='lat' dir='ltr'>duce</span> <span class='ocrx_word' id='word_1_436' title='bbox 373 3488 436 3561; x_wconf 91' lang='lat' dir='ltr'>regi</span> <span class='ocrx_word' id='word_1_437' title='bbox 448 3489 531 3545; x_wconf 84' lang='lat' dir='ltr'>Xerxi</span> <span class='ocrx_word' id='word_1_438' title='bbox 544 3494 663 3548; x_wconf 89' lang='lat' dir='ltr'>eventus</span> <span class='ocrx_word' id='word_1_439' title='bbox 677 3509 744 3549; x_wconf 92' lang='lat' dir='ltr'>suos</span> <span class='ocrx_word' id='word_1_440' title='bbox 758 3498 787 3550; x_wconf 91' lang='lat' dir='ltr'>et</span> <span class='ocrx_word' id='word_1_441' title='bbox 800 3497 912 3566; x_wconf 89' lang='lat' dir='ltr'>aposto-</span> <span class='ocrx_word' id='word_1_442' title='bbox 961 3491 1072 3559; x_wconf 86' lang='lat' dir='ltr'>beraut,</span> <span class='ocrx_word' id='word_1_443' title='bbox 1091 3507 1183 3562; x_wconf 90' lang='lat' dir='ltr'>neque</span> <span class='ocrx_word' id='word_1_444' title='bbox 1204 3489 1375 3558; x_wconf 88' lang='lat' dir='ltr'>dormirent,</span> <span class='ocrx_word' id='word_1_445' title='bbox 1395 3490 1518 3562; x_wconf 88' lang='lat' dir='ltr'>apostoli</span> <span class='ocrx_word' id='word_1_446' title='bbox 1533 3490 1664 3546; x_wconf 88' lang='lat' dir='ltr'>visitandi</span> <span class='ocrx_word' id='word_1_447' title='bbox 1686 3493 1779 3562; x_wconf 89' lang='lat' dir='ltr'>gratia</span> 
     </span>
     <span class='ocr_line' id='line_1_38' title="bbox 90 3578 1780 3658; baseline 0.003 -24"><span class='ocrx_word' id='word_1_448' title='bbox 90 3578 186 3633; x_wconf 85' lang='lat' dir='ltr'>lorum</span> <span class='ocrx_word' id='word_1_449' title='bbox 209 3582 353 3650; x_wconf 80' lang='lat' dir='ltr'>preconia</span> <span class='ocrx_word' id='word_1_450' title='bbox 373 3583 587 3656; x_wconf 87' lang='lat' dir='ltr'>magnificante,</span> <span class='ocrx_word' id='word_1_451' title='bbox 608 3588 712 3643; x_wconf 86' lang='lat' dir='ltr'>Zaroes</span> <span class='ocrx_word' id='word_1_452' title='bbox 734 3593 764 3644; x_wconf 89' lang='lat' dir='ltr'>et</span> <span class='ocrx_word' id='word_1_453' title='bbox 784 3588 910 3658; x_wconf 76' lang='lat' dir='ltr'>urtaxu,</span> <span class='ocrx_word' id='word_1_454' title='bbox 961 3583 995 3640; x_wconf 91' lang='lat' dir='ltr'>ad</span> <span class='ocrx_word' id='word_1_455' title='bbox 1012 3600 1060 3640; x_wconf 88' lang='lat' dir='ltr'>eos</span> <span class='ocrx_word' id='word_1_456' title='bbox 1074 3589 1227 3649; x_wconf 85' lang='lat' dir='ltr'>renemnt,</span> <span class='ocrx_word' id='word_1_457' title='bbox 1242 3587 1280 3650; x_wconf 91' lang='lat' dir='ltr'>et,</span> <span class='ocrx_word' id='word_1_458' title='bbox 1293 3583 1397 3637; x_wconf 90' lang='lat' dir='ltr'>malum</span> <span class='ocrx_word' id='word_1_459' title='bbox 1412 3599 1464 3655; x_wconf 91' lang='lat' dir='ltr'>pro</span> <span class='ocrx_word' id='word_1_460' title='bbox 1478 3582 1701 3640; x_wconf 91' lang='lat' dir='ltr'>maledictonon</span> <span class='ocrx_word' id='word_1_461' title='bbox 1717 3584 1780 3640; x_wconf 89' lang='lat' dir='ltr'>red-</span> 
     </span>
     <span class='ocr_line' id='line_1_39' title="bbox 91 3672 1777 3755; baseline 0.003 -29"><span class='ocrx_word' id='word_1_462' title='bbox 91 3672 241 3743; x_wconf 85' lang='lat' dir='ltr'>quierant</span> <span class='ocrx_word' id='word_1_463' title='bbox 258 3691 325 3729; x_wconf 90' lang='lat' dir='ltr'>cum</span> <span class='ocrx_word' id='word_1_464' title='bbox 345 3691 424 3748; x_wconf 90' lang='lat' dir='ltr'>rege,</span> <span class='ocrx_word' id='word_1_465' title='bbox 443 3678 576 3750; x_wconf 90' lang='lat' dir='ltr'>apostolis</span> <span class='ocrx_word' id='word_1_466' title='bbox 595 3685 742 3752; x_wconf 80' lang='lat' dir='ltr'>caeperunt</span> <span class='ocrx_word' id='word_1_467' title='bbox 761 3682 911 3755; x_wconf 89' lang='lat' dir='ltr'>derogare,</span> <span class='ocrx_word' id='word_1_468' title='bbox 963 3677 1064 3734; x_wconf 87' lang='lat' dir='ltr'>dentes</span> <span class='ocrx_word' id='word_1_469' title='bbox 1083 3680 1182 3751; x_wconf 73' lang='lat' dir='ltr'>litem..</span> <span class='ocrx_word' id='word_1_470' title='bbox 1202 3692 1251 3744; x_wconf 78' lang='grc' dir='ltr'>ιιι,</span> <span class='ocrx_word' id='word_1_471' title='bbox 1275 3677 1327 3747; x_wconf 69' lang='grc' dir='ltr'>Η),</span> <span class='ocrx_word' id='word_1_472' title='bbox 1346 3674 1424 3746; x_wconf 91' lang='lat' dir='ltr'>ipsos</span> <span class='ocrx_word' id='word_1_473' title='bbox 1444 3681 1627 3731; x_wconf 86' lang='lat' dir='ltr'>sanaverunt.</span> <span class='ocrx_word' id='word_1_474' title='bbox 1647 3677 1690 3731; x_wconf 94' lang='lat' dir='ltr'>llli</span> <span class='ocrx_word' id='word_1_475' title='bbox 1711 3693 1777 3748; x_wconf 90' lang='lat' dir='ltr'>pro·</span> 
     </span>
     <span class='ocr_line' id='line_1_40' title="bbox 93 3769 1777 3846; baseline 0.003 -27"><span class='ocrx_word' id='word_1_476' title='bbox 93 3771 121 3819; x_wconf 92' lang='lat' dir='ltr'>et</span> <span class='ocrx_word' id='word_1_477' title='bbox 139 3783 245 3822; x_wconf 85' lang='lat' dir='ltr'>omnes</span> <span class='ocrx_word' id='word_1_478' title='bbox 267 3773 367 3824; x_wconf 89' lang='lat' dir='ltr'>contre</span> <span class='ocrx_word' id='word_1_479' title='bbox 384 3786 442 3838; x_wconf 85' lang='lat' dir='ltr'>eos,</span> <span class='ocrx_word' id='word_1_480' title='bbox 461 3771 516 3827; x_wconf 88' lang='lat' dir='ltr'>nisi</span> <span class='ocrx_word' id='word_1_481' title='bbox 536 3773 606 3829; x_wconf 89' lang='lat' dir='ltr'>deos</span> <span class='ocrx_word' id='word_1_482' title='bbox 629 3791 728 3830; x_wconf 92' lang='lat' dir='ltr'>eornm</span> <span class='ocrx_word' id='word_1_483' title='bbox 746 3776 910 3846; x_wconf 88' lang='lat' dir='ltr'>adorarent,</span> <span class='ocrx_word' id='word_1_484' title='bbox 961 3771 1034 3829; x_wconf 88' lang='lat' dir='ltr'>fecto</span> <span class='ocrx_word' id='word_1_485' title='bbox 1048 3771 1078 3828; x_wconf 94' lang='lat' dir='ltr'>in</span> <span class='ocrx_word' id='word_1_486' title='bbox 1097 3770 1217 3845; x_wconf 86' lang='lat' dir='ltr'>pertidia</span> <span class='ocrx_word' id='word_1_487' title='bbox 1233 3785 1285 3826; x_wconf 90' lang='lat' dir='ltr'>sua</span> <span class='ocrx_word' id='word_1_488' title='bbox 1297 3773 1527 3843; x_wconf 88' lang='lat' dir='ltr'>permanserunt,</span> <span class='ocrx_word' id='word_1_489' title='bbox 1543 3775 1571 3825; x_wconf 93' lang='lat' dir='ltr'>et</span> <span class='ocrx_word' id='word_1_490' title='bbox 1584 3769 1658 3824; x_wconf 88' lang='lat' dir='ltr'>sicut</span> <span class='ocrx_word' id='word_1_491' title='bbox 1677 3769 1777 3825; x_wconf 88' lang='lat' dir='ltr'>afacie</span> 
     </span>
     <span class='ocr_line' id='line_1_41' title="bbox 94 3860 1778 3943; baseline 0.002 -29"><span class='ocrx_word' id='word_1_492' title='bbox 94 3860 190 3915; x_wconf 82' lang='lat' dir='ltr'>conati</span> <span class='ocrx_word' id='word_1_493' title='bbox 212 3868 281 3918; x_wconf 90' lang='lat' dir='ltr'>sunt</span> <span class='ocrx_word' id='word_1_494' title='bbox 300 3879 492 3922; x_wconf 83' lang='lat' dir='ltr'>commorere.</span> <span class='ocrx_word' id='word_1_495' title='bbox 512 3867 571 3923; x_wconf 81' lang='lat' dir='ltr'>ltux</span> <span class='ocrx_word' id='word_1_496' title='bbox 592 3871 688 3924; x_wconf 85' lang='lat' dir='ltr'>autem</span> <span class='ocrx_word' id='word_1_497' title='bbox 708 3886 759 3941; x_wconf 89' lang='lat' dir='ltr'>pro</span> <span class='ocrx_word' id='word_1_498' title='bbox 778 3872 912 3943; x_wconf 87' lang='lat' dir='ltr'>apostolis</span> <span class='ocrx_word' id='word_1_499' title='bbox 962 3865 1050 3923; x_wconf 84' lang='lat' dir='ltr'>sancti</span> <span class='ocrx_word' id='word_1_500' title='bbox 1069 3864 1192 3923; x_wconf 82' lang='lat' dir='ltr'>llatthaei</span> <span class='ocrx_word' id='word_1_501' title='bbox 1215 3861 1334 3937; x_wconf 87' lang='lat' dir='ltr'>apostoli</span> <span class='ocrx_word' id='word_1_502' title='bbox 1353 3864 1388 3919; x_wconf 89' lang='lat' dir='ltr'>de</span> <span class='ocrx_word' id='word_1_503' title='bbox 1406 3861 1551 3935; x_wconf 84' lang='lat' dir='ltr'>AEthiopia</span> <span class='ocrx_word' id='word_1_504' title='bbox 1570 3863 1719 3935; x_wconf 87' lang='lat' dir='ltr'>fugerunt,</span> <span class='ocrx_word' id='word_1_505' title='bbox 1739 3861 1778 3918; x_wconf 92' lang='lat' dir='ltr'>sic</span> 
     </span>
     <span class='ocr_line' id='line_1_42' title="bbox 96 3955 1778 4037; baseline 0.002 -30"><span class='ocrx_word' id='word_1_506' title='bbox 96 3969 212 4025; x_wconf 84' lang='lat' dir='ltr'>semper</span> <span class='ocrx_word' id='word_1_507' title='bbox 235 3955 309 4012; x_wconf 88' lang='lat' dir='ltr'>bene</span> <span class='ocrx_word' id='word_1_508' title='bbox 333 3957 444 4013; x_wconf 86' lang='lat' dir='ltr'>locutus</span> <span class='ocrx_word' id='word_1_509' title='bbox 469 3963 523 4016; x_wconf 87' lang='lat' dir='ltr'>est.</span> <span class='ocrx_word' id='word_1_510' title='bbox 549 3963 674 4017; x_wconf 87' lang='lat' dir='ltr'>Tandem</span> <span class='ocrx_word' id='word_1_511' title='bbox 704 3964 733 4018; x_wconf 94' lang='lat' dir='ltr'>in</span> <span class='ocrx_word' id='word_1_512' title='bbox 759 3968 912 4037; x_wconf 75' lang='lat' dir='ltr'>presentia</span> <span class='ocrx_word' id='word_1_513' title='bbox 962 3961 999 4018; x_wconf 90' lang='lat' dir='ltr'>ab</span> <span class='ocrx_word' id='word_1_514' title='bbox 1022 3959 1067 4017; x_wconf 88' lang='lat' dir='ltr'>his</span> <span class='ocrx_word' id='word_1_515' title='bbox 1087 3959 1197 4016; x_wconf 89' lang='lat' dir='ltr'>duobus</span> <span class='ocrx_word' id='word_1_516' title='bbox 1220 3957 1387 4015; x_wconf 88' lang='lat' dir='ltr'>confusione</span> <span class='ocrx_word' id='word_1_517' title='bbox 1413 3956 1506 4030; x_wconf 91' lang='lat' dir='ltr'>operti</span> <span class='ocrx_word' id='word_1_518' title='bbox 1534 3962 1724 4023; x_wconf 89' lang='lat' dir='ltr'>recessemnt,</span> <span class='ocrx_word' id='word_1_519' title='bbox 1750 3958 1778 4011; x_wconf 90' lang='lat' dir='ltr'>et</span> 
     </span>
     <span class='ocr_line' id='line_1_43' title="bbox 95 4048 1779 4131; baseline 0 -26"><span class='ocrx_word' id='word_1_520' title='bbox 95 4048 172 4118; x_wconf 78' lang='lat' dir='ltr'>regis</span> <span class='ocrx_word' id='word_1_521' title='bbox 189 4048 339 4107; x_wconf 81' lang='lat' dir='ltr'>altercatio</span> <span class='ocrx_word' id='word_1_522' title='bbox 364 4056 467 4109; x_wconf 83' lang='lat' dir='ltr'>statrrta</span> <span class='ocrx_word' id='word_1_523' title='bbox 488 4060 546 4124; x_wconf 90' lang='lat' dir='ltr'>est;</span> <span class='ocrx_word' id='word_1_524' title='bbox 569 4072 692 4128; x_wconf 92' lang='lat' dir='ltr'>cumque</span> <span class='ocrx_word' id='word_1_525' title='bbox 715 4058 792 4131; x_wconf 89' lang='lat' dir='ltr'>magi</span> <span class='ocrx_word' id='word_1_526' title='bbox 814 4059 910 4131; x_wconf 90' lang='lat' dir='ltr'>palam</span> <span class='ocrx_word' id='word_1_527' title='bbox 962 4055 1180 4111; x_wconf 87' lang='lat' dir='ltr'>simulacrorum</span> <span class='ocrx_word' id='word_1_528' title='bbox 1194 4053 1319 4110; x_wconf 89' lang='lat' dir='ltr'>cultores</span> <span class='ocrx_word' id='word_1_529' title='bbox 1329 4068 1381 4125; x_wconf 90' lang='lat' dir='ltr'>per</span> <span class='ocrx_word' id='word_1_530' title='bbox 1396 4055 1487 4108; x_wconf 88' lang='lat' dir='ltr'>totam</span> <span class='ocrx_word' id='word_1_531' title='bbox 1501 4051 1646 4107; x_wconf 85' lang='lat' dir='ltr'>Persidem</span> <span class='ocrx_word' id='word_1_532' title='bbox 1662 4051 1697 4106; x_wconf 88' lang='lat' dir='ltr'>ad</span> <span class='ocrx_word' id='word_1_533' title='bbox 1710 4066 1779 4123; x_wconf 91' lang='lat' dir='ltr'>apo·</span> 
     </span>
     <span class='ocr_line' id='line_1_44' title="bbox 96 4142 1779 4217; baseline 0.004 -24"><span class='ocrx_word' id='word_1_534' title='bbox 96 4142 204 4197; x_wconf 71' lang='lat' dir='ltr'>cuncus</span> <span class='ocrx_word' id='word_1_535' title='bbox 227 4143 314 4199; x_wconf 87' lang='lat' dir='ltr'>locuti</span> <span class='ocrx_word' id='word_1_536' title='bbox 337 4152 441 4217; x_wconf 86' lang='lat' dir='ltr'>essent,</span> <span class='ocrx_word' id='word_1_537' title='bbox 461 4149 555 4204; x_wconf 91' lang='lat' dir='ltr'>omnis</span> <span class='ocrx_word' id='word_1_538' title='bbox 575 4149 723 4208; x_wconf 88' lang='lat' dir='ltr'>advocatio</span> <span class='ocrx_word' id='word_1_539' title='bbox 743 4155 823 4209; x_wconf 81' lang='lat' dir='ltr'>nauta</span> <span class='ocrx_word' id='word_1_540' title='bbox 838 4154 912 4210; x_wconf 85' lang='lat' dir='ltr'>facta</span> <span class='ocrx_word' id='word_1_541' title='bbox 962 4150 1100 4205; x_wconf 90' lang='lat' dir='ltr'>stolorum</span> <span class='ocrx_word' id='word_1_542' title='bbox 1116 4147 1277 4205; x_wconf 87' lang='lat' dir='ltr'>inimicitias</span> <span class='ocrx_word' id='word_1_543' title='bbox 1298 4145 1515 4202; x_wconf 85' lang='lat' dir='ltr'>srrscitarernnt.</span> <span class='ocrx_word' id='word_1_544' title='bbox 1533 4145 1588 4217; x_wconf 91' lang='lat' dir='ltr'>lpsi</span> <span class='ocrx_word' id='word_1_545' title='bbox 1606 4151 1703 4200; x_wconf 88' lang='lat' dir='ltr'>autem</span> <span class='ocrx_word' id='word_1_546' title='bbox 1727 4160 1779 4216; x_wconf 90' lang='lat' dir='ltr'>per</span> 
     </span>
     <span class='ocr_line' id='line_1_45' title="bbox 97 4237 1778 4314; baseline 0.004 -26"><span class='ocrx_word' id='word_1_547' title='bbox 97 4243 147 4305; x_wconf 82' lang='lat' dir='ltr'>est,</span> <span class='ocrx_word' id='word_1_548' title='bbox 168 4242 199 4292; x_wconf 90' lang='lat' dir='ltr'>et</span> <span class='ocrx_word' id='word_1_549' title='bbox 213 4237 252 4292; x_wconf 90' lang='lat' dir='ltr'>sic</span> <span class='ocrx_word' id='word_1_550' title='bbox 271 4240 394 4311; x_wconf 89' lang='lat' dir='ltr'>spatium</span> <span class='ocrx_word' id='word_1_551' title='bbox 408 4242 523 4298; x_wconf 88' lang='lat' dir='ltr'>transiit</span> <span class='ocrx_word' id='word_1_552' title='bbox 538 4243 599 4300; x_wconf 86' lang='lat' dir='ltr'>fere</span> <span class='ocrx_word' id='word_1_553' title='bbox 611 4245 695 4299; x_wconf 92' lang='lat' dir='ltr'>unius</span> <span class='ocrx_word' id='word_1_554' title='bbox 708 4246 787 4302; x_wconf 79' lang='lat' dir='ltr'>hores</span> <span class='ocrx_word' id='word_1_555' title='bbox 799 4251 833 4302; x_wconf 93' lang='lat' dir='ltr'>nt</span> <span class='ocrx_word' id='word_1_556' title='bbox 847 4248 910 4303; x_wconf 90' lang='lat' dir='ltr'>nul·</span> <span class='ocrx_word' id='word_1_557' title='bbox 962 4249 1062 4298; x_wconf 90' lang='lat' dir='ltr'>cuncta</span> <span class='ocrx_word' id='word_1_558' title='bbox 1088 4244 1195 4314; x_wconf 84' lang='lat' dir='ltr'>templu</span> <span class='ocrx_word' id='word_1_559' title='bbox 1223 4257 1321 4297; x_wconf 90' lang='lat' dir='ltr'>eorum</span> <span class='ocrx_word' id='word_1_560' title='bbox 1348 4239 1563 4307; x_wconf 84' lang='lat' dir='ltr'>sacrificabant,</span> <span class='ocrx_word' id='word_1_561' title='bbox 1590 4237 1778 4310; x_wconf 87' lang='lat' dir='ltr'>hominesque</span> 
     </span>
     <span class='ocr_line' id='line_1_46' title="bbox 98 4328 1778 4411; baseline 0.002 -29"><span class='ocrx_word' id='word_1_562' title='bbox 98 4328 139 4383; x_wconf 89' lang='lat' dir='ltr'>lus</span> <span class='ocrx_word' id='word_1_563' title='bbox 149 4346 183 4384; x_wconf 81' lang='lat' dir='ltr'>ex</span> <span class='ocrx_word' id='word_1_564' title='bbox 197 4331 250 4401; x_wconf 87' lang='lat' dir='ltr'>eis,</span> <span class='ocrx_word' id='word_1_565' title='bbox 261 4331 311 4404; x_wconf 89' lang='lat' dir='ltr'>qui</span> <span class='ocrx_word' id='word_1_566' title='bbox 322 4333 433 4389; x_wconf 89' lang='lat' dir='ltr'>dudum</span> <span class='ocrx_word' id='word_1_567' title='bbox 447 4337 566 4392; x_wconf 88' lang='lat' dir='ltr'>clamosi</span> <span class='ocrx_word' id='word_1_568' title='bbox 576 4344 605 4394; x_wconf 88' lang='lat' dir='ltr'>et</span> <span class='ocrx_word' id='word_1_569' title='bbox 619 4338 787 4411; x_wconf 89' lang='lat' dir='ltr'>eloquentes</span> <span class='ocrx_word' id='word_1_570' title='bbox 798 4341 913 4397; x_wconf 85' lang='lat' dir='ltr'>exstite·</span> <span class='ocrx_word' id='word_1_571' title='bbox 961 4336 1113 4408; x_wconf 77' lang='lat' dir='ltr'>prestigiis</span> <span class='ocrx_word' id='word_1_572' title='bbox 1132 4336 1190 4392; x_wconf 90' lang='lat' dir='ltr'>suis</span> <span class='ocrx_word' id='word_1_573' title='bbox 1207 4334 1299 4391; x_wconf 75' lang='lat' dir='ltr'>sullu-</span> <span class='ocrx_word' id='word_1_574' title='bbox 1316 4334 1395 4404; x_wconf 86' lang='lat' dir='ltr'>furos,</span> <span class='ocrx_word' id='word_1_575' title='bbox 1409 4333 1561 4405; x_wconf 86' lang='lat' dir='ltr'>subitoque</span> <span class='ocrx_word' id='word_1_576' title='bbox 1576 4333 1684 4388; x_wconf 89' lang='lat' dir='ltr'>solutos</span> <span class='ocrx_word' id='word_1_577' title='bbox 1696 4331 1778 4386; x_wconf 88' lang='lat' dir='ltr'>facie·</span> 
     </span>
     <span class='ocr_line' id='line_1_47' title="bbox 98 4421 1778 4536; baseline 0.002 -60"><span class='ocrx_word' id='word_1_578' title='bbox 98 4421 162 4491; x_wconf 87' lang='lat' dir='ltr'>rint,</span> <span class='ocrx_word' id='word_1_579' title='bbox 173 4424 282 4496; x_wconf 88' lang='lat' dir='ltr'>aliquid</span> <span class='ocrx_word' id='word_1_580' title='bbox 295 4430 392 4497; x_wconf 88' lang='lat' dir='ltr'>posset</span> <span class='ocrx_word' id='word_1_581' title='bbox 402 4429 572 4502; x_wconf 84' lang='lat' dir='ltr'>exprimere.</span> <span class='ocrx_word' id='word_1_582' title='bbox 586 4430 1044 4536; x_wconf 78' lang='lat' dir='ltr'>DeindeloquiamegisDbant,</span> <span class='ocrx_word' id='word_1_583' title='bbox 1071 4429 1165 4485; x_wconf 89' lang='lat' dir='ltr'>subito</span> <span class='ocrx_word' id='word_1_584' title='bbox 1197 4445 1287 4485; x_wconf 77' lang='lat' dir='ltr'>cecos</span> <span class='ocrx_word' id='word_1_585' title='bbox 1315 4434 1343 4484; x_wconf 92' lang='lat' dir='ltr'>et</span> <span class='ocrx_word' id='word_1_586' title='bbox 1374 4430 1480 4485; x_wconf 90' lang='lat' dir='ltr'>iterum</span> <span class='ocrx_word' id='word_1_587' title='bbox 1513 4426 1658 4494; x_wconf 87' lang='lat' dir='ltr'>videntes,</span> <span class='ocrx_word' id='word_1_588' title='bbox 1684 4423 1778 4480; x_wconf 89' lang='lat' dir='ltr'>subito</span> 
     </span>
     <span class='ocr_line' id='line_1_48' title="bbox 99 4517 1777 4597; baseline -0.008 -12"><span class='ocrx_word' id='word_1_589' title='bbox 99 4517 318 4587; x_wconf 60' lang='lat' dir='ltr'>missisunt,</span> <span class='ocrx_word' id='word_1_590' title='bbox 335 4521 546 4580; x_wconf 82' lang='lat' dir='ltr'>sedambulare</span> <span class='ocrx_word' id='word_1_591' title='bbox 561 4542 618 4581; x_wconf 90' lang='lat' dir='ltr'>non</span> <span class='ocrx_word' id='word_1_592' title='bbox 637 4533 811 4597; x_wconf 88' lang='lat' dir='ltr'>potuerunt;</span> <span class='ocrx_word' id='word_1_593' title='bbox 826 4529 910 4584; x_wconf 89' lang='lat' dir='ltr'>item·</span> <span class='ocrx_word' id='word_1_594' title='bbox 961 4526 1061 4582; x_wconf 91' lang='lat' dir='ltr'>surdos</span> <span class='ocrx_word' id='word_1_595' title='bbox 1091 4529 1120 4579; x_wconf 91' lang='lat' dir='ltr'>et</span> <span class='ocrx_word' id='word_1_596' title='bbox 1145 4525 1249 4579; x_wconf 91' lang='lat' dir='ltr'>iterum</span> <span class='ocrx_word' id='word_1_597' title='bbox 1277 4522 1438 4578; x_wconf 88' lang='lat' dir='ltr'>audientes.</span> <span class='ocrx_word' id='word_1_598' title='bbox 1463 4520 1507 4577; x_wconf 89' lang='lat' dir='ltr'>Sic</span> <span class='ocrx_word' id='word_1_599' title='bbox 1541 4519 1575 4574; x_wconf 92' lang='lat' dir='ltr'>de</span> <span class='ocrx_word' id='word_1_600' title='bbox 1606 4519 1651 4574; x_wconf 91' lang='lat' dir='ltr'>his</span> <span class='ocrx_word' id='word_1_601' title='bbox 1681 4517 1777 4573; x_wconf 87' lang='lat' dir='ltr'>luditi-</span> 
     </span>
     <span class='ocr_line' id='line_1_49' title="bbox 101 4611 1778 4690; baseline -0.008 -9"><span class='ocrx_word' id='word_1_602' title='bbox 101 4626 150 4681; x_wconf 69' lang='lat' dir='ltr'>¹1⁰e</span> <span class='ocrx_word' id='word_1_603' title='bbox 170 4616 288 4686; x_wconf 60' lang='lat' dir='ltr'>Muto</span> <span class='ocrx_word' id='word_1_604' title='bbox 309 4620 910 4690; x_wconf 80' lang='lat' dir='ltr'>gressu,apcrusocu1isniniluuerunt.</span> <span class='ocrx_word' id='word_1_605' title='bbox 961 4620 1083 4688; x_wconf 88' lang='lat' dir='ltr'>cabant,</span> <span class='ocrx_word' id='word_1_606' title='bbox 1109 4618 1158 4690; x_wconf 90' lang='lat' dir='ltr'>qui</span> <span class='ocrx_word' id='word_1_607' title='bbox 1188 4617 1272 4674; x_wconf 94' lang='lat' dir='ltr'>idolis</span> <span class='ocrx_word' id='word_1_608' title='bbox 1303 4616 1508 4682; x_wconf 90' lang='lat' dir='ltr'>immolabant,</span> <span class='ocrx_word' id='word_1_609' title='bbox 1539 4614 1639 4685; x_wconf 89' lang='lat' dir='ltr'>suique</span> <span class='ocrx_word' id='word_1_610' title='bbox 1671 4611 1778 4668; x_wconf 80' lang='lat' dir='ltr'>similes</span> 
     </span>
     <span class='ocr_line' id='line_1_50' title="bbox 100 4703 1054 4788; baseline 0.008 -28"><span class='ocrx_word' id='word_1_611' title='bbox 100 4703 157 4760; x_wconf 77' lang='lat' dir='ltr'>uec</span> <span class='ocrx_word' id='word_1_612' title='bbox 183 4706 314 4764; x_wconf 78' lang='lat' dir='ltr'>videntes</span> <span class='ocrx_word' id='word_1_613' title='bbox 340 4720 529 4782; x_wconf 83' lang='lat' dir='ltr'>expaverunt,</span> <span class='ocrx_word' id='word_1_614' title='bbox 555 4729 712 4787; x_wconf 87' lang='lat' dir='ltr'>magosque</span> <span class='ocrx_word' id='word_1_615' title='bbox 739 4716 833 4788; x_wconf 90' lang='lat' dir='ltr'>magis</span> <span class='ocrx_word' id='word_1_616' title='bbox 860 4734 911 4788; x_wconf 94' lang='lat' dir='ltr'>pro</span> <span class='ocrx_word' id='word_1_617' title='bbox 962 4718 1054 4770; x_wconf 89' lang='lat' dir='ltr'>erant.</span> 
     </span>
     <span class='ocr_line' id='line_1_51' title="bbox 101 4798 1778 4883; baseline -0.001 -28"><span class='ocrx_word' id='word_1_618' title='bbox 101 4798 198 4856; x_wconf 85' lang='lat' dir='ltr'>timore</span> <span class='ocrx_word' id='word_1_619' title='bbox 211 4818 301 4874; x_wconf 87' lang='lat' dir='ltr'>quem</span> <span class='ocrx_word' id='word_1_620' title='bbox 317 4820 416 4860; x_wconf 87' lang='lat' dir='ltr'>amore</span> <span class='ocrx_word' id='word_1_621' title='bbox 431 4806 544 4862; x_wconf 81' lang='lat' dir='ltr'>reveriti</span> <span class='ocrx_word' id='word_1_622' title='bbox 558 4811 633 4865; x_wconf 90' lang='lat' dir='ltr'>suut.</span> <span class='ocrx_word' id='word_1_623' title='bbox 651 4809 819 4881; x_wconf 86' lang='lat' dir='ltr'>liujusmodi</span> <span class='ocrx_word' id='word_1_624' title='bbox 835 4827 912 4883; x_wconf 92' lang='lat' dir='ltr'>spec·</span> <span class='ocrx_word' id='word_1_625' title='bbox 997 4805 1153 4882; x_wconf 72' lang='lat' dir='ltr'>apostolia</span> <span class='ocrx_word' id='word_1_626' title='bbox 1173 4821 1241 4879; x_wconf 89' lang='lat' dir='ltr'>rege</span> <span class='ocrx_word' id='word_1_627' title='bbox 1261 4808 1291 4861; x_wconf 90' lang='lat' dir='ltr'>et</span> <span class='ocrx_word' id='word_1_628' title='bbox 1309 4822 1326 4860; x_wconf 90' lang='lat' dir='ltr'>a</span> <span class='ocrx_word' id='word_1_629' title='bbox 1346 4802 1417 4859; x_wconf 91' lang='lat' dir='ltr'>duce</span> <span class='ocrx_word' id='word_1_630' title='bbox 1430 4800 1525 4874; x_wconf 89' lang='lat' dir='ltr'>rogati</span> <span class='ocrx_word' id='word_1_631' title='bbox 1546 4798 1733 4855; x_wconf 88' lang='lat' dir='ltr'>morabantur</span> <span class='ocrx_word' id='word_1_632' title='bbox 1749 4799 1778 4855; x_wconf 94' lang='lat' dir='ltr'>in</span> 
     </span>
     <span class='ocr_line' id='line_1_52' title="bbox 101 4893 1780 4976; baseline 0.002 -29"><span class='ocrx_word' id='word_1_633' title='bbox 101 4893 222 4950; x_wconf 85' lang='lat' dir='ltr'>taculum</span> <span class='ocrx_word' id='word_1_634' title='bbox 246 4911 264 4950; x_wconf 90' lang='lat' dir='ltr'>a</span> <span class='ocrx_word' id='word_1_635' title='bbox 285 4897 379 4967; x_wconf 91' lang='lat' dir='ltr'>primo</span> <span class='ocrx_word' id='word_1_636' title='bbox 405 4915 491 4956; x_wconf 87' lang='lat' dir='ltr'>mane</span> <span class='ocrx_word' id='word_1_637' title='bbox 514 4918 604 4973; x_wconf 91' lang='lat' dir='ltr'>usque</span> <span class='ocrx_word' id='word_1_638' title='bbox 626 4903 661 4958; x_wconf 88' lang='lat' dir='ltr'>ad</span> <span class='ocrx_word' id='word_1_639' title='bbox 681 4903 780 4959; x_wconf 88' lang='lat' dir='ltr'>boram</span> <span class='ocrx_word' id='word_1_640' title='bbox 802 4911 911 4961; x_wconf 83' lang='lat' dir='ltr'>sextam</span> <span class='ocrx_word' id='word_1_641' title='bbox 963 4901 1125 4976; x_wconf 82' lang='lat' dir='ltr'>Babylonia,</span> <span class='ocrx_word' id='word_1_642' title='bbox 1145 4900 1175 4956; x_wconf 95' lang='lat' dir='ltr'>in</span> <span class='ocrx_word' id='word_1_643' title='bbox 1200 4899 1319 4958; x_wconf 90' lang='lat' dir='ltr'>nomine</span> <span class='ocrx_word' id='word_1_644' title='bbox 1344 4896 1458 4953; x_wconf 82' lang='lat' dir='ltr'>Domini</span> <span class='ocrx_word' id='word_1_645' title='bbox 1480 4894 1619 4950; x_wconf 86' lang='lat' dir='ltr'>facientes</span> <span class='ocrx_word' id='word_1_646' title='bbox 1638 4893 1780 4951; x_wconf 87' lang='lat' dir='ltr'>mirabilia</span> 
     </span>
     <span class='ocr_line' id='line_1_53' title="bbox 101 4988 1779 5069; baseline 0.002 -30"><span class='ocrx_word' id='word_1_647' title='bbox 101 4988 262 5058; x_wconf 83' lang='lat' dir='ltr'>explicitum</span> <span class='ocrx_word' id='word_1_648' title='bbox 281 4996 333 5059; x_wconf 88' lang='lat' dir='ltr'>est,</span> <span class='ocrx_word' id='word_1_649' title='bbox 348 4999 378 5049; x_wconf 91' lang='lat' dir='ltr'>et</span> <span class='ocrx_word' id='word_1_650' title='bbox 397 4993 492 5050; x_wconf 88' lang='lat' dir='ltr'>tristes</span> <span class='ocrx_word' id='word_1_651' title='bbox 512 4995 643 5052; x_wconf 87' lang='lat' dir='ltr'>advocati</span> <span class='ocrx_word' id='word_1_652' title='bbox 660 5014 725 5053; x_wconf 89' lang='lat' dir='ltr'>cum</span> <span class='ocrx_word' id='word_1_653' title='bbox 743 4998 912 5055; x_wconf 89' lang='lat' dir='ltr'>confusione</span> <span class='ocrx_word' id='word_1_654' title='bbox 962 5013 1076 5069; x_wconf 82' lang='lat' dir='ltr'>ariagne,</span> <span class='ocrx_word' id='word_1_655' title='bbox 1099 4995 1191 5052; x_wconf 89' lang='lat' dir='ltr'>surdis</span> <span class='ocrx_word' id='word_1_656' title='bbox 1212 4993 1365 5049; x_wconf 87' lang='lat' dir='ltr'>reddentes</span> <span class='ocrx_word' id='word_1_657' title='bbox 1388 4989 1529 5060; x_wconf 90' lang='lat' dir='ltr'>auditum,</span> <span class='ocrx_word' id='word_1_658' title='bbox 1553 4988 1779 5045; x_wconf 90' lang='lat' dir='ltr'>claudicantibus</span> 
     </span>
     <span class='ocr_line' id='line_1_54' title="bbox 100 5078 1778 5165; baseline -0.013 -7"><span class='ocrx_word' id='word_1_659' title='bbox 100 5078 131 5134; x_wconf 69' lang='lat' dir='ltr'>&#39;d</span> <span class='ocrx_word' id='word_1_660' title='bbox 149 5080 254 5138; x_wconf 71' lang='lat' dir='ltr'>d⁰¹¹¹⁰³</span> <span class='ocrx_word' id='word_1_661' title='bbox 267 5100 333 5140; x_wconf 72' lang='lat'>⁸⁰³⁸</span> <span class='ocrx_word' id='word_1_662' title='bbox 343 5095 556 5146; x_wconf 64' lang='lat' dir='ltr'>remeaverunt·</span> <span class='ocrx_word' id='word_1_663' title='bbox 963 5107 1105 5165; x_wconf 89' lang='lat' dir='ltr'>gressum,</span> <span class='ocrx_word' id='word_1_664' title='bbox 1118 5105 1209 5145; x_wconf 87' lang='lat' dir='ltr'>caecos</span> <span class='ocrx_word' id='word_1_665' title='bbox 1227 5087 1434 5155; x_wconf 88' lang='lat' dir='ltr'>illuminantes,</span> <span class='ocrx_word' id='word_1_666' title='bbox 1449 5085 1578 5156; x_wconf 89' lang='lat' dir='ltr'>leprosos</span> <span class='ocrx_word' id='word_1_667' title='bbox 1597 5083 1778 5149; x_wconf 84' lang='lat' dir='ltr'>mundantes,</span> 
     </span>
     <span class='ocr_line' id='line_1_55' title="bbox 130 5174 1780 5258; baseline 0.002 -29"><span class='ocrx_word' id='word_1_668' title='bbox 130 5174 217 5230; x_wconf 82' lang='lat' dir='ltr'>Porro</span> <span class='ocrx_word' id='word_1_669' title='bbox 240 5175 300 5233; x_wconf 84' lang='lat' dir='ltr'>dux</span> <span class='ocrx_word' id='word_1_670' title='bbox 319 5182 464 5250; x_wconf 86' lang='lat' dir='ltr'>apostolis,</span> <span class='ocrx_word' id='word_1_671' title='bbox 484 5201 555 5255; x_wconf 85' lang='lat' dir='ltr'>quos</span> <span class='ocrx_word' id='word_1_672' title='bbox 577 5186 656 5242; x_wconf 84' lang='lat' dir='ltr'>valde</span> <span class='ocrx_word' id='word_1_673' title='bbox 679 5186 826 5258; x_wconf 89' lang='lat' dir='ltr'>diligebat,</span> <span class='ocrx_word' id='word_1_674' title='bbox 851 5190 912 5244; x_wconf 76' lang='lat' dir='ltr'>hec</span> <span class='ocrx_word' id='word_1_675' title='bbox 963 5186 1109 5243; x_wconf 75' lang='lat' dir='ltr'>demones</span> <span class='ocrx_word' id='word_1_676' title='bbox 1127 5200 1163 5240; x_wconf 88' lang='lat' dir='ltr'>ex</span> <span class='ocrx_word' id='word_1_677' title='bbox 1182 5181 1305 5237; x_wconf 89' lang='lat' dir='ltr'>obsessis</span> <span class='ocrx_word' id='word_1_678' title='bbox 1325 5178 1492 5253; x_wconf 87' lang='lat' dir='ltr'>corporibus</span> <span class='ocrx_word' id='word_1_679' title='bbox 1513 5178 1656 5250; x_wconf 90' lang='lat' dir='ltr'>fugantes.</span> <span class='ocrx_word' id='word_1_680' title='bbox 1680 5178 1780 5234; x_wconf 89' lang='lat' dir='ltr'>llultos</span> 
     </span>
     <span class='ocr_line' id='line_1_56' title="bbox 101 5268 1780 5353; baseline 0.002 -31"><span class='ocrx_word' id='word_1_681' title='bbox 101 5268 196 5325; x_wconf 89' lang='lat' dir='ltr'>omnia</span> <span class='ocrx_word' id='word_1_682' title='bbox 215 5273 369 5344; x_wconf 85' lang='lat' dir='ltr'>enarravit,</span> <span class='ocrx_word' id='word_1_683' title='bbox 383 5281 412 5331; x_wconf 89' lang='lat' dir='ltr'>et</span> <span class='ocrx_word' id='word_1_684' title='bbox 425 5278 572 5347; x_wconf 78' lang='lat' dir='ltr'>prefatam</span> <span class='ocrx_word' id='word_1_685' title='bbox 591 5280 808 5337; x_wconf 86' lang='lat' dir='ltr'>advocationem</span> <span class='ocrx_word' id='word_1_686' title='bbox 823 5283 853 5337; x_wconf 93' lang='lat' dir='ltr'>in</span> <span class='ocrx_word' id='word_1_687' title='bbox 866 5284 913 5339; x_wconf 92' lang='lat' dir='ltr'>do·</span> <span class='ocrx_word' id='word_1_688' title='bbox 962 5297 1032 5353; x_wconf 89' lang='lat' dir='ltr'>ergo</span> <span class='ocrx_word' id='word_1_689' title='bbox 1051 5278 1202 5351; x_wconf 88' lang='lat' dir='ltr'>discipulos</span> <span class='ocrx_word' id='word_1_690' title='bbox 1220 5275 1364 5332; x_wconf 83' lang='lat' dir='ltr'>habebant</span> <span class='ocrx_word' id='word_1_691' title='bbox 1381 5291 1416 5330; x_wconf 83' lang='lat' dir='ltr'>ex</span> <span class='ocrx_word' id='word_1_692' title='bbox 1435 5273 1540 5346; x_wconf 88' lang='lat' dir='ltr'>quibus</span> <span class='ocrx_word' id='word_1_693' title='bbox 1554 5272 1734 5344; x_wconf 87' lang='lat' dir='ltr'>presbyteros</span> <span class='ocrx_word' id='word_1_694' title='bbox 1751 5275 1780 5326; x_wconf 88' lang='lat' dir='ltr'>et</span> 
     </span>
     <span class='ocr_line' id='line_1_57' title="bbox 98 5367 1653 5445; baseline 0.003 -28"><span class='ocrx_word' id='word_1_695' title='bbox 98 5377 174 5419; x_wconf 83' lang='lat' dir='ltr'>marn</span> <span class='ocrx_word' id='word_1_696' title='bbox 192 5379 276 5421; x_wconf 82' lang='lat' dir='ltr'>suam</span> <span class='ocrx_word' id='word_1_697' title='bbox 295 5370 470 5440; x_wconf 83' lang='lat' dir='ltr'>convocavit,</span> <span class='ocrx_word' id='word_1_698' title='bbox 490 5375 520 5428; x_wconf 90' lang='lat' dir='ltr'>et</span> <span class='ocrx_word' id='word_1_699' title='bbox 537 5375 678 5445; x_wconf 89' lang='lat' dir='ltr'>apostolos</span> <span class='ocrx_word' id='word_1_700' title='bbox 699 5375 745 5432; x_wconf 82' lang='lat' dir='ltr'>Dei</span> <span class='ocrx_word' id='word_1_701' title='bbox 767 5376 912 5433; x_wconf 89' lang='lat' dir='ltr'>Simonem</span> <span class='ocrx_word' id='word_1_702' title='bbox 963 5375 1096 5432; x_wconf 88' lang='lat' dir='ltr'>diacones</span> <span class='ocrx_word' id='word_1_703' title='bbox 1110 5377 1140 5429; x_wconf 92' lang='lat' dir='ltr'>et</span> <span class='ocrx_word' id='word_1_704' title='bbox 1154 5372 1271 5428; x_wconf 87' lang='lat' dir='ltr'>clericos</span> <span class='ocrx_word' id='word_1_705' title='bbox 1286 5369 1316 5425; x_wconf 94' lang='lat' dir='ltr'>in</span> <span class='ocrx_word' id='word_1_706' title='bbox 1330 5368 1454 5424; x_wconf 82' lang='lat' dir='ltr'>ecclesiis</span> <span class='ocrx_word' id='word_1_707' title='bbox 1470 5367 1653 5423; x_wconf 89' lang='lat' dir='ltr'>ordinabant.</span> 
     </span>
     <span class='ocr_line' id='line_1_58' title="bbox 99 5457 1778 5543; baseline 0.002 -31"><span class='ocrx_word' id='word_1_708' title='bbox 99 5457 292 5516; x_wconf 74' lang='lat' dir='ltr'>saturanicis</span> <span class='ocrx_word' id='word_1_709' title='bbox 308 5463 439 5534; x_wconf 89' lang='lat' dir='ltr'>protulit,</span> <span class='ocrx_word' id='word_1_710' title='bbox 456 5482 508 5537; x_wconf 88' lang='lat' dir='ltr'>per</span> <span class='ocrx_word' id='word_1_711' title='bbox 520 5482 592 5538; x_wconf 88' lang='lat' dir='ltr'>quos</span> <span class='ocrx_word' id='word_1_712' title='bbox 607 5468 720 5526; x_wconf 89' lang='lat' dir='ltr'>vincere</span> <span class='ocrx_word' id='word_1_713' title='bbox 734 5486 835 5542; x_wconf 90' lang='lat' dir='ltr'>magos</span> <span class='ocrx_word' id='word_1_714' title='bbox 851 5487 913 5543; x_wconf 80' lang='lat' dir='ltr'>pos</span> <span class='ocrx_word' id='word_1_715' title='bbox 998 5467 1039 5523; x_wconf 93' lang='lat' dir='ltr'>lbi</span> <span class='ocrx_word' id='word_1_716' title='bbox 1053 5467 1112 5522; x_wconf 86' lang='lat' dir='ltr'>ulia</span> <span class='ocrx_word' id='word_1_717' title='bbox 1127 5465 1259 5521; x_wconf 91' lang='lat' dir='ltr'>ditissimi</span> <span class='ocrx_word' id='word_1_718' title='bbox 1272 5469 1393 5535; x_wconf 81' lang='lat' dir='ltr'>satrapae</span> <span class='ocrx_word' id='word_1_719' title='bbox 1408 5465 1543 5532; x_wconf 89' lang='lat' dir='ltr'>corrupta</span> <span class='ocrx_word' id='word_1_720' title='bbox 1554 5459 1717 5532; x_wconf 89' lang='lat' dir='ltr'>parturiens</span> <span class='ocrx_word' id='word_1_721' title='bbox 1729 5477 1778 5532; x_wconf 91' lang='lat' dir='ltr'>pe·</span> 
     </span>
     <span class='ocr_line' id='line_1_59' title="bbox 99 5553 1781 5631; baseline -0.01 -8"><span class='ocrx_word' id='word_1_722' title='bbox 99 5558 168 5622; x_wconf 60' lang='lat'><strong>¹⁶⁸²,</strong></span> <span class='ocrx_word' id='word_1_723' title='bbox 193 5553 217 5608; x_wconf 66' lang='lat'>⁵5</span> <span class='ocrx_word' id='word_1_724' title='bbox 245 5555 363 5612; x_wconf 79' lang='lat' dir='ltr'>monitis</span> <span class='ocrx_word' id='word_1_725' title='bbox 387 5574 491 5616; x_wconf 81' lang='lat' dir='ltr'>eornm</span> <span class='ocrx_word' id='word_1_726' title='bbox 514 5561 751 5621; x_wconf 87' lang='lat' dir='ltr'>obsecundarent.</span> <span class='ocrx_word' id='word_1_727' title='bbox 773 5559 924 5621; x_wconf 79' lang='lat' dir='ltr'>Advocati</span> <span class='ocrx_word' id='word_1_728' title='bbox 963 5561 1194 5631; x_wconf 88' lang='lat' dir='ltr'>riclitabatur,et</span> <span class='ocrx_word' id='word_1_729' title='bbox 1214 5557 1382 5615; x_wconf 87' lang='lat' dir='ltr'>Eustosinus</span> <span class='ocrx_word' id='word_1_730' title='bbox 1397 5555 1534 5611; x_wconf 90' lang='lat' dir='ltr'>diaconus</span> <span class='ocrx_word' id='word_1_731' title='bbox 1557 5554 1592 5609; x_wconf 91' lang='lat' dir='ltr'>de</span> <span class='ocrx_word' id='word_1_732' title='bbox 1609 5554 1709 5610; x_wconf 90' lang='lat' dir='ltr'>incesti</span> <span class='ocrx_word' id='word_1_733' title='bbox 1728 5555 1781 5608; x_wconf 89' lang='lat' dir='ltr'>cri-</span> 
     </span>
     <span class='ocr_line' id='line_1_60' title="bbox 98 5647 1782 5727; baseline 0.001 -27"><span class='ocrx_word' id='word_1_734' title='bbox 98 5659 171 5712; x_wconf 80' lang='lat' dir='ltr'>sero,</span> <span class='ocrx_word' id='word_1_735' title='bbox 189 5651 222 5702; x_wconf 94' lang='lat' dir='ltr'>ut</span> <span class='ocrx_word' id='word_1_736' title='bbox 239 5647 376 5705; x_wconf 79' lang='lat' dir='ltr'>viderunt</span> <span class='ocrx_word' id='word_1_737' title='bbox 392 5650 527 5709; x_wconf 90' lang='lat' dir='ltr'>homines</span> <span class='ocrx_word' id='word_1_738' title='bbox 541 5655 678 5712; x_wconf 87' lang='lat' dir='ltr'>vilissima</span> <span class='ocrx_word' id='word_1_739' title='bbox 698 5658 811 5714; x_wconf 90' lang='lat' dir='ltr'>indutos</span> <span class='ocrx_word' id='word_1_740' title='bbox 824 5662 911 5726; x_wconf 91' lang='lat' dir='ltr'>veste,</span> <span class='ocrx_word' id='word_1_741' title='bbox 964 5657 1044 5712; x_wconf 89' lang='lat' dir='ltr'>mine</span> <span class='ocrx_word' id='word_1_742' title='bbox 1066 5654 1270 5727; x_wconf 90' lang='lat' dir='ltr'>impetebatur.</span> <span class='ocrx_word' id='word_1_743' title='bbox 1296 5652 1352 5706; x_wconf 88' lang='lat' dir='ltr'>lloc</span> <span class='ocrx_word' id='word_1_744' title='bbox 1372 5648 1521 5705; x_wconf 88' lang='lat' dir='ltr'>audientes</span> <span class='ocrx_word' id='word_1_745' title='bbox 1543 5647 1672 5719; x_wconf 90' lang='lat' dir='ltr'>apostoli,</span> <span class='ocrx_word' id='word_1_746' title='bbox 1691 5648 1782 5719; x_wconf 86' lang='lat' dir='ltr'>jusse-</span> 
     </span>
     <span class='ocr_line' id='line_1_61' title="bbox 97 5739 1782 5825; baseline -0.005 -24"><span class='ocrx_word' id='word_1_747' title='bbox 97 5740 175 5813; x_wconf 68' lang='lat' dir='ltr'>qwi</span> <span class='ocrx_word' id='word_1_748' title='bbox 192 5739 342 5817; x_wconf 80' lang='lat' dir='ltr'>despectui</span> <span class='ocrx_word' id='word_1_749' title='bbox 356 5762 405 5800; x_wconf 92' lang='lat' dir='ltr'>eos</span> <span class='ocrx_word' id='word_1_750' title='bbox 419 5756 568 5820; x_wconf 83' lang='lat' dir='ltr'>coeperunt</span> <span class='ocrx_word' id='word_1_751' title='bbox 582 5751 701 5817; x_wconf 84' lang='lat' dir='ltr'>liabere;</span> <span class='ocrx_word' id='word_1_752' title='bbox 715 5768 838 5825; x_wconf 88' lang='lat' dir='ltr'>quorum</span> <span class='ocrx_word' id='word_1_753' title='bbox 852 5756 913 5808; x_wconf 90' lang='lat' dir='ltr'>tur·</span> <span class='ocrx_word' id='word_1_754' title='bbox 965 5755 1034 5807; x_wconf 92' lang='lat' dir='ltr'>runt</span> <span class='ocrx_word' id='word_1_755' title='bbox 1048 5754 1184 5823; x_wconf 88' lang='lat' dir='ltr'>parentes</span> <span class='ocrx_word' id='word_1_756' title='bbox 1198 5746 1299 5819; x_wconf 79' lang='lat' dir='ltr'>puellae</span> <span class='ocrx_word' id='word_1_757' title='bbox 1313 5748 1342 5799; x_wconf 90' lang='lat' dir='ltr'>ct</span> <span class='ocrx_word' id='word_1_758' title='bbox 1357 5744 1512 5798; x_wconf 88' lang='lat' dir='ltr'>diacouem</span> <span class='ocrx_word' id='word_1_759' title='bbox 1525 5742 1635 5810; x_wconf 87' lang='lat' dir='ltr'>adesse,</span> <span class='ocrx_word' id='word_1_760' title='bbox 1648 5744 1679 5795; x_wconf 83' lang='lat' dir='ltr'>ct</span> <span class='ocrx_word' id='word_1_761' title='bbox 1688 5740 1782 5795; x_wconf 86' lang='lat' dir='ltr'>infan-</span> 
     </span>
    </p>
   </div>
   <div class='ocr_carea' id='block_1_6' title="bbox 0 0 1880 6046">
    <p class='ocr_par' dir='ltr' id='par_1_6' title="bbox 0 0 1880 6046">
     <span class='ocr_line' id='line_1_62' title="bbox 0 0 1880 6046; baseline 0 0"><span class='ocrx_word' id='word_1_762' title='bbox 0 0 1880 6046; x_wconf 95' lang='lat' dir='ltr'> </span> 
     </span>
    </p>
   </div>
  </div>
 </body>
</html>
