3750 6046
68 154 124 222 '82ss

496 169 650 228 lltstettta
671 170 933 229 eacthshlsttca.
948 200 982 211 -
996 172 1083 229 PARS
1101 171 1148 227 lll.
1165 201 1198 213 -
1213 172 1276 229 tiu.
1298 169 1341 228 lll.

1700 172 1753 230 830

63 285 150 356 lacto,
160 288 342 347 admiralium
356 295 385 346 et
408 298 533 349 castrum
544 295 688 351 etobsides
710 314 775 352 suos
800 314 881 369 cepe·
895 299 994 383 Alata
1007 296 1136 352 interisse
1149 301 1178 352 et
1192 296 1361 352 balduinum
1377 312 1475 369 regem
1497 313 1618 369 regnam
1637 299 1750 352 lerusa-

64 386 142 449 runt,
157 384 324 457 alacresque
348 386 406 441 lieo
427 387 533 458 gratias
557 395 701 457 canentes,
725 389 883 446 Jerusalem

64 477 189 547 regressi
229 485 305 535 sunt.
345 481 426 536 tiazis
464 486 560 537 autern
599 487 714 538 centum
759 484 882 539 millibus

62 567 200 627 bizanteis
219 574 312 629 aureis
336 591 396 629 sese
425 576 556 643 redemit,
582 577 753 650 llrmamque
781 594 881 649 pacem

62 662 231 721 Christianis
265 667 391 739 pepigit,
427 670 474 725 sed
512 669 540 724 in
575 670 739 744 principatu
777 688 883 745 parum

62 756 186 815 durarit.

96 849 210 905 Interea
233 850 336 926 [neq
360 851 428 906 dum
452 853 608 910 Balduinus
633 873 692 925 rex,
718 860 748 912 at
771 857 881 914 dictum

62 944 114 1011 est,
128 942 159 999 in
174 958 288 999 earcere
301 949 457 1014 teneretur,
471 952 500 1001 et
523 950 693 1020 egressionis
713 951 775 1022 ejus
787 952 881 1008 omnis

60 1050 127 1108 spes
140 1036 305 1094 Christianis
320 1055 394 1111 pene
410 1042 528 1097 omnino
549 1048 715 1115 negaretur,
736 1046 878 1119 lerosoly-

60 1131 337 1204 marumepiscopus
351 1133 460 1190 clerum
484 1139 513 1190 et
534 1137 673 1209 populum
702 1140 880 1197 commonuit

59 1239 96 1279 ne
111 1224 141 1279 in
157 1226 387 1283 tribulationibus
402 1228 567 1298 delicerent,
582 1232 630 1286 sed
646 1232 675 1287 in
688 1233 798 1289 Christo
812 1251 878 1289 can·

59 1319 191 1387 fidentes,
225 1321 336 1377 fortiter
362 1323 489 1379 Ethnicis
515 1324 677 1382 resisterent
709 1333 738 1382 et
771 1328 878 1384 bellicis

57 1415 146 1469 armis
160 1413 233 1470 linas
256 1432 321 1471 suos
334 1415 369 1471 ad
395 1417 510 1473 laudem
531 1419 690 1476 conditoris
715 1421 877 1478 dilatarent.

56 1507 147 1564 llissis
160 1508 258 1581 itaque
278 1510 382 1581 legatis
395 1510 425 1565 in
439 1512 561 1581 ltaliam,
579 1514 681 1569 ducem
695 1516 877 1572 Venetiarum

56 1617 125 1656 cum
152 1601 262 1675 ingenti
288 1604 374 1659 classe
405 1607 606 1675 accersierunt,
630 1612 657 1663 et
678 1610 794 1681 Tyrum,
818 1614 877 1666 tam

933 392 990 447 lem
1000 394 1028 445 et
1035 389 1227 461 principatum
1242 390 1541 463 Antiochiaeadeptam
1553 391 1749 463 luisse,ipsam

932 498 1048 556 qaoque
1064 500 1098 538 ex
1114 487 1195 554 parte
1211 483 1390 554 imperatoris
1403 483 1482 552 adiit,
1508 490 1536 539 ct
1559 484 1594 539 ab
1607 501 1641 538 ea
1661 483 1749 539 tiliam

932 593 1015 633 suam
1035 577 1065 631 ia
1089 576 1256 648 conjugium
1287 578 1404 632 loannis
1424 577 1578 649 requisivit.
1597 577 1749 633 ltalduinus

932 686 991 738 rex,
1006 669 1073 724 inde
1090 671 1210 742 gavisus,
1236 670 1407 741 legationem
1430 671 1562 742 suscepit,
1579 670 1747 742 petitionem

932 764 1044 831 anuuit,
1059 779 1176 835 procum
1191 763 1219 818 iu
1237 764 1402 831 Jerusalem,
1419 767 1447 819 et
1462 764 1550 819 tiliam
1571 781 1651 819 suam
1672 764 1748 820 vide·

931 863 983 927 ret,
1000 856 1113 923 direxit,
1127 860 1155 912 et
1177 873 1228 929 per
1250 873 1316 913 eum
1340 861 1448 913 secreta
1473 859 1580 930 reginoe
1605 858 1656 914 sati
1680 862 1747 913 uota

930 950 1086 1007 mandavit.
1095 950 1275 1006 ltarendiuos
1285 950 1381 1022 itaque
1393 951 1552 1007 Jerusalem
1560 952 1648 1021 venit,
1659 966 1747 1026 quem

930 1044 1107 1116 reginarum
1120 1045 1198 1117 prole
1213 1061 1264 1100 sua
1277 1044 1345 1099 satis
1358 1045 1490 1102 alacriter
1510 1046 1626 1118 recepit,
1643 1048 1672 1101 et
1687 1061 1748 1102 rna·

929 1138 976 1193 riti
993 1138 1133 1194 mandatis
1149 1138 1363 1210 obtemperarit.
1383 1140 1503 1213 Elegaas
1524 1140 1628 1212 puella,
1649 1155 1749 1212 proce·

929 1231 999 1286 dens
1013 1231 1043 1286 in
1056 1231 1212 1303 publicum,
1231 1232 1406 1289 intuentibus
1431 1235 1554 1289 multum
1576 1233 1692 1305 placuit,
1718 1236 1747 1289 et

929 1325 1067 1397 aptabiles
1083 1325 1141 1397 ipsa
1162 1342 1291 1381 rumores
1315 1325 1445 1393 audiens,
1466 1327 1569 1382 trustra
1584 1327 1744 1383 exsultarit.

928 1418 1001 1472 Nihil
1016 1419 1092 1473 enim
1108 1418 1205 1473 stabile
1220 1420 1261 1485 llt,
1277 1418 1332 1473 uisi
1345 1421 1420 1491 quad
1437 1421 1512 1475 solus
1530 1421 1662 1479 omnium
1686 1421 1744 1476 lac·

929 1518 974 1567 tor
1005 1512 1139 1584 disponit.
1176 1513 1299 1584 legatus
1332 1515 1450 1585 Augusti
1485 1532 1549 1570 carn
1574 1515 1745 1570 satellitibus

928 1605 997 1673 suis,
1013 1605 1151 1678 sociisque
1166 1606 1336 1678 peregrinis,
1351 1608 1381 1661 in
1390 1608 1514 1679 Cyprum
1528 1608 1651 1663 insulam
1666 1608 1744 1663 nari·

59 1693 165 1751 divinis
175 1713 261 1768 qaam
277 1699 457 1753 secularibus
475 1699 596 1756 inlibris
611 1702 749 1758 lamasam
765 1690 1125 1774 u1·uan1,Bgavit,etdax
1139 1700 1301 1772 Cypt'lcum
1317 1699 1366 1756 illo
1390 1705 1454 1772 pust
1475 1718 1508 1758 Π
1524 1702 1582 1756 dies
1607 1703 1744 1758 Constan-

56 1788 241 1858 obsederuut,
258 1796 286 1845 et
299 1809 351 1862 per
373 1809 451 1848 mare
468 1811 500 1848 ac
522 1812 573 1866 per
597 1799 702 1851 terram
724 1814 816 1869 usque
839 1797 875 1853 ad

56 1882 232 1939 deditionem
247 1891 469 1942 coarctaverunt.
492 1889 629 1961 lleriique,
657 1890 770 1946 subacta
791 1892 873 1961 urhe,

55 1978 215 2049 quemdam
235 1979 381 2049 clericum,
399 1982 515 2037 natione
536 1983 696 2053 huglicum,
721 1986 873 2055 presulem

56 2072 273 2147 ordinaverunt,
312 2080 338 2129 el
379 2076 526 2131 eeclesiam
569 2078 597 2132 in
637 2078 745 2134 honore
780 2079 874 2135 Sancti

55 2167 210 2223 Salvatoris
223 2172 301 2223 extra
324 2169 424 2224 arbem
448 2170 668 2240 mditicarerunt,
691 2174 718 2227 in
744 2174 805 2228 loco
826 2174 874 2228 ahi

54 2261 195 2316 Dominus
208 2261 287 2316 lesus
300 2262 409 2333 populis
425 2264 542 2319 verbum
560 2269 675 2320 aeterum
691 2267 787 2322 salutis
800 2283 872 2338 pirae-

54 2354 171 2425 dieavit,
181 2356 302 2411 etaltare
312 2356 441 2412 lecerunt
452 2358 486 2414 de
498 2358 605 2429 ingenti
618 2377 685 2414 saxo
696 2377 781 2432 supra
796 2361 872 2433 quod

53 2449 114 2520 ipse
129 2449 234 2504 docens
244 2450 314 2505 sedit
323 2469 331 2520 ;
341 2452 592 2524 inurbemqnippe
608 2454 872 2511 lucirmnncisarum

51 2543 146 2598 noluit
170 2542 293 2615 ingredi,
327 2561 362 2598 ne
396 2544 538 2600 rideretur
564 2547 668 2601 ludaris
696 2549 763 2603 dare
791 2566 872 2603 ocea-

53 2636 167 2691 sionem
195 2638 329 2705 scandali,
353 2639 375 2692 si
399 2638 469 2709 ipso,
486 2656 550 2694 cain
576 2641 709 2695 llehrreus
732 2647 817 2709 esset,
841 2644 871 2697 iu

52 2731 200 2785 civitatem
237 2731 369 2786 Gerrtinm
400 2732 553 2804 introisset,
584 2740 611 2789 et
635 2736 871 2791 communitatem

52 2840 118 2879 enm
135 2824 191 2879 illis
207 2825 357 2881 habuisset.
372 2828 410 2883 lte
425 2827 593 2897 fragmentis
606 2845 755 2900 vermquae
775 2830 872 2885 latomi

50 2919 85 2974 de
120 2918 239 2973 infermi
275 2919 367 2989 lapide
403 2921 535 2975 inarcnlis
569 2923 740 2992 eriilserant,
773 2924 872 2978 tideles

49 3012 241 3083 collegerunt,
269 3015 298 3066 et
324 3029 374 3084 per
401 3013 477 3069 urhis
500 3015 611 3070 climata
637 3034 687 3088 pro
716 3017 871 3073 llarninicm

49 3106 191 3161 sessionis
206 3107 364 3162 reverentia
375 3108 546 3178 detulerant,
561 3127 625 3181 qam
636 3111 664 3165 in
680 3112 793 3166 sacratis
804 3111 877 3167 iuter

53 3216 140 3255 saera
155 3199 275 3271 pignora
289 3200 355 3256 lacis
371 3202 509 3257 collocata
526 3208 602 3258 sarit.

126 3300 180 3355 XV.
197 3302 233 3355 lte
247 3301 323 3356 rebus
338 3305 366 3356 iu
376 3304 536 3373 principata
552 3304 702 3359 Antiochia
715 3307 806 3373 gestis.

929 1793 1080 1864 linopelim
1097 1793 1138 1847 ire
1152 1793 1283 1861 decrevit,
1305 1799 1334 1851 et
1353 1812 1454 1850 omnes
1475 1813 1562 1868 osque
1583 1795 1619 1851 ad
1640 1797 1744 1851 Pente·

924 1891 1022 1941 costen
1034 1885 1073 1941 ibi
1086 1887 1241 1942 honorilice
1256 1887 1390 1958 hospitari
1403 1890 1549 1961 praecepit.
1563 1888 1746 1962 igiturlonge

925 1980 1064 2052 apalatio
1094 1981 1155 2052 ejus
1177 1981 1207 2035 in
1236 1982 1299 2036 aula
1325 1983 1393 2038 satis
1420 1982 1584 2039 honorabili
1611 1981 1745 2054 hospitati

923 2078 999 2141 sunt,
1014 2080 1042 2128 et
1056 2079 1192 2130 statutum
1208 2080 1321 2147 tempus
1337 2093 1413 2148 agre
1427 2075 1634 2148 praestolantes,
1651 2077 1743 2149 cepio·

924 2184 988 2222 sum
1004 2183 1021 2221 a
1035 2167 1107 2222 duce
1121 2168 1226 2222 victum
1243 2178 1437 2241 susceperuut.

959 2262 1073 2316 interea
1095 2261 1150 2315 dur
1176 2264 1322 2317 communi
1347 2264 1467 2320 factione
1487 2282 1504 2320 a
1524 2265 1582 2319 suis
1605 2264 1634 2318 in
1658 2263 1743 2317 domu

923 2354 1094 2410 suaeccisus
1120 2359 1171 2423 est,
1197 2362 1227 2411 et
1253 2373 1308 2411 ana
1335 2357 1370 2411 de
1396 2358 1514 2430 singulis
1538 2357 1743 2427 naribusque

922 2447 985 2503 liris
1000 2448 1028 2503 in
1043 2448 1187 2504 maritima
1209 2450 1302 2505 littore
1325 2452 1459 2521 anchoris
1477 2450 1679 2519 consistebant,
1704 2452 1743 2504 ta·

922 2541 1001 2597 bulla
1014 2541 1158 2597 subtracta
1173 2547 1224 2598 est.
1249 2544 1320 2598 htors
1332 2543 1417 2600 etiam
1431 2545 1530 2617 legatis
1549 2549 1577 2599 et
1587 2542 1744 2616 peregrinis

922 2635 1084 2690 aleralibus
1101 2636 1250 2692 homicidis
1273 2638 1364 2709 palam
1382 2640 1523 2710 praefinita
1543 2643 1601 2707 est3
1626 2637 1675 2692 s'ed
1693 2652 1744 2707 per

922 2729 1076 2801 quemdam
1089 2729 1256 2802 sapientem,
1272 2732 1321 2804 qui
1338 2732 1461 2787 consiliis
1479 2749 1578 2787 eorum
1592 2733 1741 2801 intererat,

922 2822 1022 2877 callide
1037 2823 1196 2895 praepedita
1212 2824 1383 2881 emulteties
1399 2826 1543 2880 induciata
1558 2830 1610 2880 ost.
1630 2825 1744 2881 lticebat

924 2916 1000 2971 euim
1017 2939 1022 2970 ι
1041 2917 1151 2974 Obsecro
1173 2934 1229 2982 uos,
1245 2935 1259 2974 a
1269 2921 1372 2987 fratres
1394 2924 1419 2975 et
1443 2921 1534 2988 autrici,
1549 2926 1579 2975 ut
1602 2921 1643 2974 tu's
1657 2920 1741 2973 homi-

925 3001 1013 3064 uibus,
1030 3018 1083 3071 pra
1105 3002 1190 3056 sitlute
1214 3007 1301 3058 restra
1318 3007 1450 3073 parcatis,
1467 3009 1491 3058 et
1510 3004 1543 3057 ab
1573 3019 1673 3066 eoram,
1695 3005 1744 3073 qui

887 3063 996 3148 Cis'tut
1014 3095 1163 3164 aliquanda
1187 3102 1336 3151 secuerunt
1355 3099 1428 3152 uehis
1450 3100 1594 3169 suppanis
1617 3098 1743 3168 effusione

926 3204 1023 3244 manus
1036 3196 1137 3244 cestros
1156 3191 1323 3245 corstiuaotts.
1339 3193 1422 3247 Actus
1440 3198 1539 3248 uestras
1558 3195 1637 3260 trena
1652 3192 1741 3246 mede·

926 3284 1029 3336 remitit
1042 3283 1219 3347 discretionis,
1234 3291 1259 3338 et
1281 3291 1385 3339 statera
1408 3287 1590 3345 reatitudinis,
1610 3302 1642 3340 ne
1662 3285 1740 3340 scele-

87 3394 278 3462 Rawndims,
301 3395 419 3466 quidm„
439 3401 539 3467 potens
553 3400 674 3466 fimus,
695 3398 876 3453 Antiochiam
925 3392 986 3431 auru
1000 3379 1159 3432 extenuitate
1183 3384 1333 3433 vestrarum
1356 3381 1439 3433 iterun
1461 3386 1485 3433 rt
1509 3381 1627 3435 tornines
1649 3381 1677 3433 in
1698 3394 1743 3432 ros

48 3490 144 3556 nup,
176 3493 204 3543 ep
237 3489 411 3560 legationem
430 3491 609 3561 impemwsjs
636 3492 725 3548 pepp
752 3482 875 3564 poggpio
925 3472 1049 3531 irritetis,
1067 3477 1091 3525 ct
1109 3472 1230 3538 furorem
1253 3475 1431 3527 theatricarum
1442 3476 1595 3544 principum
1614 3476 1742 3542 utrinque

48 3582 188 3654 principi,
206 3582 239 3639 de
254 3600 310 3654 quo
325 3601 409 3655 snpra
420 3584 526 3639 dietum
541 3589 592 3652 est,
605 3586 747 3641 intimarit
763 3605 769 3641 ι
784 3587 874 3642 tiliam
925 3566 1086 3620 imminu&
1117 3566 1183 3620 ΕΜ
1207 3565 1412 3621 ‘'b‘'mi'labflfm
1438 3568 1564 3636 ⁰ffl'lls‘l'n
1588 3572 1616 3623 ‘''l
1636 3570 1743 3638 ‘lutus'

48 3675 162 3730 aefficep
175 3675 262 3748 ipsius
274 3678 386 3747 muni,
401 3677 459 3733 filio
479 3679 609 3750 Augusti,
626 3680 779 3751 conjugem
806 3680 876 3751 Peg,
926 3666 982 3714 tam
990 3658 1050 3727 jam
1066 3660 1256 3729 perpetrastis,
1271 3659 1391 3728 quiajos
1407 3663 1635 3732 rorrsrmpaincum
1651 3667 1676 3716 et
1689 3662 1739 3715 clu·

48 3768 102 3824 pp,
119 3769 272 3825 [nummus
285 3772 361 3826 enin,
378 3789 481 3826 rancor
494 3773 554 3843 „jus
578 3774 714 3844 paulam„
737 3774 875 3846 conquie.
925 3773 978 3811 cem
1001 3758 1107 3826 imperii
1129 3756 1396 3828 Corrsttmttnopolces
1419 3768 1551 3815 necturna
1566 3760 1635 3815 carte
1653 3776 1740 3815 trecas·

48 3869 145 3932 vemt,
180 3865 246 3936 quia
280 3864 366 3931 idem,
405 3866 543 3937 sapientia
578 3868 696 3938 ponens,
725 3868 875 3923 manifest„
927 3853 971 3903 tis.
995 3850 1093 3905 Adlruc
1118 3856 1205 3905 trauan
1229 3858 1323 3906 ceratia
1347 3853 1402 3922 ajars
1425 3855 1683 3909 animaduersionem
1704 3854 1741 3908 irat

47 3959 165 4013 viderat
194 3959 271 4029 qued
297 3959 427 4013 mortalis
464 3960 590 4015 conditio
617 3961 816 4015 Buarnandam
846 3965 875 4017 at
923 3945 1126 4014 501'0501tmt'l‘13
1150 3947 1273 4015 ''titides‘'
1291 3950 1414 4017 potestis,
1438 3951 1534 4019 ‘1¹¹²'th
1555 3949 1738 4005 iteradumno·

47 4051 377 4123 Tancredum,aliasque
394 4053 511 4108 rebelles
522 4053 717 4121 absorbuerat,
728 4054 871 4109 cassidem·
925 4040 1030 4094 Wssllt·
1049 4040 1158 4103 Verum,
1173 4042 1197 4093 δ”
1219 4044 1425 4112 uropnanr'raum
1439 4046 1636 4115 haizcipeaam
1656 4046 1739 4115 “illl“

50 4163 110 4219 qne
124 4145 152 4201 in
172 4146 303 4216 proximo
319 4146 531 4202 immineresihi
547 4148 704 4202 admodum
717 4148 872 4203 metriehat.
925 4133 1018 4189 ‘leitils
1046 4149 1133 4203 ''09⁰¹''
1160 4136 1394 4205 Jtl⁰⁸05tm⁰t2¹m>
1421 4142 1446 4193 εἴ
1466 4155 1498 4194 θῖΰ
1523 4144 1638 4210 u”atille
1660 4145 1741 4210 porte

86 4241 265 4310 Quapropter
278 4239 400 4295 decrerit
412 4242 581 4312 progeniem
590 4257 672 4296 suam
686 4241 787 4296 semini
810 4259 874 4296 can-
923 4231 997 4287 1³⁰0ss
1008 4232 1159 4287 iircuhurrit
1179 4235 1315 4304 Plaell'tll'b
1330 4236 1399 4305 quta
1421 4239 1552 4303 sectetis?
1571 4240 1627 4306 ΟΨ)
1647 4239 1738 4308 sirpe-

45 4332 174 4402 Jungera
187 4326 329 4384 bellicosae
338 4333 442 4401 gentis,
457 4336 489 4386 ut
499 4332 538 4385 sic
552 4332 651 4386 saltem
664 4332 874 4388 Antiochenam
926 4327 982 4380 lis?
998 4324 1045 4379 llis
1059 4325 1179 4397 allisque
1193 4328 1303 4398 sapiens
1317 4329 1402 4383 beros
1421 4328 1504 4384 dictis
1523 4330 1626 4386 ferales
1645 4331 1738 4386 hemi·

50 4424 246 4496 principatum
268 4424 357 4478 lueres
373 4425 433 4496 ejas
455 4425 658 4496 adipisceretur
672 4425 809 4481 altinitate
825 4434 911 4508 gel)
922 4420 999 4474 eides
1013 4421 1194 4491 cernpescuit,
1217 4426 1407 4495 cruentasque
1423 4441 1522 4479 manus
1537 4441 1554 4478 a
1571 4424 1679 4496 jugulis
1694 4424 1738 4479 iu·

50 4519 143 4586 pppis,
159 4517 410 4590 q110duultatpnus
433 4520 520 4574 armis
545 4520 729 4575 obtenturum
744 4538 773 4575 se
789 4523 873 4576 confi.
924 4519 1078 4568 nocentum
1093 4512 1136 4567 rix
1151 4513 1279 4583 retinuit,
1295 4523 1322 4570 et
1337 4518 1412 4571 circa
1427 4518 1530 4572 testum
1546 4517 1639 4573 Sancti
1659 4520 1740 4573 loan-

50 4612 138 4667 dehat
152 4611 268 4667 bellicis.
283 4613 434 4667 lhadatam
448 4631 517 4685 erge
536 4614 684 4686 Pelasgum
701 4615 872 4671 h'ormannis

50 4705 216 4774 destinarit,
232 4706 326 4777 quiin
343 4708 552 4777 praestolatione
564 4709 726 4763 eonnnunis
743 4710 870 4781 responsi

50 4816 140 4869 grase
165 4798 353 4854 intortunium
375 4800 503 4855 incurrit.
533 4802 613 4869 liam,
643 4802 710 4857 dum
735 4802 874 4874 praelatus

49 4893 138 4949 heras
162 4892 316 4948 Antiochia
339 4901 477 4964 rnaueret,
493 4899 566 4950 etex
592 4897 717 4967 generali
741 4897 871 4952 consultu

48 4986 221 5043 herioralsile
249 5004 416 5059 responsum
445 4993 634 5060 exspectaret,
648 4997 675 5046 et
697 4990 769 5045 amir
791 4991 872 5046 Garis

50 5082 162 5148 Perses,
174 5087 207 5136 ut
221 5097 307 5152 supra
329 5081 422 5149 retuli,
446 5083 516 5137 lines
533 5083 758 5139 Christianarum
780 5085 869 5156 impe·

50 5179 134 5231 tuose
160 5174 354 5246 irrumperet,
382 5176 577 5245 ltarendinos,
601 5194 664 5232 curn
688 5178 812 5248 ltogerio
842 5178 870 5233 in

50 5270 165 5325 hostem
181 5284 312 5340 pergens,
329 5273 429 5341 captus
443 5276 495 5339 est,
507 5277 533 5325 et
544 5289 577 5326 xv
595 5271 722 5326 millibus
735 5270 871 5327 bizanteis

51 5363 220 5433 redemptus
237 5367 287 5417 est.
309 5364 404 5436 ipsum
434 5382 548 5437 nempe,
568 5365 635 5437 quia
660 5365 772 5420 Grecos
799 5370 869 5435 crat,

49 5457 208 5513 Tareinon
222 5456 365 5523 loesernnt,
388 5460 472 5530 eique
494 5463 551 5513 tam
576 5475 628 5529 pro
649 5457 750 5513 notitia
772 5459 871 5515 vicina

51 5551 148 5623 gentis
162 5567 248 5622 qaam
269 5568 321 5622 pro
345 5554 441 5606 tarore
462 5552 593 5623 angusti,
619 5560 817 5624 pepercerunt,
843 5558 871 5608 ct

49 5648 167 5716 accepto
182 5645 390 5717 redemptione,
407 5650 438 5700 nt
453 5647 560 5701 dictam
586 5650 638 5714 est,
666 5647 802 5717 sospitem
826 5648 869 5702 di·

49 5739 204 5801 mearant.
222 5740 269 5801 ltle
286 5757 349 5798 sera
370 5741 468 5799 ridens
486 5742 642 5817 ltogeriaur
660 5758 725 5800 curu
742 5744 801 5799 tota
815 5741 868 5803 vir·

923 4608 966 4660 nis
979 4607 1124 4662 licentiam
1139 4607 1264 4663 abeundi
1280 4610 1321 4663 ris
1338 4611 1392 4664 illis
1405 4610 1536 4666 obtinuit.

959 4701 1084 4773 Denique
1100 4701 1145 4757 vir
1160 4701 1189 4755 in
1204 4701 1275 4757 duas
1296 4703 1407 4776 ingredi
1428 4709 1550 4759 vetustas
1571 4722 1656 4760 nares
1678 4722 1739 4777 per·

922 4793 1092 4862 missisunt,
1110 4800 1213 4851 etcum
1236 4796 1346 4869 ingenti
1372 4798 1547 4866 diltleultate,
1570 4802 1632 4872 post
1651 4797 1737 4869 pluri·

922 4905 983 4943 mes
1004 4887 1074 4959 dies,
1092 4889 1119 4944 in
1141 4889 1283 4961 illyricum
1305 4892 1514 4963 applicueruut,
1537 4897 1566 4947 et
1585 4892 1739 4947 securiores

921 4982 990 5037 inde
1012 5000 1063 5054 per
1078 4984 1161 5038 arbes
1182 4988 1332 5056 poetarum
1355 4985 1527 5040 carminibus
1551 4985 1673 5041 celebres
1693 4985 1739 5039 lli·

921 5076 1044 5132 zantium
1067 5077 1221 5149 petierant,
1234 5095 1286 5150 per
1300 5078 1423 5133 Athenas
1437 5080 1551 5150 scilieet,
1567 5079 1739 5152 eloquentia.

922 5176 1057 5241 matrem,
1074 5172 1236 5245 artiumque
1251 5172 1413 5228 liberalium
1432 5173 1628 5243 inventricem,
1646 5179 1674 5229 et
1687 5192 1739 5248 per

921 5265 1041 5336 Thebas,
1057 5269 1246 5337 tyrannorum
1258 5266 1385 5321 civilibus
1404 5267 1484 5323 bellis
1500 5268 1671 5325 inhiantium
1684 5285 1738 5324 nu·

922 5360 1035 5416 tricem.
1062 5359 1244 5417 llareudinos
1267 5378 1332 5416 vero
1360 5361 1447 5418 duros
1466 5380 1596 5419 rumores
1620 5365 1654 5420 de
1680 5381 1739 5419 suae

920 5455 1069 5527 legationis
1081 5455 1226 5510 ererrtihus
1248 5457 1369 5512 dominis
1393 5457 1460 5525 suis,
1486 5458 1624 5531 aquibus
1651 5460 1737 5515 ‹lesti-

923 5553 1005 5604 natus
1018 5551 1122 5617 luerat,
1150 5549 1259 5620 retulit,
1274 5554 1303 5605 et
1323 5554 1425 5608 multas
1450 5561 1563 5610 econtra
1585 5556 1614 5610 in
1630 5574 1737 5610 suam·

922 5644 1006 5715 gione
1018 5645 1191 5702 mutationes
1210 5647 1361 5719 contigisse
1386 5649 1511 5705 edidicit.
1540 5652 1568 5705 lu
1594 5651 1638 5705 his
1660 5651 1738 5706 cuim

922 5740 1206 5818 percunctationibus
1226 5742 1379 5803 tutaturus
1392 5762 1453 5817 rea,
1476 5748 1507 5800 ul
1528 5745 1655 5819 superius
1670 5744 1736 5797 atla-
