3750 6046
151 245 219 308 itta
753 233 756 237 ’
847 239 987 311 suarna
1005 256 1037 310 ιν
1057 252 1152 313 rnre
1794 254 1853 311 rm

184 378 244 448 Ego
257 378 363 431 tmarus
376 358 549 432 Tusculanus
563 376 722 451 episcopus.
1016 381 1168 452 gnosceris,
1185 380 1317 435 eumdem
1338 379 1494 450 primatum
1509 379 1630 467 debeas
1655 393 1751 450 super
1770 377 1854 433 omni·

186 473 245 540 Ego
259 470 375 526 Cautius
388 472 523 526 Portuen.
538 478 566 528 et
579 472 608 528 8.
625 474 733 529 ttulirm
746 474 903 546 episcopus.
1016 475 1069 529 bus
1086 474 1114 528 in
1131 478 1303 545 perpetuum
1322 473 1459 528 obtinere.
1473 473 1671 544 adjicientes
1692 474 1727 527 ut
1747 471 1851 542 privile

184 565 245 636 Ego
266 564 356 619 Guido
380 565 528 637 presbyter
551 566 704 621 cardinatis
728 568 770 621 tit.
795 570 821 623 S.
842 569 965 641 Chryso·
1013 567 1096 638 gium
1117 567 1193 638 quod
1213 568 1302 622 frater
1323 573 1420 623 noster
1435 568 1570 639 Pelagius
1595 564 1851 638 compostellanus

150 657 228 730 goni.
1017 661 1253 732 archiepiscopus,
1276 678 1292 716 a
1314 662 1524 732 predecessore
1551 664 1666 716 nostro
1691 659 1778 715 bonas
1799 675 1851 713 me·

184 753 243 823 Ego
271 752 413 807 tiuhaldus
435 754 581 825 presbyter
608 754 759 810 cardinalis
779 754 822 810 tit.
846 756 874 812 8.
899 759 965 811 Pra·
1018 755 1116 809 moria
1138 756 1371 825 Anastasiopapa
1394 753 1537 827 (videlieet
1559 753 1734 826 quodjure
1755 753 1849 824 prima·

57 870 63 879 ’
148 845 235 902 redis.
1016 852 1063 902 tus
1081 864 1139 903 non
1160 847 1260 902 debeat
1282 846 1333 902 tibi
1356 864 1417 902 esse
1441 847 1605 919 subjectus)
1634 846 1749 902 dicitnr
1770 846 1848 919 impe

187 943 248 1010 Ego
271 940 431 995 Mantredus
454 941 603 1012 presbyter
630 943 786 997 cardinatis
810 944 853 998 tit.
869 944 886 998 S
902 945 964 1000 .Sa·
1017 944 1118 1003 tressa,
1130 942 1220 996 mittas
1235 941 1340 996 habeat
1356 942 1430 996 vires
1442 940 1643 1012 inposterum,
1660 957 1719 995 neo
1742 941 1846 1012 aliquod

40 1098 45 1103 Ι
149 1032 236 1089 hina.
1019 1035 1068 1089 tibi
1083 1034 1184 1089 debeat
1208 1035 1405 1105 prejudicium
1418 1035 1548 1105 irrogare
1559 1053 1569 1104 ;
1589 1035 1646 1090 sed
1667 1034 1844 1107 privilegium

130 1128 133 1133 '
186 1130 245 1199 Ego
258 1128 347 1184 tutius
361 1128 508 1200 presbyter
521 1129 675 1183 cardinatis
692 1131 735 1184 tit.
752 1130 780 1186 8.
797 1131 929 1186 Marcelli.
1013 1127 1075 1198 jam
1098 1129 1165 1182 dicti
1187 1128 1370 1183 antecessoris
1394 1128 1611 1183 uostrisanctae
1639 1127 1842 1183 recordationis

130 1222 134 1227 '
186 1224 244 1293 Ego
266 1221 391 1276 Uhatdus
412 1222 559 1293 presbyter
580 1222 731 1277 cardinalis
755 1224 798 1277 tit.
820 1224 847 1279 S.
871 1225 967 1280 Crucis
1019 1222 1138 1292 Eugenii
1162 1238 1244 1292 papae
1260 1221 1309 1276 tibi
1333 1239 1418 1293 super
1430 1223 1623 1277 concessione
1642 1222 1792 1294 primatus
1807 1221 1840 1276 in·

113 1302 118 1325 '
148 1315 179 1370 in
195 1317 360 1371 Jerusalem.
1017 1314 1138 1382 duttum,
1148 1315 1185 1369 itti
1199 1314 1430 1370 modisomnibus
1440 1315 1636 1387 prejudicare
1647 1315 1839 1371 decernimus:

186 1411 245 1479 Ego
268 1409 436 1464 Octavianus
458 1409 606 1481 presbyter
630 1411 779 1465 cardinatis
801 1411 843 1465 tit.
866 1412 892 1467 S.
911 1414 968 1468 Cac-
1016 1409 1174 1479 praesertim
1198 1426 1262 1463 cum
1288 1409 1357 1463 illud
1386 1409 1540 1476 anastasii,
1564 1424 1705 1480 nemque
1733 1409 1768 1464 de
1787 1410 1841 1464 aad·

150 1503 231 1558 cilioe.
1017 1503 1107 1570 muni,
1134 1520 1227 1573 neque
1250 1502 1286 1557 de
1308 1503 1425 1557 sanioris
1452 1502 1540 1573 partis
1569 1503 1707 1558 fratrum
1732 1504 1839 1558 consitio

187 1598 245 1666 Ego
258 1597 381 1651 loannes
396 1595 545 1667 presbyter
556 1595 706 1651 cardinalis
718 1595 820 1669 titnss.
833 1597 967 1668 Sy'lvestri
1018 1595 1117 1651 inisset
1135 1597 1270 1650 elicitum.
1284 1596 1467 1673 Decernimus
1479 1596 1579 1667 itaque
1599 1601 1633 1652 ut
1649 1597 1716 1668 ipsc
1728 1598 1834 1667 Campo

151 1689 312 1744 ethtartini.
534 1679 536 1683 ¹
1017 1691 1150 1744 stellanus
1173 1690 1414 1760 archiepiscopus,
1435 1689 1493 1744 sive
1516 1690 1626 1762 reliqui
1643 1691 1838 1761 Hispaniarum

187 1785 246 1853 Ego
265 1785 390 1847 loannes
405 1783 552 1854 presbyter
571 1783 721 1838 cardinatis
737 1784 784 1840 88.
801 1785 919 1841 loannis
939 1785 1006 1857 etB
1018 1784 1173 1855 pontitices,
1194 1783 1246 1838 tibi
1267 1789 1402 1855 tanquam
1424 1783 1538 1854 primati
1561 1800 1632 1852 suo,
1653 1789 1685 1839 et
1710 1800 1840 1838 successa

132 1876 136 1883 '
150 1878 229 1932 Pauli
243 1878 286 1932 tit.
304 1876 458 1932 Pamachii.
1021 1877 1108 1945 ribus,
1122 1877 1315 1931 obedientiam
1335 1877 1370 1931 de
1385 1882 1496 1945 cetero,
1512 1882 1540 1930 at
1552 1877 1775 1948 subjectionem
1785 1879 1839 1948 jure

189 1973 247 2042 Ego
270 1970 349 2026 Oddo
369 1970 505 2025 diaconus
519 1971 670 2025 cardinalis
689 1972 717 2027 S.
732 1972 845 2043 Georgii
861 1972 896 2027 ad
917 1975 970 2028 Ve-
1019 1971 1161 2042 primatus
1182 1971 1371 2041 impendant;
1387 1974 1414 2025 et
1427 1969 1552 2042 dignitas
1567 1970 1634 2042 ipsu
1658 1972 1725 2041 tihi,
1740 1971 1839 2043 tuisque

152 2065 212 2121 lum
229 2068 366 2119 Aureum.
1020 2063 1235 2131 antecessoribus,
1257 2081 1373 2136 semper
1393 2064 1473 2118 tirma
1492 2067 1685 2135 permaneat,
1704 2068 1734 2119 et
1753 2079 1842 2136 perpe·

186 2159 245 2231 Ego
262 2159 353 2214 Guido
373 2158 508 2213 diaconus
531 2158 679 2214 cardinatis
700 2159 727 2215 S.
743 2160 836 2215 tdariae
852 2160 880 2215 iu
901 2162 968 2215 Por·
1019 2157 1074 2211 tuis
1087 2157 1262 2229 temporibus
1277 2157 1397 2213 illibata.

152 2253 220 2308 tica.
1055 2252 1212 2307 Statuimus
1232 2266 1301 2322 ergo
1321 2257 1353 2306 ut
1366 2250 1437 2305 nulli
1452 2251 1572 2306 omnino
1589 2252 1752 2307 hominum
1768 2253 1839 2308 liceat

188 2348 246 2416 Ego
270 2345 416 2402 lacinthus
440 2346 578 2400 diaconus
601 2346 801 2403 cardinalias.
823 2346 917 2401 llariae
940 2347 968 2401 in
1020 2345 1092 2400 banc
1106 2350 1209 2399 nostrae
1221 2345 1409 2400 concessionis
1420 2350 1448 2400 et
1462 2345 1703 2401 confirmationis
1713 2346 1838 2418 paginam

152 2440 313 2498 cosmedin.
1019 2456 1090 2494 ausu
1111 2440 1263 2494 temerario
1279 2439 1446 2510 infringere,
1460 2439 1502 2494 vel
1523 2439 1551 2494 ei
1571 2439 1766 2511 aliquatenus
1784 2457 1838 2495 con

188 2536 293 2589 Datum
304 2534 522 2607 Beneventitlit)
534 2550 713 2605 permenam
724 2535 855 2605 Rolandi,
866 2541 969 2590 sanctae
999 2518 1115 2589 'tratre
1131 2534 1158 2588 Si
1178 2533 1242 2604 quis
1265 2536 1361 2588 autem
1376 2534 1429 2588 hoc
1454 2538 1598 2589 attentare
1616 2536 1836 2607 praesumpserit,

154 2628 292 2684 Romanae
314 2627 443 2682 Ecclesiae
457 2627 615 2698 presbyteri
634 2629 787 2683 cardinatis
807 2634 835 2683 et
856 2629 967 2683 cancel·
1019 2627 1252 2698 indignationem
1267 2626 1471 2698 omnipotentis
1481 2626 1542 2695 Dei,
1557 2633 1590 2682 ct
1601 2627 1764 2686 beatorum
1773 2626 1836 2684 Petri

152 2722 228 2790 larii,
253 2737 301 2776 vm
327 2721 445 2777 Kalend.
470 2721 628 2790 Februarii,
652 2722 751 2777 indict.
776 2739 812 2787 iv,
841 2724 969 2777 incarna-
1020 2728 1047 2777 et
1062 2721 1137 2776 Parati
1156 2722 1346 2792 apostolorum
1365 2722 1435 2791 ejus,
1456 2737 1485 2776 se
1508 2722 1628 2776 noverit
1649 2723 1834 2778 incursurum.

135 2822 138 2827 '
153 2816 238 2871 tionis
251 2816 407 2871 bominicae
418 2831 494 2870 anno
513 2819 591 2884 rias,
603 2817 783 2886 pontificatus
794 2832 858 2871 vero
870 2816 969 2870 domni
1056 2816 1157 2870 Datum
1172 2815 1335 2884 Beneventi,
1348 2832 1365 2868 v
1379 2816 1444 2870 idus
1457 2815 1621 2872 Februarii.

135 2905 139 2909 ’
153 2908 268 2965 Adriani
282 2925 363 2980 papae
377 2910 419 2976 tV,
433 2925 508 2963 anno
523 2909 658 2963 secundo.
1360 2910 1488 2965 LXXXIV.

458 3016 462 3023 '
490 3012 623 3067 LXXXttI.
1118 3006 1292 3074 Priuttcpiurn
1305 3021 1355 3075 pro
1369 3005 1539 3059 Parthenone
1551 3006 1756 3063 Peractitensi.

152 3110 251 3164 Joarnni
273 3106 469 3177 archiepiscopo
494 3107 621 3161 Toletano
646 3109 841 3177 Hispaniarum
864 3109 967 3176 prima·
1256 3098 1427 3167 (Bsssssst'sssslb
1444 3098 1524 3153 Febr·
1544 3101 1601 3170 Ι3·)

471 3192 527 3241 tam
546 3189 652 3241 asserit.
979 3152 1007 3226 C
1235 3190 1315 3264 [Opp.
1329 3192 1480 3260 abaelardi,
1502 3207 1531 3262 p.
1545 3193 1626 3265 354]

400 3280 575 3350 (Beneventi,
591 3281 672 3336 Febr.
689 3282 727 3351 9.)
1054 3289 1194 3343 Annianus
1214 3287 1372 3357 episcopus,
1391 3301 1488 3339 servus
1512 3302 1671 3343 servorum
1689 3290 1752 3358 Dei,
1765 3288 1834 3344 dilec-

360 3374 764 3445 [mnns1,concn.,xx1‚818.)
1019 3386 1055 3434 tis
1078 3381 1106 3434 in
1131 3380 1241 3437 Christo
1265 3380 1379 3434 filiabus
1405 3381 1547 3435 itancnssn
1573 3381 1748 3453 abbatissa,
1768 3388 1834 3439 cae

188 3478 327 3530 Annianus
357 3473 514 3544 episcopus,
542 3490 639 3527 servus
669 3488 814 3528 serrorum
844 3474 901 3542 ttei,
925 3489 969 3527 ve·
1011 3475 1114 3551 'risque
1133 3474 1276 3529 sororibus
1296 3474 1443 3537 Paraetoni,
1460 3473 1584 3529 salutem
1607 3481 1637 3531 et
1659 3479 1833 3551 apostoticam

132 3560 274 3623 'nerahiti
298 3566 378 3621 fratri
400 3570 497 3622 tosnnr
520 3568 657 3622 Toletano
680 3567 902 3639 arciricpiscopo,
929 3584 968 3622 sa·
1019 3568 1256 3623 trenedictioncm.

152 3661 241 3717 tutem
256 3666 284 3715 ut
297 3662 480 3732 apostaticam
495 3661 738 3715 benedictionem.
1056 3664 1087 3716 Et
1106 3663 1225 3732 injuncti
1244 3662 1326 3717 uobis
1348 3663 1433 3717 alteo
1449 3664 1629 3733 apostolatus
1649 3667 1780 3723 osticium
1794 3682 1833 3721 nus

189 3758 258 3810 tium
274 3772 324 3826 pro
347 3755 470 3826 negotiis
486 3754 646 3809 commissae
660 3755 712 3808 tibi
732 3754 857 3808 ecclesia
877 3753 969 3808 immi·
1021 3757 1152 3827 impellit,
1167 3759 1194 3809 ct
1217 3757 1296 3810 bonas
1322 3762 1421 3813 vestrae
1435 3759 1664 3814 conversationis
1685 3761 1761 3817 odor
1782 3763 1833 3816 har·

153 3850 287 3903 uentibus
305 3849 470 3903 fraternitas
486 3851 534 3901 tua
553 3852 651 3903 nostro
667 3864 696 3901 se
719 3849 879 3918 conspectui
893 3863 967 3919 ytre-
1020 3857 1097 3906 tatur
1115 3850 1198 3920 justis
1218 3850 1455 3922 postulationibus
1477 3851 1580 3906 vestris
1603 3854 1773 3929 benignum
1792 3857 1832 3910 im·

153 3947 300 4010 sentasset,
321 3960 337 3996 a
355 3942 422 3996 sede
442 3942 607 4013 apostolica,
627 3958 691 4013 qua·
706 3942 784 4012 Justa
809 3941 967 4012 petentium
1020 3944 1117 4016 partiri
1135 3960 1316 4012 consensum,
1331 3951 1358 3999 et
1371 3961 1434 4016 quac
1447 3944 1482 3999 ad
1495 3945 1657 4003 utilitatem
1675 3957 1705 4005 et
1719 3952 1830 4023 quietem

154 4037 217 4089 vota
231 4052 346 4106 semper
359 4036 505 4089 constravit
517 4034 682 4104 admittere,
696 4034 863 4106 suppliciter
876 4038 969 4105 postu·
1019 4043 1142 4093 vestram
1157 4038 1302 4111 pertinent
1316 4039 1414 4093 libenti
1434 4039 1530 4094 animo
1543 4040 1726 4114 adimplere.
1740 4048 1829 4116 Eupra-

154 4129 231 4196 lavit,
257 4131 469 4183 antecessorum
502 4131 665 4183 nostrorum
699 4129 790 4183 felicis
823 4129 968 4184 memoriae
1018 4137 1091 4203 pter,
1108 4133 1217 4187 dilectas
1238 4133 1360 4187 tlomino
1385 4133 1460 4201 tiliae,
1475 4133 1629 4191 laboribus
1653 4141 1759 4195 vestris
1780 4152 1830 4211 pro

155 4221 306 4289 Paschalis,
324 4222 440 4289 Callisti,
460 4223 572 4277 Honorii
596 4226 625 4278 et
642 4222 773 4293 Eugeuii,
789 4222 969 4294 privilegium
1019 4225 1112 4281 videre
1131 4227 1268 4293 volentes,
1282 4227 1434 4298 sepeliendi
1449 4228 1525 4299 apud
1548 4227 1705 4288 abbatiam
1723 4240 1829 4289 vestram

154 4314 208 4370 sihi
232 4320 260 4370 et
284 4316 391 4372 litteras
414 4315 562 4381 innovari3
581 4316 610 4371 in
635 4317 748 4387 quibus,
768 4316 967 4388 Hispaniarum
1018 4322 1078 4374 tum
1102 4321 1202 4376 tratres
1225 4328 1332 4375 vestros
1352 4321 1499 4393 proprium
1521 4337 1583 4377 non
1608 4326 1764 4397 habentes,
1778 4328 1829 4382 libe

153 4408 306 4482 primatem
319 4408 463 4465 Toletauac
476 4411 601 4465 ecclesian
618 4411 695 4465 nosci
707 4411 849 4481 indulgeri
868 4409 899 4483 [f.
912 4410 967 4480 pri·
1018 4431 1080 4469 ram
1103 4416 1190 4482 vobis,
1206 4423 1232 4470 et
1253 4416 1287 4469 iis
1299 4431 1363 4487 quae
1383 4417 1447 4487 post
1469 4432 1516 4470 vos
1538 4424 1748 4489 successerint,
1762 4424 1830 4478 licen

134 4493 261 4560 'matum
281 4505 381 4558 eccles.
403 4504 491 4558 Tolet.
514 4504 640 4558 noscitur
659 4504 822 4576 indulgent.
839 4505 895 4559 Nos
915 4521 966 4560 au·
978 4522 1006 4595 q)
1018 4510 1086 4563 tiam
1106 4510 1273 4565 auctoritate
1287 4510 1442 4580 apostolica
1461 4509 1665 4582 indulgemus.
1683 4519 1759 4572 n'utti
1775 4531 1829 4589 erp

153 4603 222 4663 tem,
238 4599 303 4669 quia
316 4602 344 4652 te
360 4598 470 4652 sincera
485 4598 513 4651 in
528 4598 647 4653 Domino
661 4598 799 4652 charitate
812 4599 966 4669 diligimus,
1019 4604 1136 4658 arnniuo
1149 4604 1300 4659 hominum
1312 4605 1394 4660 liceat
1407 4605 1482 4660 hanc
1498 4605 1639 4677 paginam
1656 4621 1765 4669 nostra
1779 4629 1830 4669 con·

153 4698 181 4747 et
205 4707 358 4762 personam
381 4695 468 4753 tuam.
493 4692 558 4762 quia
583 4692 749 4747 inconcussa
771 4696 813 4747 cst
834 4693 968 4748 cotuuma
1019 4697 1172 4752 stitutionis
1194 4698 1360 4770 iufringere,
1384 4700 1427 4754 vet
1453 4700 1478 4754 ei
1500 4716 1574 4755 ausu
1598 4708 1760 4764 temerario
1780 4725 1831 4763 con·

50 4796 56 4803 '
154 4783 968 4857 ecclesiaeetfirmamentum,quibuscunquemodiscou·
1019 4791 1113 4847 traire.
1128 4793 1155 4847 Si
1176 4794 1239 4864 quis
1254 4796 1350 4848 autem
1367 4793 1419 4847 hoc
1443 4797 1585 4850 attentare
1612 4803 1829 4876 praesumpserit,

153 4880 240 4946 veuit,
256 4880 453 4950 proposuimus
471 4880 610 4934 honorare
627 4894 634 4934 t
649 4879 870 4950 postulationem
889 4886 966 4935 tuam
1017 4885 1243 4955 indignationem
1259 4887 1464 4958 onrrripotentis
1487 4889 1543 4957 nei,
1558 4895 1590 4945 et
1613 4893 1773 4954 beatorum
1794 4900 1831 4952 Pe

155 4970 287 5027 duximus
300 4972 520 5038 admittendam,
536 4979 564 5026 et
580 4973 753 5027 desideriam
770 4978 850 5027 tuum
864 4974 967 5029 ellectu
1017 4980 1053 5034 tri
1076 4983 1104 5034 et
1126 4981 1201 5035 Pauli
1225 4983 1417 5052 apostotorum
1440 4983 1500 5054 ejus
1523 5001 1552 5039 se
1578 4992 1698 5046 noverit
1719 4994 1831 5049 incursu·

154 5081 204 5121 suo
225 5066 299 5138 passi
321 5084 378 5122 non
398 5066 507 5120 luimus
525 5067 695 5121 defraudari.
711 5066 790 5122 Unde
809 5069 966 5123 communi·
1017 5090 1092 5129 rum.

154 5162 215 5213 cato
238 5161 360 5215 fratrum
382 5166 545 5215 nostrorum
567 5161 694 5229 consilio,
713 5163 872 5233 apostolicae
892 5162 967 5218 sedis
1053 5168 1153 5223 Datum
1167 5170 1329 5240 Beneventi,
1346 5171 1385 5226 td.
1401 5171 1556 5229 Februarii.

154 5255 322 5308 auctoritate
341 5255 500 5324 statuimus,
515 5262 547 5310 ut
560 5261 659 5310 vestra
682 5256 837 5327 propositae
852 5258 965 5328 petitio·
1319 5279 1322 5285 ·
1367 5267 1482 5323 LXXXV.

155 5344 198 5399 nis
212 5345 351 5402 indictum
365 5348 469 5404 debeat
483 5350 663 5420 privilegium
682 5350 768 5404 simut
782 5366 847 5405 cum
866 5351 967 5407 titteris
1102 5358 1147 5414 Ad
1161 5360 1294 5414 Hittinam
1307 5362 1536 5432 archiepiscopum
1556 5365 1756 5428 thenis-mm,

154 5437 285 5494 innovari
300 5458 307 5495 :
323 5446 351 5495 et
365 5442 436 5497 sicut
449 5443 568 5498 ecclesia
580 5447 628 5498 tua
642 5461 673 5498 er
690 5444 807 5516 antiquo
821 5444 921 5505 hahuit
936 5446 967 5501 iu
1022 5520 1027 5528 Ι
1263 5454 1436 5525 (Beneventi,
1452 5455 1519 5511 Feb.
1537 5460 1591 5531 15.)

153 5536 215 5588 tota
235 5533 431 5603 hispaniarum
446 5537 560 5607 regione
578 5538 743 5608 primatum,
759 5539 799 5593 sie
815 5542 854 5605 tu,
871 5543 899 5595 et
919 5557 966 5595 ec·
1184 5533 1352 5619 [Gusnraam
1370 5550 1434 5606 Cad.
1450 5551 1576 5625 diplom„
1593 5556 1674 5631 353]

154 5624 238 5682 olasia
257 5627 402 5699 toletana,
419 5630 474 5697 cui,
497 5630 617 5687 Domino
637 5637 762 5702 auctare,
784 5651 903 5705 praesse
923 5637 966 5691 di·
999 5665 1005 5677 ·
1053 5641 1189 5697 Annianus
1210 5643 1481 5714 episcopusservus
1502 5662 1657 5706 servorum
1682 5652 1834 5726 θυμοπ-
1871 5714 1873 5725 ,

184 5741 268 5807 13⁸)ss
284 5742 410 5795 Romana
432 5744 501 5796 urhe
516 5746 551 5796 ah
566 5748 633 5811 ipsis
646 5747 778 5800 Romanis
791 5750 900 5802 civibus
915 5765 968 5802 ax·
1017 5754 1344 5819 aberravit,utremedio
1364 5763 1438 5811 asset
1454 5758 1569 5815 amicte
1578 5762 1723 5823 neunt·
1741 5770 1832 5825 rum
1870 5748 1873 5805 i

134 5816 243 5887 pulsus
254 5816 348 5871 fuerat
357 5816 503 5872 Adrianus
513 5817 553 5871 IV
565 5820 613 5888 qui
627 5834 676 5888 par
688 5822 875 5876 variasttattrs
884 5823 971 5877 urhss
1018 5826 1163 5879 doinusln
1177 5830 1320 5882 ennoean
1334 5830 1432 5886 Cleon.
1448 5834 1586 5905 tom1,p.
1602 5838 1678 5897 imi,
1708 5808 1734 5863 ·’
1769 5838 1781 5863 “·
1806 5852 1809 5857 ·

1841 5928 1873 6003 ..ts
