3750 6046
135 218 200 276 ii'li
828 211 974 269 fluuours
992 211 1140 269 uacuum
1751 215 1819 275 itm

133 352 239 407 bertum
254 345 407 418 quemdam,
421 345 466 400 oui
477 344 616 415 epistolam
630 343 664 398 40
677 343 717 398 ita
729 341 852 397 inscribit
866 357 873 395 :
889 339 1045 397 flamberto
1057 341 1203 413 quondam
1212 341 1393 416 philosopho,
1407 360 1485 401 nnuc
1498 342 1656 416 Theologo.
1670 346 1707 400 Et
1718 345 1817 413 intra:

133 436 223 493 Simul
234 433 323 490 adulti
335 449 444 501 suuros,
458 432 543 487 simul
557 446 675 485 manum
689 429 786 484 ieruloe
800 426 1010 499 supposuimus,
1024 427 1109 482 simul
1124 443 1280 499 progressu
1294 429 1433 502 temporis
1447 430 1477 485 in
1493 429 1684 502 grammatica
1695 429 1818 486 desuda·

132 525 233 592 vimus,
247 525 333 580 simul
345 523 375 579 iu
390 523 488 579 castris
502 519 656 578 Aristotelis
671 516 866 573 militavimus.
884 521 915 573 lu
925 518 1015 575 Tullio
1031 518 1116 574 simul
1129 517 1287 574 declamavi
1301 525 1408 588 tecum,
1423 519 1452 575 in
1467 519 1648 575 arithmetica
1666 512 1817 575 numeravi

131 617 239 684 tecum,
272 614 302 669 iu
329 612 437 668 musica
460 608 569 665 manvi
591 612 697 674 tecum,
723 605 776 661 suh
795 606 923 662 Geminis
948 610 1033 663 nutus
1057 624 1121 662 sum
1140 611 1243 663 tecum.
1266 609 1329 663 lam
1350 624 1410 664 cum
1422 614 1556 679 prouecta
1580 610 1759 670 esseteetotis,
1779 608 1817 664 ad

130 704 160 760 S.
176 704 325 775 Auqustiai
337 703 478 758 canonicos
491 699 629 767 reputares
643 711 671 751 se
691 697 820 751 annuntii
835 698 864 751 in
884 698 995 755 abbatia
1007 699 1036 756 S.
1058 700 1161 759 Leonis,
1176 697 1295 754 diocesis
1316 698 1456 760 tuliensis,
1480 696 1530 752 sub
1551 695 1688 753 Siebuudo
1705 695 1815 765 abbate,

131 792 208 863 cujus
223 796 330 849 nomine
347 794 457 862 scripsit
474 789 615 860 epistolam
629 787 660 841 t8
679 784 717 839 od
735 784 909 842 liuillelmum
926 787 1060 844 abbatem.
1075 787 1159 842 Istius
1172 787 1353 841 conversionis
1368 800 1424 842 sua
1439 785 1562 841 meminit
1581 786 1610 840 in
1635 783 1750 854 episimo
1772 791 1816 860 tt,

15 950 18 955 ¹
130 882 235 945 directo
248 881 376 938 Gemma
389 880 415 936 S.
431 877 576 933 Benedicti
586 875 712 943 alumno,
728 876 758 929 in
770 875 824 929 baec
834 878 917 932 uerba
930 893 938 931 z
951 875 1053 932 Mutari
1068 881 1207 942 menum,
1222 873 1329 929 mrrtari
1340 878 1459 942 vestem,
1472 877 1502 928 et
1513 890 1566 946 pro
1579 872 1712 946 pellicula
1730 887 1816 946 pere·

132 970 208 1045 grini
226 970 316 1027 muris
335 968 491 1035 redolente,
507 966 648 1022 involutus
662 979 724 1018 sum
743 965 825 1019 ovina
843 965 915 1035 pelle
926 982 933 1032 ;
955 962 1095 1034 propelle
1117 961 1290 1029 mordacius,
1310 960 1460 1018 restitutus
1482 977 1547 1017 suur
1572 961 1646 1034 pelle
1667 959 1814 1033 caprina:

130 1075 184 1132 pro
198 1058 268 1115 cibis
287 1057 425 1122 delicatis,
448 1054 597 1128 exquisitis
619 1059 695 1109 terra
709 1054 738 1106 et
751 1051 842 1124 aquis,
865 1052 980 1124 placent
1001 1050 1068 1105 vilia
1089 1050 1223 1116 oluscula,
1246 1050 1350 1106 rustica
1373 1050 1534 1122 legumina,
1558 1050 1622 1106 laha
1642 1049 1816 1122 Pythagorae

132 1149 256 1219 cognatu
270 1169 275 1201 :
289 1163 340 1218 pro
351 1150 485 1203 nectareo
500 1149 568 1216 potu
581 1143 676 1215 placet
688 1145 771 1213 potus
787 1156 896 1208 avenae,
913 1144 995 1211 potus
1009 1152 1102 1209 uquae.
1116 1139 1152 1192 lit
1161 1140 1190 1192 in
1204 1140 1317 1208 epistola
1327 1143 1419 1211 primu
1433 1142 1470 1195 nd
1481 1142 1510 1198 S.
1527 1139 1697 1195 bernardum
1712 1138 1815 1197 Clare·

130 1237 212 1294 uallis
224 1237 358 1305 abbatem,
381 1239 420 1291 crit
434 1252 462 1292 se
474 1233 577 1290 abrasis
597 1231 733 1297 crinibus,
748 1229 853 1299 scripto
868 1227 964 1282 libello
978 1223 1101 1297 repudii,
1117 1225 1204 1297 priori
1216 1228 1425 1283 conversationi
1438 1231 1568 1284 nuntium
1584 1228 1727 1282 remisisse.
1750 1227 1815 1281 Post

129 1323 192 1381 hee
217 1324 324 1393 omnia,
346 1326 449 1395 inquit,
474 1322 591 1395 Regula
606 1323 636 1376 B.
664 1316 816 1390 Augustini
841 1331 888 1372 me
910 1314 1049 1385 dedicavi,
1074 1318 1103 1369 et
1127 1314 1157 1370 in
1181 1313 1303 1371 claustro
1326 1316 1514 1375 candidorum
1536 1317 1740 1373 Nazareorum
1769 1332 1815 1372 me

131 1403 228 1459 clarui.

160 1493 232 1548 Hinc
243 1496 321 1562 patet
342 1507 395 1563 quo
409 1496 525 1561 tempore
538 1490 637 1545 uicerit
654 1491 705 1544 iste
720 1489 809 1554 Huqo,
823 1484 906 1555 idque
918 1486 1094 1554 confirmatur
1110 1497 1143 1540 en
1160 1487 1224 1542 otiis
1242 1487 1301 1558 ejrrs
1320 1488 1450 1559 epistolis,
1474 1502 1543 1558 quas
1567 1485 1606 1541 od
1623 1486 1815 1541 Innocentium

128 1596 232 1651 popum
243 1581 281 1648 ΙΙ,
296 1581 456 1637 Alberonem
467 1581 647 1642 trevirorum,
661 1577 829 1648 Stephanum
843 1577 1013 1641 metensium,
1028 1574 1188 1632 Cuileacum
1201 1576 1365 1645 mansuum,
1377 1577 1525 1632 henricum
1534 1574 1695 1633 Leucorum.
1707 1573 1814 1629 Embri

128 1686 218 1726 mnem
227 1669 453 1740 herbipolensem,
467 1671 611 1740 episcopos,
621 1669 739 1738 itemque
753 1665 790 1720 od
799 1667 908 1721 Petrum
923 1666 1100 1723 Aboelnrdum
1110 1671 1194 1736 atquc
1203 1669 1362 1725 lieluuidem
1371 1669 1502 1724 Porneliti
1511 1666 1679 1722 abbatissam
1692 1668 1812 1736 scripsit,

127 1761 162 1815 ln
180 1760 294 1830 epistola
309 1758 335 1825 4,
347 1757 384 1812 ad
398 1759 591 1823 innocentium,
612 1762 707 1813 eontra
720 1757 830 1811 Petrum
842 1754 1030 1812 Abaetnrdum.
1045 1759 1156 1817 Mortuo
1177 1760 1322 1826 Anselmo,
1337 1760 1389 1821 nit,
1406 1753 1600 1820 Laudrmensi,
1614 1759 1641 1808 et
1657 1751 1813 1809 Guillelmo

126 1846 336 1914 Cetnlsnneusi,
350 1845 426 1917 iguis
438 1844 516 1902 verbi
528 1845 578 1899 [lei
592 1845 621 1899 iu
635 1841 841 1912 recruduerit,
855 1848 963 1901 tametsi
973 1847 1002 1905 S.
1016 1849 1187 1906 Berarmdum
1198 1850 1306 1912 laudnt,
1321 1862 1432 1917 eumque
1444 1842 1675 1902 PetrsAbeelordo
1687 1845 1813 1913 opponit.

127 1935 275 1993 occasun
287 1938 372 2006 dignu
381 1942 419 1992 est
432 1936 575 2005 inscriptio
590 1933 710 2003 epistole
726 1934 772 1999 nt,
787 1931 1108 1993 Embrieoniveuerabili
1122 1935 1317 2009 Herbipolensi
1330 1933 1446 2007 praesuli
1458 1931 1573 2000 etduci,
1586 1933 1667 2002 lingo
1680 1930 1814 1986 Metellus

127 2023 275 2097 utriusque
292 2025 378 2082 officii
391 2025 560 2097 dignitatem
574 2023 661 2095 digne
675 2022 729 2078 Deo
744 2020 956 2091 administrare,
970 2023 1000 2079 ob
1010 2027 1169 2081 mentionem
1183 2027 1218 2081 nb
1231 2024 1325 2094 sejam
1340 2028 1457 2092 tempore
1471 2018 1577 2075 ducalis
1589 2020 1619 2073 in
1639 2033 1668 2073 eo
1688 2021 1813 2089 episeopo

126 2111 282 2181 dignitatis.
306 2116 340 2169 ln
366 2115 479 2185 epistola
501 2115 545 2178 st,
563 2111 750 2168 cardinalibus
776 2111 890 2174 directa,
907 2112 1081 2169 Norbertinos
1106 2116 1229 2183 exagitat
1249 2112 1282 2168 ob
1307 2113 1422 2167 uestium
1444 2108 1636 2172 insolentiom;
1655 2109 1682 2160 et
1707 2105 1813 2174 objecta

124 2214 215 2256 eorum
224 2203 355 2265 nouitate,
369 2216 480 2257 morum
494 2203 623 2271 originem
635 2215 684 2270 pro
697 2214 743 2255 suo
752 2205 837 2270 captu
847 2202 971 2270 emonii.

160 2291 311 2361 Epistolum
327 2291 362 2345 bb
378 2295 519 2361 nuncupat
532 2285 645 2360 Hsrgoni
661 2288 826 2344 Cernoteusi
841 2289 976 2361 magistro
988 2291 1152 2360 venerabili,
1166 2307 1218 2362 quo
1233 2291 1339 2346 nomine
1358 2290 1511 2342 litterarum
1529 2282 1654 2351 mnqistri
1668 2280 1815 2350 &signari

123 2377 219 2432 solent.
233 2380 330 2449 ltaque
343 2395 393 2449 per·
405 2394 437 2434 en
453 2384 574 2447 tempora
588 2378 709 2447 quinque
725 2379 851 2447 Huqeues
868 2380 983 2450 ‹slicujus
996 2384 1116 2438 nominis
1135 2383 1256 2438 enuntia
1271 2375 1380 2442 litteris,
1395 2391 1509 2447 quorum
1525 2375 1630 2444 primos
1645 2374 1718 2425 tenet
1729 2371 1812 2439 ¹lluqo

16 2508 21 2517 .
126 2466 294 2532 Victorinus,
309 2468 405 2525 duride
429 2471 505 2539 Huqo
524 2468 558 2523 de
576 2468 687 2531 Felicio,
715 2469 792 2536 Huqo
809 2470 939 2535 Forsitus,
966 2472 1043 2539 liupo
1066 2471 1236 2529 carnotensis
1260 2469 1398 2536 moqtster,
1417 2470 1442 2520 et
1462 2464 1539 2534 ano
1553 2457 1688 2525 Metellus,
1712 2461 1813 2528 qrraeur

122 2556 263 2625 Hisponem
271 2558 475 2624 monacensem,
488 2558 658 2624 cognomento
672 2571 689 2609 a
704 2557 919 2624 Dumna-biario,
939 2557 1004 2612 aliis
1016 2562 1086 2612 nutu
1098 2556 1234 2626 majorum.

158 2643 283 2713 Epistola
303 2646 336 2698 55
350 2643 388 2697 nd
403 2644 569 2700 Calcatum
583 2644 686 2713 scripta
706 2640 913 2710 estimantur,
936 2658 995 2699 cam
1018 2645 1175 2700 odoacario
1199 2647 1302 2699 sincere
1324 2643 1391 2712 ogit]
1417 2646 1512 2696 contro
1531 2637 1678 2693 rtonnuiios
1702 2633 1810 2689 bursas

120 2732 331 2804 berengariana
341 2733 481 2803 reliquias.
494 2732 590 2788 Eidem
612 2732 669 2786 utin
683 2729 776 2785 itidem
787 2747 803 2783 u
823 2730 928 2785 Metello
948 2730 1051 2787 directa
1071 2733 1218 2800 tacentia
1238 2746 1293 2802 quc
1307 2728 1436 2800 exempla
1452 2726 1659 2783 coadunaverat
1679 2723 1713 2778 de
1728 2736 1808 2776 sanc·

123 2820 224 2877 lisama
236 2821 404 2878 eucboristiae
416 2826 593 2877 sacramente.
616 2821 650 2873 ln
667 2822 789 2877 omnibus
801 2823 905 2879 Metelli
924 2825 1044 2896 epistolis
1060 2828 1143 2881 unica
1166 2828 1205 2879 est
1231 2840 1290 2894 qum
1316 2823 1363 2878 boc
1381 2822 1480 2890 retent
1502 2820 1594 2891 possit,
1619 2832 1715 2888 nempe
1735 2817 1806 2870 nice-

15 2958 18 2963 ,
119 2908 424 2971 simasectnGerardo
438 2906 552 2981 probati
567 2906 682 2980 spiritus
701 2912 843 2967 monacho
858 2913 973 2969 directa.
988 2914 1133 2970 ldemsine
1150 2914 1233 2968 dubio
1257 2913 1315 2980 tuit
1336 2909 1473 2966 Gerordus
1498 2911 1549 2965 iste
1574 2923 1634 2963 nem
1657 2904 1807 2965 Gerlrrndo.

120 2998 204 3064 atque
218 2998 247 3051 in
264 2997 396 3052 cltuutro
412 2999 520 3054 nomiae
539 3002 659 3053 matum
679 3014 696 3051 a
717 2998 831 3055 librario
847 3007 895 3057 est.
911 3005 943 3058 lu
960 3003 1010 3059 bac
1029 3004 1143 3075 epistola
1158 3005 1193 3058 ns
1209 3003 1307 3073 querit
1328 2998 1474 3067 berardus,
1500 2997 1522 3052 si
1549 2993 1681 3069 qnotidie
1704 2992 1809 3049 debeat

120 3081 198 3137 sumi
210 3099 313 3156 corpus
326 3082 431 3141 Christi
440 3102 449 3155 ;
464 3089 531 3154 tum,
545 3083 615 3139 nisit
639 3101 739 3140 verum
761 3102 863 3159 corpus
882 3090 986 3147 Christi
1001 3091 1077 3163 quod
1093 3093 1219 3145 sacratur
1230 3089 1260 3143 in
1274 3088 1369 3156 altari,
1384 3103 1420 3141 uu
1434 3087 1526 3158 ligura
1541 3083 1669 3154 corporis
1688 3082 1720 3136 iu
1740 3081 1807 3136 coelo

120 3170 278 3242 regnantis.
298 3172 345 3228 Ad
353 3174 473 3244 priorem
486 3172 629 3244 respondet
655 3174 777 3228 Metellus
805 3180 969 3234 auctoritate
992 3179 1128 3236 Ambrosii
1148 3185 1173 3233 et
1201 3179 1369 3248 Augustini3
1388 3176 1425 3231 od
1447 3175 1620 3246 posteriorem
1636 3172 1685 3225 boc
1704 3169 1806 3224 modo:

120 3256 300 3316 Diversarum
312 3261 399 3331 enim,
412 3264 512 3331 inquit,
527 3259 645 3315 diversa
659 3261 818 3330 sententies,
841 3279 877 3318 ue
893 3264 988 3320 dicam
1003 3265 1137 3335 adversae,
1152 3269 1180 3321 te
1196 3264 1325 3321 dubitare
1346 3269 1463 3336 coguut,
1481 3270 1509 3317 et
1523 3261 1552 3316 in
1568 3260 1679 3315 diversa
1701 3261 1731 3313 tc
1747 3257 1805 3313 dis-

120 3345 247 3405 trahunt.
283 3348 354 3405 Dicit
380 3365 505 3422 namque
534 3349 720 3419 Augustinus,
747 3349 834 3406 verba
860 3351 914 3406 ists
946 3353 1108 3425 evangelica
1136 3353 1260 3424 figurata
1288 3369 1348 3408 esse
1379 3354 1462 3410 :Nisi
1481 3349 1724 3408 manducaveritis,
1752 3346 1805 3399 etc.

120 3434 221 3505 (loon,
246 3436 294 3507 ul,
318 3451 370 3491 nec
396 3437 503 3509 aliquid
526 3437 604 3493 aliud
627 3438 765 3510 figurare,
778 3439 832 3494 nisi
850 3440 992 3496 Christum
1006 3457 1122 3513 passum
1141 3457 1213 3496 esse.
1228 3442 1378 3511 itemque:
1396 3460 1409 3489 α
1423 3437 1530 3509 thuid
1546 3452 1628 3507 paras
1648 3435 1767 3489 dentem
1780 3439 1807 3490 et

119 3527 266 3582 ventrem?
279 3525 362 3582 crede
375 3528 403 3581 et
413 3527 603 3583 manducasti.
617 3529 729 3583 «Moses
743 3526 837 3599 itaque
852 3531 1111 3600 quaestionem,cur
1123 3531 1157 3585 R.
1170 3530 1344 3602 Augustinus
1357 3529 1410 3583 ista
1424 3528 1511 3603 verba
1526 3524 1806 3596 [lominicatigurata

119 3628 180 3669 esse
195 3612 278 3681 dicat3
295 3631 360 3670 cum
370 3615 503 3684 Ecclesia,
519 3615 609 3672 tidelis
618 3616 694 3684 Sion,
709 3631 816 3688 panem
825 3621 968 3674 sacratum
981 3634 1078 3674 rernm
1093 3618 1198 3674 Christi
1212 3634 1327 3673 carnem
1343 3633 1404 3672 esse
1422 3615 1542 3672 creduli
1555 3613 1612 3670 Sed
1629 3613 1682 3679 vir,
1703 3612 1806 3685 spiritu

119 3702 171 3757 Dei
184 3703 297 3774 plenus,
311 3704 344 3759 ad
359 3703 548 3760 intentionem
564 3705 685 3771 Christi;
707 3705 823 3760 oculum
838 3707 988 3775 convertit,
1002 3710 1030 3762 et
1045 3706 1096 3761 sub
1107 3706 1302 3779 appellatione
1325 3703 1451 3777 corporis
1474 3708 1501 3759 et
1518 3701 1667 3772 sanguinis
1682 3700 1806 3772 figurata

118 3791 259 3849 locutione
279 3791 366 3848 tidem
384 3793 523 3865 passionis
535 3809 594 3848 sune
613 3792 766 3848 incredulis
781 3792 944 3849 obumbrari
956 3794 1056 3862 voluit,
1086 3801 1114 3850 et
1135 3793 1235 3850 amicis
1259 3792 1379 3849 revelari
1400 3792 1484 3847 tidem
1505 3789 1614 3844 scilicet
1637 3792 1804 3859 operantem

118 3879 377 3952 perdilectionem,
392 3881 556 3937 societatem
570 3882 678 3937 scilicet
689 3881 790 3952 capitis
801 3883 829 3934 et
840 3881 1036 3936 membrorum
1045 3922 1053 3948 ,
1063 3885 1091 3936 et
1104 3881 1242 3936 unionem
1255 3897 1261 3934 :
1277 3879 1453 3951 spiritualem
1476 3877 1582 3932 scilicet
1597 3875 1804 3930 comestionem

117 3984 178 4024 nou
192 3969 446 4038 sacramentalem
465 3985 526 4023 rem
547 3969 727 4034 sacramenti,
745 3985 804 4024 unu
820 3972 1029 4025 sacramentnm
1045 3987 1051 4024 :
1068 3969 1203 4024 virtutem
1224 3967 1396 4023 sacramenti
1411 3973 1439 4022 et
1454 3964 1619 4030 efficaciam,
1637 3980 1696 4018 nou
1712 3980 1802 4018 sacru-

117 4060 259 4112 ruentum.
273 4056 353 4120 Quod
369 4057 430 4129 ipss
451 4056 558 4112 Veritas
573 4058 781 4128 subsequenter
796 4056 844 4114 dat
856 4057 979 4130 intelligi
991 4062 1134 4130 patenter,
1158 4056 1235 4113 uude
1266 4057 1435 4129 subjungit:
1451 4058 1503 4123 Qui
1524 4055 1674 4110 intruderat
1697 4067 1805 4108 curnem

116 4159 213 4207 meam
228 4151 254 4201 et
266 4144 334 4200 bibit
348 4147 508 4214 sanquinem
523 4162 612 4202 meum
628 4147 726 4216 (ibid),
742 4147 802 4217 ipse
822 4149 965 4217 praeparat
979 4145 1048 4201 mihi
1069 4145 1248 4200 mansionem
1265 4163 1270 4199 :
1286 4146 1361 4217 qnod
1378 4144 1501 4199 excludit
1515 4147 1613 4214 aperte
1635 4154 1802 4195 sacramen-

39 4274 45 4283 .
117 4230 206 4286 talem
224 4232 438 4296 comestionem,
459 4248 544 4304 quam
560 4232 677 4305 quidem
700 4243 818 4293 sumunt
830 4237 867 4293 ad
888 4238 931 4293 sui
945 4239 1150 4295 confusionem.
1171 4241 1207 4294 Et
1227 4241 1303 4308 intro
1319 4256 1324 4294 :
1343 4239 1457 4294 Certum
1478 4241 1529 4303 est,
1544 4235 1612 4308 quia
1627 4237 1749 4290 eventus
1763 4234 1802 4289 rei

118 4319 263 4390 certificat,
277 4319 364 4376 fldem
377 4321 515 4376 Romanae
527 4321 658 4377 Ecclesiae
671 4325 828 4382 secuudum
840 4328 1014 4399 promissum
1027 4328 1079 4384 Dei
1093 4345 1243 4402 nunquam
1259 4328 1403 4394 deiecisse,
1418 4344 1470 4382 uec
1482 4327 1577 4398 aliqua
1591 4323 1694 4379 haeresi
1710 4327 1801 4378 terne-

116 4411 207 4466 ratam
221 4410 423 4467 esseliomaua
433 4413 529 4467 autem
545 4411 666 4467 Ecclesia
679 4412 708 4467 in
722 4415 858 4486 prucdicta
877 4417 931 4473 tide
945 4419 1072 4490 corporis
1088 4419 1192 4476 Christi
1205 4419 1259 4475 fuit
1273 4425 1301 4475 et
1314 4418 1438 4475 fideliter
1457 4415 1589 4488 perstitit,
1612 4419 1642 4470 et
1658 4430 1714 4488 per
1728 4429 1801 4487 prn-

118 4516 204 4557 cones
217 4518 283 4558 suos
296 4503 447 4574 cumtonge
459 4502 575 4574 lateque
591 4501 771 4560 disseminat.

152 4592 185 4646 ln
196 4591 248 4647 brec
270 4592 383 4663 epistola
404 4590 520 4650 Cerordi
530 4592 595 4661 {ides
607 4593 711 4649 bletello
734 4598 858 4666 suspectu
870 4593 989 4650 nondum
1001 4598 1069 4662 crat,
1087 4599 1179 4667 utpote
1191 4611 1268 4667 quem
1283 4594 1395 4668 probati
1417 4593 1532 4666 spiritus
1553 4593 1732 4648 monaahum
1752 4609 1801 4664 ap·

113 4682 213 4753 pellat.
232 4682 350 4737 Dubium
367 4681 536 4736 tantrcmsibi
545 4683 725 4752 propositum,
739 4701 792 4740 aon
808 4699 924 4740 errorem
946 4685 1077 4755 agnoseit.
1105 4684 1139 4738 ld
1165 4683 1262 4738 diserte
1284 4686 1403 4754 probunt
1418 4685 1473 4738 lraec
1487 4684 1569 4737 cuba
1584 4682 1696 4737 :Mores
1704 4682 1803 4753 itaque

115 4769 313 4842 questionem,
328 4783 379 4823 cur
401 4769 430 4822 Β.
455 4768 628 4838 Augustinus
644 4771 728 4826 verbe
743 4773 887 4830 Dominica
909 4774 1031 4846 figurata
1051 4789 1111 4827 esse
1133 4773 1293 4837 dicat‚cum
1316 4774 1448 4840 necteus,
1472 4772 1564 4827 tidelis
1586 4772 1669 4839 Sion,
1694 4788 1802 4842 panem

115 4858 257 4914 sacratum
272 4872 373 4912 verum
387 4855 490 4914 Christi
502 4873 615 4912 tarnem
637 4874 697 4914 esse
710 4861 815 4916 credat.
836 4862 1003 4933 Aqnoscebat
1022 4863 1116 4933 itaque
1130 4865 1265 4922 Cernrdus
1285 4863 1407 4920 Ecclesiae
1423 4863 1520 4933 pidems
1535 4861 1582 4915 sed
1596 4863 1663 4930 quia
1684 4861 1805 4928 tortnsn

115 4946 218 5003 Metelli
228 4946 395 5016 responsioni
407 4945 444 4999 ad
466 4945 663 5002 dubitationem
683 4963 717 5003 ec
730 4949 878 5018 Arqrntini
893 4953 1042 5007 testimonie
1066 4955 1233 5024 propositum
1248 4969 1303 5008 non
1326 4953 1411 5022 plane
1424 4951 1566 5021 ncqttieoit,
1580 4953 1688 5017 famum
1702 4955 1742 5003 est
1772 4955 1804 5003 nt

116 5034 341 5105 notatiuncula
358 5050 413 5089 non
432 5035 521 5088 minin
536 5033 684 5091 moderatis
700 5052 782 5107 quarn
796 5038 900 5108 judicii
910 5042 1032 5110 proauos
1057 5044 1085 5098 in
1107 5045 1209 5099 calmis
1223 5043 1279 5112 ejas
1301 5041 1420 5112 epistolis
1444 5039 1625 5104 desideratur,
1649 5037 1805 5094 Guardam

116 5139 163 5180 seu
176 5121 343 5179 derlandum
355 5125 454 5179 aroris
467 5126 562 5179 temere
576 5128 708 5194 (arguerit.
