3750 6046
93 194 137 251 aas
534 190 692 248 ursroml
712 190 1027 249 ECCLEsmSl'lca.-
1043 189 1128 246 elus
1146 190 1165 245 1.
1181 189 1291 247 -ua
1315 184 1346 247 ιι.
1725 199 1777 254 ere
1824 184 1833 193 '

94 332 123 370 ru
136 316 201 370 ltal.
217 314 349 370 tannarii
364 315 401 370 ad
417 316 534 370 Beatum
547 316 664 372 Petrum
678 316 805 387 sepultus
818 319 870 385 est,
885 318 912 369 et
923 318 1017 411 Atos,
1034 320 1061 370 et
1077 315 1105 369 ιιι
1125 315 1280 386 pontificali
1298 316 1404 371 throno
1425 316 1532 387 positus
1553 321 1604 388 est,
1624 318 1673 373 sed
1692 320 1776 390 paulo

93 409 190 465 eodem
207 408 258 463 die
275 409 331 464 Leo
345 424 421 481 papa
435 409 462 463 ei
476 408 648 480 subrogatus
662 414 713 465 est.
963 414 1028 480 post
1041 412 1138 463 sancte
1154 407 1304 464 defunctus
1319 412 1371 465 est.

122 503 181 558 teo
196 504 359 571 Romanus,
375 519 409 558 ex
424 509 505 575 patre
521 502 667 575 aizuppio,
682 502 755 558 sedit
769 501 852 557 annis
867 518 912 570 xx,
999 500 1152 573 Gregorius
1169 501 1321 570 Romanus,
1338 519 1373 558 ex
1389 507 1467 575 patre
1479 506 1598 576 loanne,
1616 508 1734 578 pulcher
1747 512 1776 563 et

93 595 242 653 mensibus
267 612 296 663 ι,
318 595 421 651 diebus
444 613 500 666 xvi,
523 595 780 668 praedecessoribus
803 593 861 650 suis
883 594 912 649 in
962 594 1077 662 nobilis,
1097 594 1212 666 sapiens
1232 598 1260 650 el
1281 601 1408 665 sauctus,
1431 597 1504 654 sedit
1523 600 1605 655 annis
1624 618 1676 658 ιιιι.
1699 603 1776 659 Tunc

93 689 229 746 omnibus
244 688 356 746 similis.
371 689 422 744 llic
435 688 505 744 dum
518 690 592 744 bene
605 706 669 762 quie
682 690 755 745 bena
768 691 836 743 sunt
848 704 914 759 age·
963 687 1088 759 agareni
1102 687 1137 743 dc
1150 687 1255 744 ilicibus
1273 689 1331 744 suis
1344 690 1486 762 exierunt,
1506 696 1534 749 et
1549 694 1656 750 insulas
1676 713 1708 751 ac
1728 712 1775 752 re·

93 789 144 850 ret,
160 785 191 838 et
203 781 334 854 quadam
353 782 400 838 die
421 779 451 836 in
470 782 576 838 litaniis
599 782 635 838 ad
660 783 777 836 Beatum
799 782 914 837 Petrum
965 780 1064 852 giones
1077 781 1305 838 Christianorum
1319 784 1442 855 graviter
1454 785 1665 855 desolaverunt,
1681 789 1776 846 homi-

94 877 263 948 apostolum
280 891 347 931 eum
365 874 473 948 populo
489 880 633 947 pergeret,
653 874 793 929 Paschalis
812 873 913 946 primi·
964 872 1104 945 nibusque
1118 876 1283 947 peremptis,
1296 875 1423 932 basilicas
1433 882 1463 934 et
1475 879 1635 937 habitacula
1647 881 1777 940 fidelium

95 970 184 1024 serius
198 972 231 1025 et
249 969 402 1040 campolus
422 968 587 1024 sacellarius
608 984 674 1022 cum
695 969 811 1023 armatis
829 967 913 1022 salal·
946 1005 948 1009 -
964 966 1196 1038 despoliaverunt
1213 975 1241 1026 et
1260 970 1465 1027 debacchantes
1483 974 1696 1033 destruxerunt.
1712 978 1780 1034 Gre-

94 1063 189 1119 litibus
212 1063 274 1118 suis
300 1061 336 1118 de
359 1061 469 1117 insidiis
495 1061 694 1134 prosilierunt,
717 1062 916 1133 populumque
966 1060 1064 1133 gorius
1082 1078 1151 1134 crgo
1170 1079 1244 1135 papa
1264 1079 1361 1119 muros
1382 1065 1468 1120 Ostiae
1486 1066 1563 1138 lecit,
1584 1086 1648 1141 qua.
1670 1071 1705 1127 ob
1724 1072 1778 1128 hoe

94 1157 240 1212 inermem
262 1154 369 1211 timore
394 1171 541 1211 armorum
563 1155 746 1228 fugaverunt,
765 1161 793 1210 et
812 1171 916 1227 papam
966 1155 1148 1227 postmodum
1163 1156 1411 1229 Gregorianopolis
1431 1159 1507 1215 dieta
1522 1165 1575 1217 est.
1596 1163 1645 1217 llic
1663 1164 1716 1219 alia
1734 1165 1777 1220 in-

95 1256 159 1305 ante
183 1250 280 1304 altare
306 1249 402 1304 Sancti
425 1248 501 1305 Petri
523 1249 610 1304 oculis
631 1253 659 1304 et
684 1247 784 1320 lingua
806 1248 916 1320 privare
966 1264 1086 1305 numera
1097 1248 1171 1305 bona
1183 1249 1261 1305 lecit.
1274 1250 1373 1306 llultas
1386 1252 1466 1308 enim
1474 1253 1602 1309 basilicas
1612 1253 1778 1330 construxit,

96 1343 149 1400 uisi
165 1348 248 1398 sunt.
267 1343 323 1400 Sed
343 1347 408 1414 post
430 1341 538 1414 aliquot
559 1341 619 1397 dies
637 1341 759 1398 Albinus
778 1341 918 1397 cubicula·
966 1341 1098 1397 etmulti
1117 1345 1279 1398 sanctorum
1299 1361 1419 1416 corpora
1436 1348 1594 1417 transtulit,
1616 1354 1645 1404 et
1664 1350 1693 1405 in
1713 1350 1780 1408 locis

95 1438 153 1493 rins
166 1452 238 1492 eum
253 1435 291 1492 de
309 1451 424 1491 earcere
441 1435 555 1506 eripuit,
577 1440 606 1490 et
625 1436 764 1490 Dominus
784 1435 917 1507 omnipo·
967 1435 1134 1506 opportunis
1147 1435 1302 1508 diligenter
1312 1439 1428 1512 aptavit.
1440 1440 1595 1513 Episcopos
1604 1458 1705 1500 ccxxxv
1715 1462 1780 1501 eon-

97 1534 159 1586 tens
174 1529 322 1602 integram
336 1528 487 1584 sanitatem
505 1527 544 1583 illi
558 1528 688 1584 eontulit.
705 1528 826 1601 Wiuigis
838 1545 917 1598 rere,
967 1530 1095 1596 secrevit,
1113 1531 1143 1584 et
1163 1529 1192 1585 ιιι
1212 1529 1328 1586 basilica
1344 1532 1437 1587 Sancti
1457 1535 1534 1589 Petri
1551 1537 1669 1607 apostoli
1688 1540 1782 1610 sepul·

100 1624 154 1679 dux
174 1623 412 1696 spoletanorum,
429 1623 456 1679 ei
472 1621 615 1695 suppetias
631 1622 755 1689 advenit,
774 1628 803 1678 et
820 1622 919 1678 videns
968 1626 1014 1677 tus
1028 1625 1079 1677 est.
1097 1624 1130 1678 Et
1143 1625 1262 1679 cessavit
1275 1625 1452 1697 episcopatus
1469 1627 1528 1684 dies
1540 1645 1585 1683 xv.

100 1733 216 1790 papam,
237 1717 290 1788 qni
307 1716 431 1772 fustibus
447 1715 579 1783 laniatus,
593 1720 622 1771 et
638 1715 789 1772 semivivus
805 1716 834 1771 in
853 1732 916 1772 san·
928 1729 956 1802 B
1003 1715 1117 1787 Sergius
1131 1717 1285 1788 Romanus,
1297 1735 1332 1775 ex
1345 1725 1428 1790 patre
1442 1720 1550 1793 Sergio,
1562 1723 1635 1779 sedit
1646 1726 1729 1781 anuis
1741 1743 1780 1784 ιιι.
1852 1724 1855 1733 ’

101 1810 183 1882 guiue
196 1810 349 1865 reuolutus
361 1815 428 1865 aute
444 1825 521 1864 aram
534 1809 637 1878 luerat,
653 1809 821 1866 mirabiliter
833 1827 917 1865 sana·
968 1808 1021 1873 Qui
1043 1808 1111 1864 dum
1131 1811 1236 1866 electus
1255 1828 1288 1865 ex
1311 1828 1391 1868 more
1410 1814 1519 1884 luisset,
1540 1817 1663 1873 loannes
1684 1819 1780 1877 diaeo-

100 1906 169 1971 tum,
185 1919 256 1958 curu
271 1903 334 1958 aliis
349 1902 479 1958 fidelibus
494 1903 644 1958 Dominum
659 1902 836 1973 glorificavit.
852 1904 920 1958 Post
968 1918 1022 1957 uus
1035 1918 1100 1959 cum
1113 1904 1217 1975 agresti
1239 1920 1325 1980 manu
1342 1905 1450 1963 bellicis
1469 1908 1533 1964 telis
1554 1915 1666 1968 armata
1677 1913 1782 1985 januas

101 1997 159 2052 haec
173 2012 252 2069 papa
267 1997 402 2053 carolum
416 1997 550 2067 ldagnum
567 2012 666 2067 regem
686 1995 763 2063 adiit,
781 2000 808 2051 et
826 1996 920 2067 queri·
967 1995 1064 2068 fregit,
1089 2002 1117 2052 et
1137 1996 1208 2068 legis
1230 2003 1259 2053 et
1279 1999 1388 2055 ordinis
1409 2001 1597 2060 traditionem
1620 2009 1782 2079 transgres-

102 2090 230 2145 moniam
244 2089 282 2145 de
298 2089 384 2145 rebus
399 2090 485 2161 gestis
500 2089 526 2145 ei
542 2089 730 2161 deprompsit.
747 2091 781 2145 dt
794 2089 840 2146 ille
856 2093 917 2144 tun-
969 2106 1026 2155 sus,
1052 2105 1105 2161 per
1126 2090 1183 2145 vim
1212 2090 1240 2146 iu
1264 2093 1469 2162 patriarchium
1491 2096 1615 2153 intravit.
1641 2099 1696 2155 Sed
1718 2104 1785 2172 post

103 2190 161 2240 tum
179 2185 279 2239 virum
297 2183 455 2240 honorifice
472 2183 607 2257 suscepit,
622 2189 650 2239 et
664 2200 730 2239 cum
749 2182 860 2240 duobus
872 2200 918 2238 ar·
969 2198 1059 2238 unam
1072 2183 1171 2240 horam
1183 2199 1290 2241 cuneus
1304 2187 1366 2257 ejus
1379 2187 1482 2245 timore
1494 2196 1643 2264 correptus
1654 2193 1740 2265 sugit,
1754 2199 1783 2251 et

105 2277 920 2351 chlepiseopis‚1dilvald0clarnone,atquev1episeopis
968 2278 1091 2333 loannes
1109 2275 1222 2333 invasor
1240 2283 1338 2350 captus
1358 2286 1387 2336 et
1407 2298 1495 2338 eaesus
1511 2299 1543 2338 ae
1557 2284 1709 2342 diaconatu
1727 2286 1785 2359 pri·
1855 2265 1860 2276 ⁹

107 2377 133 2427 et
144 2371 238 2427 tribus
252 2370 407 2426 comitibus
421 2370 538 2428 remisit.
553 2372 617 2444 lpse
630 2387 743 2444 quoque
758 2388 809 2427 rex
821 2375 921 2444 postea
969 2371 1050 2425 ratus
1064 2372 1115 2426 est.
1129 2371 1161 2426 ln
1173 2371 1221 2428 illo
1233 2373 1373 2444 tempore,
1388 2372 1535 2431 lotharius
1551 2379 1697 2450 Augustus
1716 2381 1784 2436 Dro-

107 2465 227 2521 Rcmam
246 2464 337 2534 venit,
359 2468 388 2520 ct
408 2465 444 2520 ab
466 2465 567 2522 eodem
589 2481 673 2537 papa,
695 2465 726 2520 in
745 2465 795 2521 Die
816 2465 921 2522 Natalis
971 2478 1091 2536 genem,
1125 2464 1369 2538 archiepiscopum
1395 2467 1580 2540 bellensem,
1610 2473 1639 2528 et
1668 2472 1785 2529 ludovi-

110 2559 231 2629 bomini,
252 2559 285 2614 in
305 2559 427 2614 ecclesia
449 2558 544 2615 Sancti
565 2559 642 2615 Petri
662 2562 813 2616 coronatus
827 2565 879 2628 est,
893 2564 921 2615 et
971 2573 1036 2613 eum
1048 2557 1140 2613 lilium
1157 2575 1252 2630 suum,
1270 2576 1336 2616 eum
1352 2559 1449 2618 multis
1468 2563 1607 2637 episeopis
1627 2568 1657 2621 et
1677 2565 1786 2625 abbati·

108 2653 139 2707 ab
153 2651 294 2709 omuibus
307 2656 367 2708 tam
384 2653 517 2709 Romanis
530 2669 616 2726 quam
636 2653 751 2710 Francis
765 2654 922 2727 imperator
969 2651 1023 2708 bus
1034 2655 1120 2726 atque
1134 2653 1288 2710 comitibus
1301 2656 1422 2712 Romam
1434 2656 1521 2713 misit.
1532 2658 1585 2723 Oui
1598 2660 1704 2716 multas
1712 2664 1782 2718 stra·

111 2746 250 2803 llomanns
263 2747 436 2803 constitutus
448 2752 500 2804 est.
973 2763 1021 2819 ges
1036 2763 1088 2817 per
1100 2747 1185 2803 urbes
1200 2750 1230 2804 et
1243 2764 1327 2822 agros
1339 2749 1369 2805 in
1384 2748 1428 2805 via
1439 2751 1579 2822 fecerunt,
1595 2759 1623 2809 et
1635 2754 1785 2828 indigenas
1870 2784 1874 2789 ·

139 2843 202 2898 Post
224 2840 297 2910 hac,
318 2840 474 2897 indictione
495 2857 533 2912 rx,
555 2857 573 2898 ιι
594 2842 655 2898 Kal.
678 2842 753 2911 llaii,
776 2848 920 2899 terraemo-
971 2840 1087 2895 colonos
1109 2841 1258 2912 tyrannica
1281 2842 1449 2900 crudelitate
1471 2846 1637 2918 perterritos
1657 2849 1692 2904 ad
1716 2850 1786 2905 late-

111 2940 150 2991 bis
171 2951 298 3007 maguus
319 2936 412 2991 lactus
433 2938 521 2992 estet
540 2939 631 2992 totam
656 2937 802 2992 ecclesiam
828 2936 923 2993 Sancti
971 2932 1038 2989 bras
1058 2935 1215 3008 confugere
1230 2942 1395 3008 coegerunt.
1410 2938 1538 3004 Quadam
1552 2940 1650 3013 itaque
1666 2942 1712 2999 die
1726 2948 1787 2999 atra

112 3029 182 3085 Pauli
199 3027 323 3102 apostoli
343 3028 441 3098 diruit,
455 3045 542 3101 quam
558 3030 612 3086 Leo
625 3046 700 3103 papa
718 3030 826 3102 optime
842 3047 923 3102 repa·
973 3026 1096 3087 densitas
1108 3028 1229 3085 nubium
1242 3030 1317 3085 lacta
1329 3035 1381 3100 est,
1399 3036 1427 3088 et
1439 3032 1558 3105 quidam
1570 3035 1707 3107 primates
1719 3037 1788 3094 liro·

113 3124 185 3179 ravit.
204 3121 331 3179 Limnias
352 3139 465 3196 quoque
487 3123 564 3180 idem
586 3124 690 3195 praesul
712 3125 802 3180 trihus
823 3099 960 3181 diebusC
973 3120 1055 3194 genis
1076 3121 1196 3178 fulmine
1219 3124 1345 3196 percussi
1364 3125 1520 3198 perierunt.
1543 3128 1700 3186 Ludevieus
1721 3146 1787 3188 sero

114 3221 173 3272 ante
197 3216 402 3274 mensionem
422 3217 535 3274 bomini
551 3218 635 3289 jussit
655 3218 802 3274 celebrari.
825 3217 924 3274 Nullus
974 3216 1096 3272 Romam
1119 3217 1211 3286 venit,
1235 3222 1264 3274 et
1285 3218 1399 3290 Sergius
1420 3237 1495 3294 papa
1518 3221 1579 3278 oleo
1601 3226 1699 3280 saneto
1721 3241 1789 3283 eum

114 3311 353 3383 predecessorum
371 3311 433 3384 ejus
444 3311 474 3367 in
488 3311 612 3368 ecclesiis
626 3317 788 3369 sanctorum
802 3317 830 3368 et
844 3329 925 3368 orna·
973 3310 1107 3382 perunxit
1119 3313 1147 3367 et
1156 3326 1255 3384 regem
1267 3312 1519 3384 Langobardomm
1530 3318 1715 3375 consecravit.
1726 3319 1790 3376 Ser·

114 3406 213 3462 nentis
236 3405 284 3461 rel
307 3404 371 3460 aliis
393 3405 557 3462 necessariis
578 3406 663 3462 rebus
684 3407 856 3480 plusquam
878 3406 925 3463 ille
975 3404 1038 3476 gius
1052 3421 1127 3476 papa
1141 3422 1205 3460 xxm
1219 3405 1366 3478 episcopos
1380 3407 1534 3478 ordinavit,
1548 3410 1675 3467 abbatias
1691 3412 1790 3485 plures

115 3504 240 3571 operatus
255 3505 310 3555 est.
326 3499 376 3555 Hie
392 3499 539 3572 episcopos
553 3515 632 3557 crxvr
652 3500 802 3557 ordinavit.
823 3501 923 3573 Sepul-
974 3503 1004 3554 et
1017 3498 1148 3554 ecclesias
1159 3499 1298 3555 condidit.
1312 3501 1355 3556 ad
1368 3502 1483 3557 Beatum
1498 3504 1613 3560 Petrum
1628 3507 1790 3577 apostolum

59 3622 61 3637 ι
116 3599 153 3648 tus
161 3609 229 3649 sero
243 3598 287 3649 est
300 3593 331 3647 in
344 3592 460 3648 basilica
471 3593 567 3650 Sancti
586 3594 662 3650 Petri
682 3594 812 3667 apostoli,
827 3612 847 3649 ιι
861 3595 926 3651 ldus
975 3592 1102 3664 sepultus
1126 3597 1179 3660 est,
1198 3595 1228 3648 et
1247 3593 1365 3648 cessarit
1389 3593 1568 3667 episcopatus
1590 3599 1737 3655 mensibus
1758 3616 1789 3671 ιι,

115 3687 193 3743 lunii.
207 3687 244 3742 Et
258 3685 379 3743 cessavit
392 3687 571 3759 episcopatus
582 3703 678 3744 mense
692 3704 710 3743 ι.
975 3684 1074 3741 dicbus
1087 3701 1134 3740 xv.

144 3781 308 3853 Stephanus
321 3781 475 3848 Romanus,
487 3797 522 3837 ex
535 3785 617 3852 patre
630 3782 746 3849 llarino,
760 3782 835 3838 sedit
847 3796 926 3838 men·
1012 3779 1067 3833 Leo
1088 3780 1247 3847 Romanus,
1271 3795 1305 3834 ex
1327 3782 1409 3850 patre
1434 3779 1595 3852 ltadualdo,
1617 3784 1689 3840 sedit
1708 3787 1791 3842 annis

117 3875 184 3931 sibus
197 3891 246 3931 ιιι.
263 3874 325 3942 llic,
339 3890 392 3946 pro
409 3874 605 3931 confirmanda
622 3891 690 3946 pace
709 3881 814 3931 sanetae
830 3876 925 3932 Eccle·
975 3888 1032 3940 ιιιι,
1052 3871 1197 3929 mensibus
1216 3889 1253 3939 ur,
1276 3872 1376 3928 diebus
1399 3891 1436 3930 ιι.
1458 3875 1508 3929 llic
1530 3876 1792 3936 innumerabilibus

117 3971 168 4037 siae,
194 3968 318 4024 Galliam
345 3967 381 4023 ad
405 3967 576 4024 ludovicum
601 3969 802 4041 imperatorem
829 3969 925 4042 petiit,
976 3965 1058 4021 bonis
1081 3972 1110 4021 ut
1130 3966 1171 4021 sol
1189 3966 1219 4022 in
1241 3966 1348 4021 mundo
1370 3967 1495 4038 emicuit,
1512 3974 1541 4024 et
1563 3971 1593 4025 in
1614 3972 1742 4028 edificiis
1763 3980 1793 4031 et

117 4079 230 4135 qunque
244 4061 335 4117 voluit
345 4061 381 4116 ab
395 4077 430 4117 eo
443 4061 615 4134 impetravit,
629 4067 659 4118 et
672 4064 768 4119 exules
780 4080 832 4136 pro
847 4066 926 4119 reatu
977 4060 1162 4128 ornamentis,
1187 4059 1303 4132 aliisque
1326 4060 1441 4116 utilibus
1460 4062 1560 4118 studiis
1585 4066 1716 4122 Ecclesia
1741 4068 1793 4124 Dei

116 4157 270 4213 iubeatum
285 4155 410 4211 Leonem
425 4171 529 4228 papam
547 4156 698 4212 commisso
716 4156 784 4212 iude
802 4157 926 4212 clemen·
977 4153 1172 4225 multiplieiter
1198 4153 1317 4223 proluit.
1342 4155 1408 4209 Post
1430 4159 1555 4212 mortem
1578 4157 1671 4231 Sergii
1699 4177 1793 4234 papae,

116 4253 151 4306 ter
162 4250 273 4307 eduxit.
287 4249 339 4304 llic
358 4248 505 4322 episcopos
524 4267 541 4304 v
558 4251 742 4319 consecravit,
763 4254 792 4307 et
808 4250 844 4307 ad
860 4250 926 4306 bea·
977 4263 1044 4303 mox
1059 4247 1206 4302 sarraceni
1225 4245 1355 4302 basilicas
1373 4249 1566 4318 apostolorum
1584 4253 1659 4307 Petri
1674 4258 1702 4309 et
1715 4255 1795 4311 Pauli

116 4347 170 4400 tum
194 4346 315 4401 Petrum
338 4344 498 4415 apostolum
526 4345 652 4416 sepultus
675 4348 726 4401 est.
751 4346 784 4400 Et
810 4344 929 4400 cessavit
979 4339 1133 4412 depredati
1153 4342 1229 4394 sunt.
1247 4339 1303 4395 Sed
1326 4340 1395 4397 dum
1415 4342 1450 4397 ed
1471 4342 1596 4400 africam
1617 4346 1732 4418 navigio
1752 4365 1795 4405 re·

115 4439 293 4512 episcopatus
309 4435 410 4492 diebus
424 4452 498 4491 ιιιιιι.
937 4467 967 4538 D
979 4433 1040 4488 dire
1062 4433 1175 4500 vellent,
1190 4433 1323 4505 procellis
1342 4434 1370 4488 in
1391 4435 1464 4490 mari
1477 4436 1636 4507 perierunt.
1649 4441 1726 4495 Tune
1739 4443 1795 4497 ter-

143 4532 288 4588 Pmchalis
303 4532 460 4601 Romanus,
474 4547 507 4585 ex
520 4536 603 4602 patre
624 4532 742 4601 Bonoso,
758 4531 834 4587 sedit
847 4531 928 4587 annis
977 4529 1115 4582 raemotus
1134 4517 1163 4581 in
1184 4527 1254 4582 urbe
1274 4528 1366 4583 Roma
1384 4528 1447 4582 talis
1466 4528 1559 4584 lactus
1581 4533 1624 4585 est
1646 4538 1675 4586 ut
1696 4535 1793 4589 omnia

114 4642 156 4695 ιιι,
176 4626 327 4682 mensibus
346 4641 383 4693 ιι,
405 4623 505 4681 diebus
524 4640 600 4680 xviri.
620 4624 670 4681 llic
690 4625 928 4697 predecessorum
978 4621 1119 4676 elemento
1136 4635 1270 4675 concussa
1287 4620 1462 4676 viderentur.
1478 4620 1534 4676 Leo
1552 4638 1626 4694 papa
1647 4624 1795 4696 prohibuit

113 4736 227 4777 suornm
251 4717 446 4775 sanctissimus
468 4719 617 4774 emulator
640 4718 763 4787 exstitit,
787 4723 817 4774 et
839 4720 928 4774 multa
977 4714 1065 4769 laicos
1085 4713 1120 4768 ad
1137 4712 1237 4768 missas
1254 4713 1284 4769 in
1300 4713 1477 4785 presbyterio
1493 4731 1565 4771 esse.
1580 4717 1612 4771 ln
1630 4717 1724 4787 primo
1741 4736 1793 4792 pa·

113 4813 241 4871 Ecclesiae
253 4813 416 4886 populoque
433 4811 553 4884 pulchra
572 4818 601 4867 et
617 4812 698 4867 utilia
716 4812 794 4869 lecit.
814 4812 926 4884 Episco·
978 4812 1059 4879 patus
1079 4806 1123 4861 sui
1141 4823 1216 4863 anno
1236 4806 1397 4862 basiliscum
1415 4808 1523 4864 meritis
1541 4812 1570 4865 et
1582 4811 1716 4882 precibus
1736 4813 1796 4870 suis

114 4925 159 4981 pes
177 4924 212 4964 xe
232 4905 419 4963 consecravit.
434 4907 465 4961 ln
485 4905 603 4961 ecclesia
616 4922 683 4961 vero
700 4906 776 4962 Beati
792 4905 867 4961 Petri
883 4922 927 4962 se·
980 4900 1125 4974 effugavit,
1141 4900 1189 4972 qui
1203 4901 1233 4956 iu
1251 4901 1332 4957 tetris
1352 4901 1480 4957 cavernis
1499 4903 1599 4959 Romae
1616 4904 1707 4962 lateus
1724 4906 1795 4964 flatu

113 5004 206 5074 pultus
220 5004 275 5057 est.
291 5002 326 5057 ut
340 4998 460 5055 cessavit
474 4999 764 5072 episcopatusdiebus
778 5015 814 5054 ιι.
980 5011 1030 5050 suo
1057 4996 1162 5050 multos
1187 4994 1358 5067 perimebat.
1388 4995 1519 5052 validum
1549 5014 1665 5070 quoque
1697 5001 1796 5074 ignem

57 5088 59 5111 '
146 5093 295 5168 eugenius
314 5095 473 5164 Romanus,
491 5094 641 5149 virbonus
662 5099 691 5149 et
710 5097 835 5161 sanctus,
857 5093 931 5148 sedit
979 5087 1078 5144 beatus
1092 5105 1165 5160 papa
1178 5088 1207 5144 in
1224 5089 1284 5144 vieo
1302 5091 1459 5145 Saxoneum
1478 5090 1622 5148 lucentem
1636 5093 1718 5167 signo
1731 5112 1796 5152 cru-

115 5192 194 5248 annis
213 5205 251 5245 ιι.
269 5190 347 5245 'lunc
366 5203 471 5260 magna
487 5188 601 5244 ubertas
621 5192 648 5244 et
661 5204 716 5260 pax
731 5187 760 5242 in
776 5187 845 5244 orbe
861 5203 929 5259 reg·
980 5183 1019 5237 cis
1039 5183 1169 5253 opposito
1195 5182 1337 5238 exstinxit.
1365 5183 1501 5240 aeclesias
1527 5187 1633 5243 multas
1659 5192 1688 5243 et
1713 5205 1798 5244 orna·

115 5286 202 5341 nevit,
981 5279 1078 5333 menta
1100 5277 1176 5345 fecit,
1200 5276 1332 5349 antiquas
1359 5278 1444 5334 urbes
1470 5281 1653 5350 restauravit,
1680 5298 1797 5338 murum

147 5377 316 5434 Valentinus
334 5377 490 5444 Romanus,
505 5391 539 5432 ex
557 5382 638 5450 patre
656 5376 748 5447 Petro,
763 5375 798 5432 de
813 5374 932 5448 regione
982 5373 1080 5427 Romae
1095 5371 1250 5442 renovavit,
1265 5371 1414 5428 ecclesiam
1436 5389 1502 5429 vero
1516 5374 1613 5431 Sancti
1628 5376 1701 5431 Petri
1715 5391 1797 5432 muro

115 5474 162 5530 Via
175 5473 255 5542 lata,
266 5470 378 5529 eunetis
390 5471 503 5544 pellens
515 5470 676 5539 virtutibus,
688 5470 761 5527 sedit
775 5469 874 5526 diebus
888 5486 929 5527 xa.
982 5465 1079 5537 cinxit,
1092 5472 1121 5522 et
1132 5465 1213 5538 quasi
1227 5466 1339 5538 urbem,
1350 5483 1415 5539 qum
1426 5484 1443 5523 a
1453 5468 1569 5524 nomine
1582 5469 1644 5540 ejus
1657 5470 1799 5527 leoniana

113 5568 161 5624 llic
173 5568 210 5624 ab
222 5565 368 5640 episcopis
379 5568 495 5621 eentum
508 5568 537 5621 et
548 5565 713 5637 proceribus
727 5565 930 5636 Romanorum,
983 5561 1095 5630 dieitur,
1111 5560 1241 5629 firmavit,
1256 5567 1285 5616 et
1304 5576 1369 5616 cum
1390 5559 1468 5617 omni
1489 5563 1595 5635 populo
1618 5564 1745 5620 Romano
1768 5564 1799 5623 in

107 5663 253 5736 omnique
265 5661 374 5735 populo
390 5661 420 5715 in
437 5647 547 5733 palatio
557 5658 740 5716 lateranensi
757 5659 863 5715 electus
879 5662 931 5727 est,
983 5671 1087 5729 magna
1099 5655 1200 5711 loetitia
1212 5655 1343 5711 omnium
1358 5672 1385 5713 ιι
1401 5657 1459 5711 llal.
1472 5656 1539 5711 tulii
1552 5656 1701 5713 dedicauit.

114 5761 141 5815 et
154 5757 192 5815 de
207 5756 331 5814 ecelesia
343 5754 438 5812 Sancti
460 5752 510 5809 liei
528 5752 672 5827 genitricis
691 5754 786 5812 itariae
801 5768 931 5826 assump·
1018 5751 1088 5805 Ecce
1112 5749 1289 5806 mentionem
1314 5753 1429 5806 centum
1454 5750 1647 5824 pontilleum,
1665 5750 1718 5823 nui
1735 5753 1808 5822 post
