3750 6046
151 179 220 236 latr
747 177 973 235 distabamus
993 176 1227 235 Potantibus,
1763 176 1825 231 1118

150 308 224 359 rant.
239 301 317 356 Absit
329 305 426 356 autem
442 301 477 356 ab
493 302 650 357 orthodoxa
675 303 838 358 Graecorum
853 302 918 369 lide,
932 306 965 357 ut
975 315 1005 388 Α
1015 300 1191 373 aliquatenus
1203 300 1365 373 discrepare
1386 301 1525 371 videmur,
1541 317 1605 374 quaa
1623 300 1690 356 licet
1710 299 1829 354 salutem

149 412 322 469 quemquam
348 395 575 451 Christianorum
608 396 638 451 in
663 395 840 452 invocatione
873 397 965 468 hagiae
1016 395 1178 450 animarum
1199 411 1258 450 non
1278 394 1446 466 impediant,
1466 398 1562 451 tamen
1585 395 1759 450 charitatem
1776 410 1829 448 nou

149 489 296 545 Trinitatis
316 489 487 561 baptizatum
509 490 604 545 denuo
624 490 860 563 rebaptizandum
881 496 964 562 pute·
1016 489 1179 544 aedificant:
1199 506 1309 544 summo
1323 489 1429 556 studio,
1448 490 1522 544 sicut
1540 505 1628 560 supra
1651 487 1723 556 dixi,
1737 486 1830 543 elabo-

147 600 222 650 mus,
242 583 378 655 quoniam
399 584 452 638 boe
475 585 578 652 lacere,
602 586 645 639 vel
672 584 832 639 laciendum
862 583 965 657 praedi·
1017 583 1138 637 randum
1153 589 1238 649 esset,
1259 588 1291 637 ut
1304 584 1436 653 generale
1452 583 1606 638 concilium
1625 598 1757 653 congruo
1772 581 1830 636 loco

152 692 226 744 care,
242 679 285 732 est
308 677 475 733 haereticum
493 694 563 732 esse.
588 678 663 733 Sane
677 678 817 734 habemus
829 678 967 750 quasdam
1017 680 1045 732 et
1061 680 1187 747 tempora
1208 677 1296 745 lieret,
1319 676 1365 731 ubi
1379 676 1511 732 universa
1530 692 1594 749 quta
1610 693 1663 731 uos
1683 680 1714 731 et
1734 691 1784 731 vos
1799 675 1831 730 ab

150 771 361 843 purificationes
375 770 404 825 in
418 772 551 826 unctione
565 773 635 826 sacri
660 773 715 827 olei
724 791 732 841 ;
751 779 778 827 et
791 772 905 844 quaudo
919 788 966 827 ve·
1018 771 1120 825 eodem
1136 770 1189 825 ritu
1206 770 1366 839 dissociant,
1378 770 1407 824 in
1418 786 1503 825 uuam
1520 771 1635 826 reducta
1649 768 1830 826 concordiam

152 864 238 919 uiuat
250 864 286 919 ad
306 882 358 921 nos
372 882 503 937 personae
518 870 672 933 extraneae,
687 866 738 920 viri
761 883 811 921 seu
823 865 965 935 mulieres,
1018 864 1182 929 formarent,
1199 869 1226 918 et
1240 869 1299 918 tam
1312 863 1399 918 Graeci
1412 880 1499 934 qnam
1516 864 1607 919 Latini
1620 880 1698 918 unus
1715 862 1832 935 populus

153 961 182 1013 et
197 958 316 1013 transire
332 959 449 1030 cupiunt
464 960 494 1014 in
509 965 637 1015 nostrum
653 960 741 1015 ritum
757 964 784 1014 et
799 960 827 1014 in
839 962 968 1014 nostram
1018 958 1069 1012 sub
1087 973 1143 1012 uno
1163 957 1286 1012 Domino
1305 959 1371 1012 lesu
1390 956 1512 1022 Christo,
1532 958 1561 1012 iu
1577 973 1636 1012 una
1649 957 1719 1026 lide,
1735 957 1831 1011 inuno

152 1051 328 1121 societatem,
357 1053 419 1108 oleo
448 1057 558 1109 sacrato
581 1071 628 1109 eos
653 1053 828 1125 irumgimus,
856 1053 922 1124 quia
945 1053 966 1107 si
1017 1050 1202 1123 baptismate,
1230 1051 1259 1104 iu
1288 1067 1346 1106 uno
1373 1057 1618 1106 sacramentorum
1649 1051 1710 1106 ritu
1744 1049 1831 1106 effice·

152 1152 362 1202 sacramentum
387 1147 527 1203 unctionis
550 1149 627 1218 prius
649 1147 839 1219 perceperint,
857 1147 968 1218 ignora·
1017 1148 1108 1200 retur.

154 1256 229 1295 mus.
253 1241 439 1312 Nequaquam
461 1245 556 1296 autem
571 1258 619 1296 eos
639 1241 734 1296 denuo
747 1241 967 1312 rebaptizamus,
1053 1239 1202 1292 nnsetmus
1216 1238 1450 1309 llavelbergeusis
1463 1238 1612 1310 episeopus
1630 1236 1704 1292 dixit
1720 1253 1728 1290 :
1744 1238 1830 1293 llaere-

155 1345 225 1401 quos
245 1331 324 1400 prius
344 1331 500 1403 baptizatos
521 1330 683 1398 didicimus,
707 1348 760 1386 nec
783 1347 832 1386 eos
855 1348 968 1403 quoque
1019 1333 1174 1387 reticerem
1189 1336 1230 1386 est
1249 1333 1367 1403 angulos
1383 1338 1410 1386 et
1432 1331 1552 1386 latebras
1573 1346 1727 1401 quaerere3
1748 1329 1832 1385 sedtu

154 1424 332 1496 inungimus,
356 1442 426 1496 quos
446 1425 525 1497 prius
545 1428 657 1494 unctos,
681 1431 708 1480 et
730 1425 873 1480 chrismali
899 1442 966 1480 une·
1018 1426 1066 1497 qui
1088 1425 1222 1496 generale
1241 1424 1389 1479 concilium
1404 1424 1557 1493 desideras,
1584 1423 1699 1479 ridetur
1722 1423 1833 1495 quodid

125 1574 127 1578 Α
155 1517 232 1572 tione
248 1534 300 1591 per
320 1535 421 1573 manus
443 1518 657 1590 impositionem
674 1519 873 1586 sanctificatos,
889 1525 917 1573 et
940 1518 969 1573 in
1019 1519 1096 1590 quod
1107 1518 1275 1573 catholicum
1286 1522 1336 1585 est,
1351 1517 1483 1572 iutcndas
1499 1535 1506 1572 :
1522 1518 1645 1589 ideoque
1659 1520 1688 1572 et
1702 1533 1759 1589 ego
1775 1533 1832 1572 con-

156 1612 313 1666 Christiaua
339 1613 477 1685 religione
500 1616 711 1668 consummatos
723 1629 780 1666 non
795 1611 967 1667 dubitamus.
1019 1612 1116 1668 cilium
1129 1612 1286 1667 universale
1300 1611 1426 1666 futurum
1440 1617 1553 1684 exopto,
1569 1611 1618 1665 ubi
1629 1610 1830 1683 tuasapieutia,

156 1705 218 1760 Non
242 1711 338 1761 autem
352 1706 456 1762 dieitur
474 1707 622 1774 iteratum,
639 1706 713 1778 quod
726 1706 875 1778 ignoratur
891 1707 969 1777 prius
979 1686 1008 1758 Β
1020 1709 1068 1760 tua
1081 1705 1252 1777 eloquentia,
1267 1709 1313 1760 tua
1324 1707 1467 1771 sanctitas,
1483 1709 1531 1760 tua
1546 1705 1708 1773 maturitas,
1722 1708 1772 1759 tua
1784 1704 1833 1759 dis

156 1798 275 1855 iactum.
1020 1800 1117 1866 cretio,
1136 1801 1185 1854 tua
1208 1798 1406 1866 mansuetudo,
1428 1802 1476 1853 tua
1490 1798 1642 1865 modestia,
1658 1803 1709 1853 tua
1725 1796 1833 1869 religio,

418 1871 610 1928 CAPlTULUM
630 1872 707 1927 ΧΧῙῙ·
1020 1897 1068 1948 tua
1094 1892 1264 1961 constantia,
1288 1897 1335 1947 tua
1356 1893 1457 1964 pietas,
1478 1896 1526 1946 tua
1545 1892 1698 1963 perfectio,
1720 1890 1752 1946 iu
1770 1891 1835 1946 lacis

193 1968 230 2019 De
245 1966 388 2021 ⁶⁰n⁶⁰rdi⁰
401 1968 552 2036 sapientum
568 1966 755 2021 Grae⁰⁰rum⁸t
767 1968 933 2021 mmmm·
1020 1991 1105 2047 totius
1126 1989 1254 2046 Ecclesiae
1278 1990 1453 2045 adsalutem
1476 1993 1506 2044 et
1528 1988 1688 2045 doctrinam
1711 1989 1835 2044 omnium

192 2081 344 2136 Anselmus
359 2082 595 2154 Havelbergensis
614 2081 762 2153 episeopus
784 2081 872 2136 dixit:
900 2082 970 2136 Gra·
1021 2085 1108 2157 possit
1122 2085 1290 2139 elucescere.
1313 2084 1368 2138 lloc
1393 2100 1457 2138 mea
1476 2083 1634 2150 humilitas,
1649 2099 1716 2139 mea
1728 2083 1834 2139 medio-

43 2196 49 2205 ·
156 2174 210 2229 tias
223 2192 277 2246 ago
292 2177 361 2244 bec,
375 2176 425 2247 qui
439 2182 467 2230 et
481 2176 536 2231 boc
551 2176 714 2230 scandalum
728 2193 742 2229 a
757 2192 803 2230 me
818 2175 970 2241 submovit,
1022 2179 1114 2246 critas,
1136 2194 1198 2233 mea
1218 2178 1350 2250 parvitas,
1372 2194 1436 2232 mea
1458 2177 1582 2245 devotio,
1609 2192 1691 2232 meus
1711 2178 1834 2244 allectus,

159 2274 187 2324 et
202 2269 390 2339 opprobrium
403 2269 553 2327 Christiani
563 2269 697 2335 nominis,
712 2270 785 2340 quod
797 2270 932 2324 hacteuus
943 2269 971 2323 iu
1023 2288 1119 2327 meum
1133 2272 1303 2326 desiderium
1318 2288 1433 2343 semper
1445 2274 1545 2342 optare
1557 2288 1616 2326 non
1628 2271 1761 2327 cessabit.
1776 2273 1837 2326 [Ini-

158 2363 322 2417 Grtucorum
343 2363 553 2434 sapientissima
572 2367 656 2434 gente
677 2363 835 2436 suspicatus
854 2379 930 2431 sirm,
956 2380 973 2417 a
1022 2367 1095 2422 versi
1108 2367 1267 2421 clamantes
1289 2363 1444 2420 dixerunt:
1461 2367 1602 2432 uoaasot,
1624 2365 1752 2429 oTlreos,
1766 2368 1836 2420 Doce

158 2471 205 2511 me
220 2455 344 2511 abstulit.
1022 2459 1071 2524 sot,
1088 2471 1103 2509 ο
1119 2455 1211 2516 Theos,
1236 2457 1313 2509 Doara
1325 2457 1375 2521 soi,
1391 2470 1405 2508 o
1421 2455 1511 2522 Tirsos,
1530 2453 1605 2525 quod
1626 2459 1679 2523 est,
1702 2455 1836 2511 1110111111
1860 2488 1864 2495 ·

195 2550 327 2604 Nechites
359 2550 591 2621 archiepiscopus
623 2549 795 2604 Nicomediae
823 2550 916 2604 dixit:
946 2550 973 2604 Si
1023 2552 1087 2612 Deo,
1103 2549 1195 2606 Gloria
1207 2550 1242 2603 sit
1255 2550 1319 2618 Deo,
1334 2548 1467 2605 Gloriostt
1481 2549 1544 2602 Dee.
1565 2547 1695 2605 -Calos
1708 2548 1833 2618 diatonos,

159 2643 230 2697 fides
252 2646 349 2698 nostra
371 2648 400 2698 et
414 2644 482 2698 ritus
508 2646 606 2711 nostri,
622 2660 692 2715 quos
708 2643 846 2697 babemus
867 2645 895 2696 iu
910 2644 973 2715 lege
1025 2643 1099 2716 quod
1113 2646 1163 2711 est,
1176 2642 1357 2697 bonusitualis
1372 2657 1466 2696 serino.
1477 2641 1655 2711 ilotoprapbi,
1668 2640 1833 2712 holographi,

159 2737 210 2791 Dei
233 2737 393 2808 prudentiae
419 2741 473 2791 tuae
494 2738 615 2807 placent,
640 2754 690 2791 nos
713 2753 886 2807 magnopere
902 2753 973 2807 gau·
1024 2737 1100 2809 quod
1115 2742 1166 2803 est,
1185 2741 1269 2791 totum
1286 2736 1431 2800 scribatur,
1444 2736 1692 2790 totumseribotur.
1708 2738 1760 2791 uic
1770 2738 1831 2804 ituit.

160 2829 270 2886 demus.
295 2831 366 2894 Quia
382 2847 449 2886 vcro
466 2847 523 2887 uon
538 2829 567 2885 iu
588 2829 708 2902 maguis,
731 2830 778 2884 sed
800 2829 829 2885 iu
849 2830 975 2885 minimis
1024 2833 1077 2887 Deo
1096 2833 1210 2901 pacatius.

167 3176 1830 3226 Ἥ

840 3441 925 3487 ANNO
947 3441 1056 3487 nomint
1076 3441 1172 3488 uctrv

171 3652 982 3825 GlSLEBERTUS
1058 3649 1826 3824 PORRETANUS

743 3969 1020 4038 PlCTAVlENSlS
1042 3969 1262 4039 EPlSCOPUS

665 4416 941 4510 ΝΟΤΙΤΙΑ
985 4414 1342 4509 Histouttn

790 4644 872 4717 (dett.
889 4645 988 4704 011111.
1002 4659 1076 4707 noe„
1092 4644 1125 4713 ll,
1144 4643 1220 4714 1175)

203 5091 376 5145 Gistebertus
397 5095 572 5151 porretanus,
596 5093 683 5157 patria
705 5093 896 5155 pictaviensis,
918 5093 985 5157 legi·
1036 5093 1098 5156 logo
1115 5096 1223 5145 creatus
1240 5095 1280 5142 est
1298 5091 1457 5158 episcopus,
1475 5100 1541 5138 nam
1556 5088 1682 5149 tempore
1702 5098 1763 5137 suae
1776 5083 1836 5135 alec·

169 5166 256 5216 turin
270 5164 374 5216 Galteri
389 5164 487 5217 codice
499 5164 619 5217 Rutilaci
635 5164 766 5229 toparcha
780 5166 823 5224 tlt,
837 5163 887 5215 sed
900 5164 986 5225 scrip
1036 5167 1127 5228 tionis,
1155 5164 1260 5216 scilicet
1287 5175 1360 5212 anno
1385 5161 1456 5219 1111,
1481 5158 1526 5208 vel
1551 5156 1644 5221 potius
1672 5154 1746 5217 lits,
1773 5154 1839 5204 thee

169 5240 229 5287 tum
246 5240 351 5290 recenti
370 5238 523 5289 admodum
549 5251 642 5288 manu.
667 5237 709 5287 Ex
733 5237 868 5287 canonico
890 5234 986 5287 Sancti
1034 5237 1135 5302 logiam
1149 5235 1270 5286 Pictavis
1288 5231 1405 5283 docebat
1422 5231 1464 5295 (1).
1482 5227 1618 5293 vagiebat
1631 5230 1701 5278 tuno
1714 5224 1840 5279 illathso

171 5306 406 5374 Hilarii-ldmona,
428 5313 455 5361 et
477 5307 659 5360 subtilissimo
679 5306 845 5373 philosopho
864 5311 892 5358 at
910 5306 985 5357 theo
1034 5309 1108 5374 logia
1126 5320 1210 5373 quam
1229 5304 1424 5357 scholasticam
1442 5298 1597 5366 appensum
1613 5310 1679 5362 quae
1691 5296 1728 5349 ad
1745 5294 1841 5348 baden·

202 5480 235 5544 (tl
249 5480 281 5533 ld
294 5492 439 5546 perperam
453 5478 586 5545 scriptum
600 5481 727 5530 asserunt
744 5476 831 5528 nostri
850 5475 987 5528 8111111111-
1035 5469 1160 5521 Volviro.

169 5552 258 5616 lbani,
281 5564 346 5605 cum
364 5551 436 5614 haec,
457 5551 598 5616 inquiunt,
617 5549 743 5614 dynastia
762 5549 874 5600 vivente
892 5546 988 5598 Porre-
1067 5541 1101 5604 11)
1119 5539 1188 5591 Nam
1210 5534 1331 5589 occurrit
1353 5534 1414 5598 etus
1440 5531 1571 5583 decessor
1586 5527 1773 5583 Grlmoardua
1789 5522 1844 5591 apt-

153 5627 230 5687 tano,
251 5623 425 5689 abantiquo
448 5626 574 5690 tempore
593 5621 724 5676 dominos
741 5620 922 5689 cognomines
939 5618 988 5669 ha·
1036 5624 1147 5677 scopus,
1162 5625 1179 5659 ι
1192 5623 1237 5660 an.
1254 5606 1289 5658 ab
1301 5606 1437 5657 lucarnat.
1450 5604 1531 5655 bom.
1544 5600 1616 5653 1111.
1634 5600 1722 5653 Dana
1738 5612 1767 5653 u·
1785 5610 1844 5663 ²⁸8·

137 5691 247 5753 buerit,
268 5708 394 5761 qnos-nm
414 5696 510 5750 haem
529 5694 670 5762 ιθοῃοη,
691 5697 817 5749 castrum
829 5691 900 5747 'illud
920 5691 995 5745 dous
1039 5688 1126 5738 nanta
1145 5680 1287 5733 bedonico
1309 5690 1384 5743 rege,
1402 5691 1417 5726 a
1436 5677 1465 5726 tn
1486 5673 1583 5725 charta
1604 5670 1729 5725 Rcualdl
1750 5670 1842 5729 clud,

124 5764 254 5819 nomine
266 5769 418 5825 transtulit
429 5772 460 5827 la
472 5769 607 5829 nobilem
619 5770 765 5828 familiam
775 5767 958 5826 Platonicam
964 5764 1003 5823 ds
1050 5756 1195 5818 columb·
1203 5755 1240 5807 Ἦ*
1251 5744 1544 5803 WWWWQ
