3750 6046
136 216 206 277 ttrt
679 214 824 275 hNSEhlss
843 211 1144 271 HhVELBERGENSlS
1160 212 1268 270 EPISG.
1758 210 1818 267 liti

135 340 250 397 dicandi
261 336 477 396 animadvertas.
486 342 578 397 »Item
591 340 766 413 Augustinus
778 339 867 411 (tulin
877 338 949 394 libro
960 348 990 423 Α
1000 337 1088 393 ritum
1103 338 1247 395 sanctum.
1258 334 1336 392 Sicut
1353 335 1431 392 enim
1444 336 1555 391 aPatra
1569 338 1600 389 et
1614 332 1690 389 Filio
1703 331 1820 405 Spiritus

135 436 319 503 Quartienum
344 436 446 492 Veteris
462 443 488 491 et
515 438 584 494 Noui
601 438 764 492 Testamenti
785 450 846 504 cup.
859 436 894 489 22
914 433 948 488 de
997 436 1109 489 sanctus
1121 430 1351 504 legiturmissus:
1372 430 1412 485 ita
1426 430 1588 485 etalleoet
1603 427 1719 502 Spiritu
1728 434 1818 483 sancto

135 528 278 600 principio
296 544 302 583 :
318 549 333 579 a
348 529 422 585 Nihil
432 529 649 585 differtaPatre
667 529 764 598 Filius,
778 528 849 584 nihil
861 527 948 601 plane
997 532 1100 587 missus
1135 536 1177 585 est
1198 529 1325 585 Christus
1353 544 1360 583 :
1386 528 1442 583 hoc
1477 531 1578 584 autem
1611 524 1709 582 solius
1738 525 1819 581 Patris

136 621 233 678 differt
253 623 283 677 in
302 623 468 695 substantia,
488 624 554 695 quia
569 640 652 679 verus
672 624 757 679 Filius
776 626 834 689 est;
854 622 950 679 diliert
997 624 1141 698 peculiare
1156 627 1208 691 est,
1224 639 1260 678 ne
1274 623 1377 678 missua
1395 621 1514 677 dicetur.
1530 620 1695 676 Videamus
1710 634 1817 692 quoque

133 723 233 773 autem
244 716 275 772 in
297 733 393 788 carisa,
407 718 450 773 vel
464 718 566 790 gradu,
580 718 648 790 quia
670 718 762 773 omnis
781 718 912 790 potentia
932 734 949 773 a
998 718 1075 775 dicta
1096 718 1233 791 Apostoli,
1252 718 1302 789 qui
1326 715 1382 773 alio
1398 714 1499 772 ordine
1512 713 1724 788 complectitur
1736 713 1820 769 Triui·

133 811 218 867 Patre
233 811 262 866 in
276 811 345 867 Filio
358 816 418 867 est:
436 818 464 867 et
477 812 500 867 si
516 812 713 869 insubstantia
729 812 824 869 minor
837 829 894 868 non
906 815 950 867 est
998 816 1103 883 latem;
1118 812 1186 867 dicit
1205 811 1283 867 enim
1297 810 1374 867 inter
1386 814 1491 866 cratera
1506 808 1537 864 in
1549 808 1686 881 Epistola
1703 807 1819 865 secunda

135 905 232 973 Filius,
254 906 423 962 auctoritate
448 912 548 963 tamen
573 907 667 979 major
693 911 736 962 est
761 908 858 976 Pater,
887 908 948 978 ipso
998 907 1032 962 ad
1042 905 1304 962 Thessalonicenses
1326 907 1476 961 :Dominus
1491 904 1598 972 dirigui
1619 902 1713 959 corda
1737 906 1820 957 recha

134 1000 258 1057 Domino
272 1003 395 1056 testante
406 1001 560 1057 et’dicente
575 1019 581 1056 :
597 1002 628 1057 Si
649 1002 797 1072 diliperetis
811 1018 862 1067 me,
877 1018 949 1072 geu·
998 1004 1029 1058 in
1048 1002 1181 1057 chire-itate
1196 1002 1245 1055 Dei
1262 1004 1287 1055 et
1303 1000 1439 1070 patientia
1461 997 1564 1053 Christi
1583 997 1617 1067 til
1651 998 1760 1061 Thess„
1783 1012 1818 1066 nr,

136 1094 235 1151 daretis
247 1097 314 1165 quia
332 1095 402 1151 undo
424 1096 461 1150 nd
482 1098 600 1160 Patrem,
618 1098 683 1166 quio
703 1098 785 1151 Pater
804 1096 890 1164 maior
909 1111 950 1150 me
1000 1097 1037 1167 5).
1051 1095 1143 1160 Quem
1157 1099 1239 1167 putas
1257 1094 1304 1149 hic
1329 1092 1384 1147 dici
1409 1091 1573 1159 Dominum,
1595 1089 1655 1146 nisi
1682 1090 1818 1161 Spiritum

137 1195 177 1245 est
197 1188 298 1261 (ioum,
312 1206 369 1258 xiv,
386 1190 441 1256 28.)
463 1189 554 1254 Quem
570 1189 688 1244 modum
703 1189 864 1244 custodiens
879 1205 950 1261 apo·
998 1196 1138 1256 sanctum,
1152 1188 1200 1261 qui
1226 1187 1325 1259 dirigit
1341 1186 1427 1242 corda
1446 1191 1543 1242 nostra
1558 1186 1590 1241 in
1605 1185 1763 1241 charitate
1776 1184 1820 1241 Dei

24 1310 27 1317 ·
137 1284 226 1340 stolus
239 1283 360 1340 Paulus:
385 1286 470 1347 Unus,
495 1284 597 1356 inquit,
622 1288 691 1340 Deus
719 1288 811 1352 Diricr,
838 1300 871 1340 es·
898 1299 950 1354 quo
999 1283 1088 1338 Patris
1100 1281 1239 1338 mittentis
1251 1281 1366 1351 Filium,
1378 1286 1408 1337 et
1427 1280 1457 1335 in
1469 1279 1613 1352 patientia
1632 1279 1746 1337 Christi
1764 1278 1821 1337 ohe

137 1380 238 1441 omnin,
256 1381 386 1433 sinesin
410 1380 484 1449 ipso;
499 1382 524 1433 ct
544 1393 616 1433 rinris
644 1380 770 1433 Dominus
787 1380 873 1440 iesus,
900 1394 952 1449 per
1000 1376 1103 1434 dientis
1121 1376 1195 1433 Patri
1216 1392 1304 1448 usquc
1325 1375 1362 1430 ad
1383 1375 1527 1431 mortem?
1546 1376 1581 1431 Et
1602 1373 1644 1430 ad
1664 1372 1821 1429 Corinthios

136 1488 216 1543 quem
228 1474 329 1534 omniu,
346 1478 371 1527 et
385 1487 433 1527 nos
445 1488 493 1541 per
502 1472 623 1542 insumit
640 1472 782 1539 Gor.,rnr,
796 1471 834 1544 o).
850 1471 949 1542 Utpri-
1000 1472 1030 1527 iu
1042 1471 1166 1543 Epistola
1176 1470 1272 1543 prima
1284 1470 1430 1542 preterito
1443 1468 1542 1526 ordine
1557 1467 1657 1541 quiin
1671 1466 1820 1523 traditione

137 1582 202 1622 mus
217 1565 323 1637 gradus
345 1566 380 1621 sit
394 1582 426 1620 er
446 1581 502 1637 quo
520 1570 586 1620 sunt
610 1566 716 1634 omnia,
739 1565 879 1620 secundus
902 1581 952 1637 per
1000 1565 1067 1621 fidei
1081 1569 1166 1633 est,a
1191 1563 1298 1635 Spiritu
1317 1569 1415 1619 sancto
1430 1562 1530 1635 incipit
1543 1562 1715 1634 gratiarum
1730 1564 1760 1616 et
1772 1560 1821 1617 mi·
1867 1634 1869 1641 Ι

137 1675 224 1732 quem
237 1660 343 1728 omnia,
359 1660 459 1714 tertius
473 1659 503 1714 in
518 1676 575 1731 quo
592 1644 699 1714 onmia.
714 1660 746 1714 Et
767 1659 833 1730 qnia
858 1659 952 1714 nullus
1002 1658 1199 1714 nistrationum
1221 1673 1384 1713 memorare
1407 1656 1600 1728 operationes,
1624 1659 1658 1711 ct
1680 1655 1823 1727 subjunxit

137 1753 172 1809 dc
184 1753 229 1808 his
244 1754 372 1824 degener
385 1759 437 1821 est,
449 1753 479 1809 in
497 1753 606 1808 unitate
633 1754 683 1808 Dei
696 1753 847 1824 significati
872 1756 948 1823 sunt,
962 1725 990 1797 B
1003 1752 1154 1809 Dominum
1167 1754 1272 1820 iesum,
1287 1755 1317 1806 at
1330 1751 1449 1807 tertium
1468 1750 1551 1823 pouit
1568 1751 1677 1819 Deum,
1691 1750 1822 1823 quemiu
1867 1752 1869 1757 '

137 1846 250 1904 dicente
270 1846 405 1919 apostolo
423 1864 429 1902 :
445 1848 578 1915 Quoniam
600 1863 634 1903 en
652 1850 722 1918 ipso,
741 1853 767 1903 et
782 1863 830 1918 per
848 1851 949 1919 ipsum,
1001 1846 1107 1919 Spiritu
1134 1850 1233 1902 sancto
1255 1850 1285 1900 ct
1310 1846 1339 1900 in
1357 1845 1477 1901 Domino
1502 1844 1571 1901 dicit
1596 1844 1737 1916 operari;
1759 1843 1826 1899 sicut

137 1946 163 1997 et
177 1944 207 1996 in
221 1944 278 2012 ipse
299 1947 363 1997 sunt
381 1944 480 2004 omnio,
501 1944 555 2013 ipsi
575 1943 664 2011 glorio
687 1944 717 1997 in
732 1944 831 1997 seculo
842 1942 949 1997 saecuto-
1000 1940 1085 1996 etiam
1098 1939 1138 1996 ait
1149 1940 1210 2012 ipse
1235 1936 1371 1995 Dominus
1386 1954 1395 1996 t
1408 1941 1490 1995 Pater
1508 1954 1623 1995 monens
1645 1941 1679 1993 in
1698 1953 1755 2002 me,
1774 1940 1825 2009 ipat

135 2051 198 2091 rum
215 2034 313 2107 (Rom,
328 2052 365 2104 m,
382 2034 437 2107 so).
457 2034 582 2090 Postulat
602 2035 699 2107 itaque
724 2035 805 2104 ratio,
829 2041 858 2091 et
878 2035 951 2090 lldcs
999 2040 1130 2105 operatm
1143 2036 1242 2103 licon„
1254 2050 1311 2102 xrr,
1331 2033 1390 2105 m),
1402 2049 1454 2105 per
1469 2033 1496 2089 id
1510 2033 1591 2088 enim
1604 2033 1691 2105 quod
1705 2032 1746 2089 da
1772 2033 1824 2088 Deo

136 2128 282 2185 Catholica
292 2129 386 2191 docet.
402 2128 474 2182 utin
490 2127 715 2200 designationem
728 2129 873 2185 Trinitatis
889 2129 951 2184 talis
1001 2131 1083 2185 Patre
1101 2132 1143 2185 est
1159 2134 1188 2183 at
1205 2127 1328 2200 Spiritus
1349 2131 1464 2183 sanctus
1485 2132 1515 2184 et
1530 2127 1678 2197 Christus,
1696 2126 1824 2200 operatio

140 2223 210 2279 ordo
234 2223 476 2294 pronuntiationis
502 2222 658 2278 rectissime
684 2226 820 2292 sumetur,
847 2224 952 2279 scilicet
1001 2238 1102 2279 eorum
1123 2239 1195 2295 opus
1219 2229 1261 2278 est
1287 2221 1347 2279 Dei.
1367 2221 1494 2295 Denique
1527 2221 1675 2292 Spiritum
1698 2226 1826 2278 saucium

138 2319 231 2384 Pater,
257 2316 353 2384 Filius,
369 2317 490 2388 Spiritus
512 2322 632 2372 sanctus.
648 2318 701 2383 Qui
722 2318 799 2372 enim
826 2319 951 2390 equales
1001 2316 1217 2372 eumdemdicit
1230 2322 1259 2373 et
1274 2315 1439 2384 Dominum,
1454 2321 1484 2371 et
1508 2314 1669 2371 Dominum
1690 2316 1826 2372 eumdem

137 2411 245 2466 suntin
258 2410 408 2482 dignitate,
424 2411 507 2465 simul
522 2411 672 2482 aqrraliter
692 2411 747 2466 dici
761 2415 952 2484 nonpossunt
1002 2410 1069 2466 dicit
1088 2416 1117 2465 et
1142 2410 1249 2480 Deum3
1272 2413 1301 2464 et
1322 2409 1377 2466 hoo
1399 2413 1518 2482 propter
1537 2409 1685 2465 unitatem
1705 2415 1825 2481 naturai,

136 2504 167 2560 in
182 2505 433 2575 pronuntiatione;
450 2505 637 2576 atquibusest
651 2505 778 2576 ejusdem
792 2506 951 2577 maiestatis
1000 2504 1071 2560 Cum
1085 2520 1153 2576 ergo
1165 2505 1220 2559 hoc
1235 2505 1295 2559 loco
1312 2503 1445 2560 euiudern
1467 2505 1558 2559 Deum
1580 2502 1633 2575 qui
1660 2510 1706 2559 est
1727 2509 1758 2560 et
1783 2506 1827 2560 Do

136 2599 241 2666 unitas,
267 2602 310 2654 cst
335 2598 422 2654 etiam
449 2598 578 2654 discreta
600 2599 806 2669 personalitatis
828 2600 950 2669 trinitas,
1002 2596 1095 2653 minus
1107 2598 1182 2654 dicat
1198 2597 1312 2669 operari
1329 2596 1426 2653 omnia
1438 2597 1468 2651 in
1481 2596 1627 2666 omnihus,
1651 2596 1777 2653 inferius
1790 2598 1825 2653 sic

135 2693 245 2748 sublato
259 2693 339 2749 omni
361 2692 452 2764 gradu
480 2692 618 2748 distinctae
638 2693 794 2765 dignitatis,
816 2710 950 2749 concesso
1001 2691 1149 2761 conclusit,
1167 2692 1264 2747 dicens
1282 2693 1401 2749 :Omnia
1423 2697 1513 2746 nutem
1532 2693 1587 2746 lraec
1604 2696 1745 2762 operatur
1763 2708 1828 2747 unus

136 2792 236 2843 tamen
249 2787 433 2843 succedenter
450 2787 549 2843 ordina
571 2787 705 2843 distincta
721 2788 949 2843 enuntiationis:
1001 2793 1084 2858 utque
1108 2786 1180 2842 idem
1203 2787 1337 2857 Spiritus,
1361 2785 1485 2841 dividens
1513 2786 1635 2855 singuiis
1660 2793 1752 2857 prout
1773 2787 1826 2841 cult

136 2897 224 2953 quam
243 2881 374 2937 videlicet
386 2882 590 2937 enuntiationis
611 2881 741 2937 ordinem
767 2883 798 2937 in
815 2882 952 2937 Trinitate
1001 2878 1025 2952 (l
1038 2879 1113 2946 Gon,
1124 2894 1174 2949 ru,
1190 2879 1243 2951 lt).

136 2974 198 3047 ipse
212 2974 297 3031 Filius
322 2975 374 3031 Dei
393 2976 442 3048 qui
456 2976 553 3031 omnia
575 2976 662 3043 novit,
690 2979 820 3047 patenter
841 2975 953 3031 edocuit
1041 2996 1055 3024 ι(
1094 2974 1165 3028 Ecce
1201 2972 1371 3043 transposito
1403 2971 1502 3027 ordina
1534 2972 1696 3028 nominum
1732 2990 1823 3046 perso·

135 3068 537 3142 italoquensaddiscipulos:
560 3072 609 3135 lte,
633 3070 721 3125 docete
740 3086 828 3126 emeres
851 3077 950 3139 gentes,
1003 3068 1111 3124 natium
1141 3067 1171 3123 in
1195 3067 1332 3122 Trinitate
1363 3073 1422 3123 tros
1446 3067 1530 3122 unius
1557 3068 1747 3138 operationis
1772 3085 1827 3124 csse

136 3163 304 3234 baptizantes
324 3178 367 3218 eos
391 3166 422 3218 in
440 3165 547 3218 nomino
564 3166 666 3227 Petris,
682 3168 707 3220 et
726 3166 799 3226 Filii,
816 3169 841 3219 et
862 3166 951 3235 Spiri-
1003 3162 1149 3230 dicuntur,
1174 3161 1241 3232 quia
1267 3160 1398 3217 videlicet
1420 3176 1477 3216 uno
1499 3165 1640 3232 operante
1669 3162 1827 3218 rectissime

137 3262 179 3313 tus
192 3260 279 3313 sancti
298 3257 418 3329 (Datin,
435 3274 512 3326 xvrn,
531 3257 588 3329 io.)
1002 3265 1060 3311 tres
1073 3255 1208 3310 dicuntur
1228 3255 1350 3327 operari.
1365 3255 1480 3320 Quare?
1493 3255 1552 3309 Nisi
1568 3254 1638 3326 quia
1658 3260 1732 3312 sunt
1750 3257 1828 3312 nnius

403 3393 595 3452 CAPITULUM
630 3395 664 3450 m
1004 3348 1172 3418 divinitatis,
1198 3365 1370 3422 quocunque
1395 3348 1493 3404 ordine
1512 3349 1632 3404 nomina
1655 3367 1762 3408 eorum
1788 3368 1830 3423 po·

313 3503 318 3515 ,
434 3503 469 3515 Η
518 3503 523 3514 ,
668 3436 674 3450 ’
701 3505 705 3514 ,
772 3504 778 3515 ‚
855 3504 860 3515 ,
1002 3443 1055 3499 sita
1074 3443 1267 3499 inveniantur.
1278 3444 1313 3498 Et
1326 3442 1826 3519 DavidinPsalmoquiuquagesimo

136 3503 214 3577 Quod
245 3517 355 3557 nomino
392 3504 534 3557 Meritone
567 3506 735 3573 transpositu
767 3506 951 3557 inveniuntur.
1003 3540 1065 3593 ora,
1083 3539 1112 3591 et
1136 3536 1246 3593 invoca,
1271 3538 1361 3593 Deum
1380 3537 1524 3610 Spiritum,
1549 3537 1724 3593 nominihus
1744 3541 1827 3595 mum

172 3649 186 3679 u
200 3629 342 3684 Caeterum
355 3627 443 3699 aliqui
456 3629 546 3683 solent
562 3628 747 3700 prejudicare
760 3627 876 3700 Spiritui
888 3645 952 3683 san-
1002 3647 1188 3704 personarum
1202 3630 1324 3703 simplici
1333 3630 1389 3687 lide
1404 3630 1589 3702 transpositis,
1604 3633 1737 3690 credens
1754 3650 1829 3691 eam·

134 3724 190 3791 cto,
204 3722 278 3794 quod
293 3721 357 3778 ideo
372 3722 500 3793 degener
519 3722 704 3793 intelligatur,
719 3722 785 3794 quia
804 3721 954 3789 inordina
1003 3725 1071 3780 dem
1084 3724 1175 3780 trihus
1192 3724 1349 3781 Dirlnitatis
1374 3728 1518 3780 naturam.
1533 3724 1585 3781 Gor
1606 3728 1752 3785 mundum
1774 3744 1830 3785 cren

135 3816 236 3873 tertius
251 3815 377 3887 ponitur,
393 3831 459 3870 cum
473 3818 550 3869 tanta
572 3815 736 3886 simplicitas
749 3816 786 3870 sit
807 3815 837 3870 in
860 3816 953 3887 Scrip·
1002 3823 1032 3875 in
1042 3835 1092 3883 me,
1108 3822 1186 3883 Deus,
1200 3826 1226 3875 et
1247 3821 1381 3891 Spiritum
1395 3824 1496 3876 rectum
1509 3822 1613 3874 itinero
1633 3823 1664 3876 in
1681 3824 1831 3880 ouem

136 3910 207 3965 turis
230 3910 341 3977 divinis,
356 3912 388 3964 ut
412 3908 566 3979 aliquando
589 3907 719 3963 invenias
740 3909 858 3965 tertium
892 3911 951 3982 pri·
1002 3914 1204 3983 meislPsnl.x,
1221 3913 1427 3986 tl).Spiritum
1447 3916 1558 3969 rectum
1570 3914 1730 3972 Christum
1754 3918 1831 3973 dixit.

136 4020 216 4058 mum
237 4002 361 4074 positum
376 4018 382 4056 :
398 4007 429 4057 ut
444 4003 566 4057 enimse
587 4018 672 4057 causa
686 4002 793 4071 tulerit,
809 4003 849 4058 sic
862 4007 952 4076 etpo-
1005 4009 1075 4063 ltem
1089 4023 1096 4061 :
1111 4010 1150 4063 Nc
1161 4008 1289 4079 projicias
1301 4010 1451 4075 mensurate
1471 4013 1530 4071 tun,
1542 4015 1568 4063 et
1593 4008 1740 4081 Spiritum
1754 4028 1830 4069 snae

136 4100 255 4152 noritur.
276 4096 372 4151 Nullus
394 4096 471 4150 enim
486 4094 592 4168 injuria
615 4102 667 4164 est,
689 4096 757 4169 quia
776 4113 834 4153 una
854 4114 951 4154 eorum
1005 4108 1063 4157 tum
1089 4107 1165 4157 tuum
1185 4118 1218 4157 ne
1240 4104 1352 4170 ausone
1374 4119 1392 4158 e
1416 4117 1457 4157 me
1480 4100 1569 4174 libid,
1596 4101 1654 4175 lt).
1690 4105 1832 4177 Spiritum

136 4189 267 4246 divinitas
277 4194 327 4244 est.
344 4189 472 4261 lienique
486 4190 608 4261 legimus
621 4192 651 4244 in
664 4191 748 4258 lsaia,
763 4191 883 4246 Domino
905 4192 949 4247 di·
1002 4198 1133 4251 sanctum
1145 4194 1218 4250 dixit
1232 4195 1327 4268 ipsum
1340 4196 1477 4268 Spiritum
1491 4198 1635 4265 sanctum,
1651 4198 1730 4255 item
1743 4200 1833 4255 inira:

134 4287 216 4341 cente
234 4300 241 4339 ε
256 4287 312 4355 Ego
332 4299 391 4339 sum
409 4286 627 4354 primissime
646 4287 675 4339 in
688 4291 830 4350 ataricum,
850 4292 876 4341 et
897 4302 952 4341 mo·
1001 4289 1092 4347 liedda
1109 4290 1178 4344 milii
1196 4290 1320 4345 tannem
1343 4289 1475 4346 soluturis
1492 4293 1543 4353 tui,
1558 4294 1584 4344 et
1596 4292 1707 4361 spiritu
1727 4297 1835 4365 princi·

133 4394 185 4436 nus
199 4394 257 4435 meo
276 4378 532 4447 mementorum,
549 4379 735 4434 deuteromio
753 4381 881 4436 solidavit
905 4396 953 4435 coe·
999 4384 1061 4453 poli
1078 4384 1206 4452 mnttrmo
1225 4399 1266 4438 me
1281 4382 1371 4453 (ibid,
1392 4383 1448 4455 36).
1470 4383 1609 4454 Spiritum
1635 4384 1836 4460 principalem

135 4476 192 4530 lum
205 4473 291 4546 lieni..
308 4489 402 4541 anxur,
415 4476 468 4543 ia).
487 4475 523 4529 Et
533 4473 562 4528 in
582 4473 737 4545 subjectis:
766 4478 822 4544 Ego
848 4475 991 4548 locutusD
1003 4479 1114 4533 Patrem
1129 4475 1210 4547 dixit,
1232 4477 1281 4549 qui
1294 4476 1346 4532 sibi
1367 4477 1538 4549 principium
1558 4481 1601 4532 est
1617 4484 1647 4534 et
1662 4482 1836 4555 principalis

133 4584 204 4637 sum,
220 4570 380 4637 egouoonui,
401 4583 447 4639 ego
461 4568 568 4623 aedunt
585 4584 655 4632 eum,
669 4572 695 4624 et
710 4584 871 4640 prosperum
897 4572 950 4625 iter
1000 4586 1086 4625 causa
1106 4570 1164 4625 sivc
1194 4569 1304 4626 causale
1318 4570 1492 4643 principium
1506 4576 1549 4627 est
1569 4570 1631 4627 Filii
1654 4576 1687 4628 et
1709 4576 1835 4649 Spiritus

134 4662 192 4733 ejus
205 4664 269 4730 feci,
284 4661 399 4717 accedite
412 4662 448 4716 nd
460 4677 511 4725 ine,
528 4666 553 4717 ct
562 4663 727 4728 liacouditc,
738 4679 792 4717 noir
806 4666 835 4717 in
848 4665 950 4719 occulto
998 4664 1100 4721 sancti.
1125 4666 1160 4720 Et
1178 4666 1300 4721 loannes
1314 4665 1344 4721 in
1358 4664 1520 4738 Apocalypii
1533 4682 1540 4719 :
1555 4668 1613 4737 Ego
1632 4682 1699 4723 sum
1720 4671 1746 4725 Α
1766 4677 1796 4727 et
1815 4680 1835 4728 o

135 4757 169 4811 ‹rt›
194 4758 273 4810 initio
305 4757 409 4811 loeutus
429 4771 500 4812 sum.
524 4756 590 4812 Cum
609 4760 718 4827 iterent,
739 4758 798 4813 illic
823 4774 896 4813 crum
924 4764 950 4814 et
998 4761 1165 4831 principium
1175 4766 1201 4814 et
1219 4762 1295 4831 finis,
1311 4760 1380 4815 dicit
1393 4763 1523 4817 Dominus
1533 4764 1615 4825 Deus,
1631 4766 1685 4833 qui
1695 4772 1739 4822 cst
1753 4772 1838 4840 etqui

134 4864 204 4904 nunc
217 4852 344 4904 Dominus
357 4852 431 4905 misit
444 4865 496 4914 me,
510 4856 535 4905 et
558 4850 677 4922 Spiritus
689 4850 754 4921 eiam
784 4850 876 4915 Quem
894 4851 948 4908 ita·
991 4859 1129 4927 *uenturus
1139 4858 1178 4910 est
1196 4857 1367 4924 omnipotens
1379 4854 1483 4927 (apoc,
1502 4872 1522 4925 1,
1537 4854 1575 4927 8).
1596 4857 1632 4912 Et
1647 4858 1733 4917 iufra
1752 4880 1760 4917 :
1780 4867 1835 4933 Ego

135 4946 338 5015 queputamus
361 4958 431 5011 esse,
448 4943 498 5016 qui
521 4943 650 4999 fundavit
669 4945 794 5000 torramt
824 4947 886 5016 lpse
908 4951 951 5001 cst
973 4944 1058 5005 'arm
1080 4949 1185 5019 primus
1208 4953 1236 5003 et
1253 4950 1423 5013 nouissimus,
1444 4955 1470 5005 et
1490 4951 1538 5017 sui
1554 4956 1696 5017 mortuus,
1725 4962 1755 5012 et
1780 4974 1837 5014 core

134 5036 183 5109 qui
196 5037 282 5092 dicit:
300 5040 353 5108 Ego
368 5040 552 5109 summimus,
573 5043 601 5093 et
623 5038 683 5110 ipse
697 5043 740 5094 cst
759 5040 808 5111 qui
830 5040 898 5095 dicit
921 5058 950 5097 sc
999 5044 1159 5098 sumuioens
1170 5041 1261 5114 (ibid,
1279 5046 1332 5113 lit.
1344 5045 1414 5098 ltem
1441 5042 1536 5099 infra:
1554 5046 1618 5099 llere
1633 5047 1709 5104 dicit
1721 5054 1835 5121 primm

135 5131 255 5186 missum
278 5148 349 5188 esse.
381 5131 515 5204 Nunquid
540 5134 656 5188 Patrem
680 5133 757 5189 hunc
780 5150 840 5189 esse
868 5138 948 5207 puta·
1000 5138 1474 5208 ctnovissimusquifuitmortuus,
1490 5140 1599 5193 ctuioit
1614 5140 1833 5217 (rtpoe.,11,8).

134 5240 208 5295 mire,
225 5225 293 5297 quia
306 5225 373 5281 dicit
391 5243 397 5281 :
412 5228 468 5297 Ego
479 5229 670 5298 sumpsimus?
683 5227 775 5283 Absitl
791 5244 860 5283 naor
874 5228 949 5301 quod
999 5230 1069 5286 Ecce
1091 5229 1222 5285 ridemus
1247 5231 1460 5303 simplicitatem
1485 5231 1653 5304 Scriptura,
1677 5242 1835 5311 quomodo

112 5346 116 5351 -
134 5317 261 5390 subjecit.
276 5323 310 5376 Et
322 5336 394 5375 nunc
409 5323 540 5377 Dominus
552 5323 627 5377 misit
647 5337 687 5379 me
701 5328 727 5378 et
740 5322 860 5394 Spiritus
881 5324 948 5393 ejus,
999 5324 1159 5395 transponit
1184 5326 1300 5380 nomina
1321 5325 1478 5395 Trinitatis,
1495 5342 1571 5382 nunc
1595 5328 1734 5403 Patrem,
1756 5352 1835 5393 nunc

133 5410 283 5468 marhtale
299 5414 424 5470 ostendit
437 5414 540 5471 Filium
554 5431 624 5487 esse,
642 5416 690 5489 qui
702 5431 732 5472 se
746 5416 867 5472 missum
882 5415 951 5472 dicit
999 5417 1114 5487 Filium,
1140 5434 1218 5474 nunc
1241 5418 1378 5491 Spiritum
1400 5424 1528 5475 sanctum
1551 5424 1758 5497 anteponens,
1783 5446 1835 5487 seu

132 5506 218 5561 aDeo
238 5511 267 5562 et
287 5507 398 5579 Spiritu
418 5512 525 5578 sancto,
541 5515 570 5565 ot
591 5513 690 5566 tamma
705 5510 796 5566 dicit:
817 5513 873 5583 Ego
891 5526 950 5567 sum
999 5515 1173 5582 postponens
1201 5529 1208 5568 ε
1233 5512 1310 5584 quod
1339 5512 1454 5584 quidem
1475 5513 1546 5569 nihil
1569 5513 1655 5572 obest
1680 5518 1757 5579 tldei
1779 5522 1833 5579 Ga-

122 5601 243 5672 pn‘mua
262 5601 336 5658 Ecce
354 5602 439 5675 paria
455 5606 522 5659 sunt
535 5604 590 5660 ista
610 5604 688 5661 inter
713 5603 813 5660 Filium
840 5608 870 5660 et
890 5605 950 5679 spi·
999 5605 1121 5675 thelica,
1132 5622 1196 5679 qua
1211 5607 1364 5664 confltetur
1377 5612 1435 5665 tros
1457 5624 1519 5665 esso
1541 5608 1678 5683 ejusdam
1704 5622 1833 5677 nature.

116 5810 173 5878 (1⁹0)
186 5816 314 5888 August.
328 5822 359 5877 et
373 5820 498 5878 Hieron.
519 5821 592 5883 thid.
615 5829 645 5881 et
661 5824 703 5879 ad
717 5822 861 5895 cenitana
874 5822 962 5893 epist.
979 5820 1014 5877 in
1028 5818 1146 5889 copton.
1160 5814 1253 5884 sumt.
