3750 6046
43 196 46 207 '
139 212 190 267 423
653 168 657 175 ’
827 203 987 261 anaunia
1006 204 1136 262 verinis
1768 213 1819 270 an

141 332 303 389 Radbertus
312 327 446 384 Tedbaldi
460 327 544 398 filius,
559 334 586 383 ct
601 329 682 400 lingo
696 325 770 383 tilius
780 328 853 398 ejus,
866 328 954 384 Gisia·
965 333 1130 413 Apriarum
1152 333 1281 386 resecatio
1301 331 1474 388 voluntatum
1494 336 1607 405 propter
1633 348 1750 391 amorem
1773 339 1824 392 lto-

138 427 236 481 bertus
249 424 429 480 conestabilis
442 426 472 478 el
486 425 568 494 lingo
580 423 698 494 Turgini
718 422 802 492 tilius,
817 422 901 477 Falco
916 422 953 477 de
1002 427 1072 479 mini
1089 426 1162 480 lesu.
1189 426 1262 493 Quid
1285 426 1318 482 dc
1338 430 1461 483 amatote
1483 434 1508 483 et
1538 430 1612 483 omni
1643 432 1821 496 continentia,

140 520 251 575 Pinoet
265 518 454 590 Engelbertus
472 516 652 589 praepositus,
666 516 820 572 Rainaldus
837 516 874 571 de
890 516 952 572 Bai·
1003 519 1122 588 quidde
1143 519 1251 575 nuntio
1269 521 1458 577 monodiarum
1476 529 1502 577 ct
1520 523 1662 586 modestia,
1681 524 1750 594 qaid
1775 525 1821 580 dc·

141 612 180 668 lol
193 615 222 667 et
236 612 405 668 Guillelmus
423 611 579 681 Pantullus,
596 609 656 665 Ode
677 610 713 665 de
733 609 835 678 Pirelo,
850 609 953 682 aliique
1003 614 1084 682 nique
1106 612 1195 668 dicam
1216 614 1250 669 dc
1268 614 1442 670 obedientia?
1462 617 1616 672 Tantarum
1633 619 1712 688 eopia
1733 621 1821 673 uirtu-

140 706 247 777 plures.
1003 711 1061 761 tum
1073 707 1262 775 mannitudrnc
1273 710 1413 765 suimeum
1420 709 1547 767 obtundit
1555 713 1709 781 inqenium,
1719 713 1822 781 tritem-

176 802 315 857 Preeterea
329 799 469 870 Rogerius
482 814 579 854 comcs
594 797 686 853 multa
700 797 779 853 dedit
793 797 855 853 aliis
869 797 953 853 cecla·
1002 816 1053 870 quc
1078 815 1120 856 mc
1141 816 1194 856 non
1216 816 1295 872 posse
1316 804 1483 872 sufficienter
1504 804 1582 860 illem
1602 807 1752 876 capum
1772 821 1821 876 per

141 895 190 951 siis
216 892 394 964 Troarncnsi,
421 892 563 964 sagiensi,
590 892 810 960 almaniscensi,
837 892 951 948 Clunia·
1003 896 1057 949 oris
1079 895 1208 963 officium.
1228 896 1261 949 ln
1287 896 1425 966 rcqalibus
1445 896 1573 954 claustris
1593 900 1653 953 ueri
1673 899 1820 959 coenobita.

142 989 229 1057 censi,
257 986 439 1055 cadomensi,
464 985 583 1058 aliisque
608 986 748 1057 plurimis,
770 985 805 1040 de
831 985 953 1057 acceptis
1002 987 1088 1043 ueluti
1108 988 1172 1057 iliae
1194 991 1275 1057 repis,
1293 989 1473 1054 clauduntur,
1493 1006 1536 1055 nc,
1560 994 1652 1062 siper
1673 994 1820 1057 celeriore,

141 1082 298 1138 honoribus
325 1097 395 1154 qnos
422 1080 458 1136 de
488 1086 607 1151 paterna
631 1079 799 1135 hereditate
827 1095 886 1135 nan
911 1081 954 1135 est
1004 1086 1136 1151 tanquam
1157 1084 1230 1136 liina
1249 1083 1305 1138 Lia
1321 1083 1391 1151 illici,
1415 1083 1589 1153 impudenter
1613 1091 1778 1154 coenaretur,
1803 1103 1821 1141 a

141 1177 271 1247 adeptus.
1003 1174 1105 1231 Siebcm
1118 1175 1174 1245 lilio
1189 1177 1270 1230 Emer
1288 1178 1353 1231 Euri
1365 1174 1454 1247 (Gen,
1468 1192 1562 1244 mur,
1579 1178 1616 1249 l),
1635 1178 1673 1233 ad
1687 1179 1820 1248 iniuriam

140 1288 218 1344 xvir.
237 1289 371 1355 necessu
393 1286 427 1342 ae
447 1287 563 1342 conon
582 1288 612 1341 a
635 1292 708 1340 ceca
727 1284 852 1347 annai,
866 1287 955 1355 pacm
1002 1268 1090 1337 nque
1108 1270 1207 1339 mera,
1225 1271 1408 1340 terraenae
1427 1271 1540 1327 nans
1555 1272 1686 1339 tratrem
1702 1275 1821 1343 leniter

176 1368 297 1425 Ordcrim
318 1368 428 1431 Vitatis,
444 1367 531 1436 jueta
554 1365 750 1422 scrobesburia
770 1367 906 1421 ciuitatem
924 1367 954 1419 in
1003 1366 1220 1431 corrumpantur.
1243 1365 1300 1434 lpsi
1323 1369 1442 1427 tutores,
1469 1380 1502 1419 ne
1528 1365 1658 1421 laba-ntur·
1679 1369 1710 1420 in
1736 1369 1819 1436 septis

178 1449 291 1515 Anqlia.
1004 1458 1071 1519 suis,
1090 1456 1142 1512 sibi
1158 1459 1236 1527 dunt,
1255 1462 1281 1513 ct
1299 1458 1370 1528 lapsi
1388 1473 1439 1528 per
1454 1473 1595 1528 mcesmm,
1616 1462 1645 1515 in
1664 1462 1818 1531 penetrali·

176 1550 342 1606 Coenabium
355 1566 469 1622 quoqne
482 1565 601 1617 novum,
612 1548 650 1605 ad
658 1548 825 1605 orientalem
840 1552 955 1620 portam
1005 1550 1053 1605 bus
1069 1553 1125 1605 suis
1142 1555 1308 1607 emusatorcs
1324 1553 1370 1606 sui
1386 1557 1470 1619 sanir
1488 1567 1604 1624 seseque,
1620 1559 1651 1609 ut
1668 1570 1768 1609 aurum
1787 1556 1820 1609 in

140 1645 262 1718 propria
276 1644 363 1711 urbis,
379 1643 453 1698 idest
467 1642 684 1711 Scrobesburire,
700 1643 730 1697 in
744 1643 953 1698 honoresancti
1003 1645 1124 1710 tornacc,
1148 1644 1183 1699 ab
1204 1647 1278 1700 omni
1300 1647 1389 1701 seoda
1410 1647 1537 1702 uitiorum
1559 1648 1720 1703 omnimodis
1742 1664 1819 1705 caeo·

138 1739 213 1794 Petri
240 1737 376 1809 principis
398 1737 592 1809 apostolorum
617 1736 701 1808 erepit
732 1736 875 1792 aedificare
903 1753 951 1791 su·
962 1712 991 1783 Β
1003 1753 1082 1808 querc
1098 1743 1237 1806 adaquat.
1255 1739 1330 1793 Unde
1347 1754 1407 1794 rcor
1421 1754 1509 1810 preca
1527 1755 1617 1796 corum
1635 1757 1687 1812 pro
1706 1742 1819 1812 quibus-

142 1848 194 1903 per
205 1831 324 1887 ssuvium
338 1830 388 1902 qui
409 1830 487 1885 mola
508 1829 623 1898 dicitur,
638 1829 734 1901 ibique
753 1830 785 1883 in
806 1829 955 1885 Sabrinam
1003 1847 1107 1902 cunque
1122 1831 1244 1900 fidelibus
1259 1832 1366 1899 suerint
1378 1831 1477 1902 effusa,
1491 1839 1556 1889 entc
1574 1833 1704 1890 tbronum
1717 1835 1820 1890 diuinae

143 1924 286 1981 dilabitur.
299 1923 356 1979 illic
369 1922 727 1995 nimirumligneaeapella
737 1923 835 1995 priscis
846 1930 955 1995 ternpo-
1001 1924 1153 1992 majestatis
1166 1940 1229 1980 mos
1244 1926 1427 1990 conscendere,
1440 1933 1466 1982 cl
1480 1926 1514 1981 ab
1532 1929 1590 1997 ipso
1610 1943 1672 1997 rcqe
1685 1929 1817 1991 Sabaotlr,

142 2015 524 2089 ribusaSiwardoEdelgeri
534 2016 955 2088 tilio‚regisliduardicansan-
1004 2033 1063 2087 qun
1079 2020 1259 2089 poposcerint,
1278 2019 1417 2075 crcdcrmae
1433 2025 1498 2075 sunt
1516 2019 1645 2075 obtinere.
1666 2021 1691 2077 Α
1713 2024 1821 2077 secretis

143 2110 487 2186 guineocondiiatuerat3
502 2126 588 2181 qnam
597 2111 955 2168 mneadcleriusnurslia-
1002 2112 1193 2167 monmborum
1207 2111 1378 2182 aiuaentutc
1396 2128 1456 2169 mea
1468 2113 1572 2170 diutius
1595 2116 1697 2178 cerriti,
1714 2119 1741 2169 ct
1760 2131 1819 2170 mo·

143 2207 249 2275 nensis,
263 2204 420 2261 Constantii
438 2204 523 2273 lilius,
537 2203 580 2259 vir
593 2204 711 2276 ingenio
726 2208 755 2259 ct
774 2205 908 2261 facundia
926 2208 955 2261 et
1002 2221 1045 2260 res
1061 2221 1159 2270 corum,
1181 2206 1359 2274 familiariter
1374 2208 1501 2271 rimatus,
1524 2206 1635 2263 edidici.
1654 2208 1739 2277 lirae,
1753 2209 1820 2265 dan

140 2301 302 2356 litterarum
315 2297 476 2354 eruditione
490 2297 671 2370 prepollens,
688 2298 816 2370 ejusdem
830 2299 954 2355 consulis
1003 2301 1131 2362 omnium,
1149 2302 1199 2370 qui
1216 2300 1245 2353 in
1268 2305 1341 2355 terra
1357 2304 1431 2364 sunt,
1450 2301 1606 2356 mortalium
1626 2303 1712 2357 mlum
1729 2301 1818 2359 discu-

141 2396 218 2451 dono
239 2391 408 2465 possidebat.
422 2391 472 2447 ilic
494 2407 563 2446 sene
578 2395 691 2447 amator
707 2392 850 2464 aequitalis
868 2393 952 2449 fervi-
1004 2394 1052 2460 tio,
1066 2398 1091 2448 ct
1102 2395 1274 2448 eremitarum
1288 2397 1370 2463 atquc
1382 2397 1571 2450 canonicorum
1582 2397 1654 2451 uitas
1671 2395 1817 2467 diliqcnter

142 2487 205 2559 dus,
227 2485 359 2558 utilisque
375 2485 437 2556 jam
456 2485 523 2540 dicti
543 2484 655 2541 comitis
674 2491 735 2541 erat
754 2486 951 2556 auricularius,
1002 2488 1143 2556 perspicio,
1165 2502 1253 2542 ornnes
1277 2487 1478 2551 maneriarum,
1501 2491 1550 2559 qui
1569 2491 1695 2545 canonice
1719 2493 1819 2547 aierent

140 2583 292 2656 ipsumque
311 2578 475 2652 benigniter
494 2578 644 2635 exhortans
666 2578 702 2634 ad
727 2580 953 2636 construendum
1003 2585 1028 2634 ct
1053 2579 1178 2635 ordinate
1203 2587 1347 2648 repuntur,
1373 2583 1432 2636 uite
1456 2582 1600 2649 interiores
1625 2582 1713 2639 uideo.
1744 2582 1820 2640 Unde

142 2674 350 2733 monmierium
369 2673 537 2744 nutantique
558 2672 680 2744 qualiter
692 2673 737 2728 rel
759 2690 816 2745 quo
840 2677 953 2729 tentum
1003 2675 1203 2743 preciositatem
1224 2680 1351 2738 nestram,
1374 2674 1486 2744 qloriosc
1507 2676 1611 2739 consul,
1634 2677 1751 2745 fideliter
1769 2676 1820 2732 ad·

142 2787 215 2843 opus
228 2768 375 2840 inciperet,
388 2765 552 2838 hujusmodi
567 2766 637 2821 dans
648 2767 813 2823 eonsilium.
1002 2782 1094 2821 rnonco
1113 2773 1155 2835 ut,
1174 2768 1240 2823 dum
1259 2768 1329 2831 licet,
1347 2770 1523 2825 incomitata
1543 2773 1640 2833 antro,
1659 2785 1739 2840 quem
1752 2771 1819 2840 jure

178 2864 268 2929 Multi,
295 2866 403 2918 strenue
428 2862 481 2923 air,
507 2866 602 2915 uestrae
623 2860 756 2916 iutrarent
770 2861 934 2918 sublimitati
943 2882 952 2930 ς
1002 2860 1163 2931 epatribus
1182 2876 1236 2916 non
1254 2866 1406 2918 masmana
1424 2876 1451 2917 cs
1470 2862 1652 2927 baemditerio,
1669 2865 1820 2920 arcambite

141 2959 188 3015 scd
202 2958 315 3013 diensis
329 2954 520 3010 intentionibus
533 2955 696 3010 uobisucrbo
709 2955 752 3010 ucl
770 2961 833 3010 ecta
851 2970 952 3011 canan·
1002 2958 1120 3009 castrum
1141 2960 1236 3009 contra
1252 2956 1385 3012 satanam
1410 2960 1586 3011 construatur
1602 2958 1656 3012 ilco
1666 2976 1675 3025 ;
1699 2958 1747 3013 ubi
1765 2974 1821 3029 pro

144 3059 189 3108 tar
203 3052 321 3121 obsequi.
335 3048 452 3117 Quidam
465 3049 536 3103 enim
552 3063 601 3119 pro
621 3048 702 3103 libitu
721 3063 769 3105 suo
782 3050 847 3119 plus
863 3053 954 3105 uestra
1002 3049 1097 3102 anima
1123 3052 1213 3104 uestra
1239 3050 1371 3105 cucullati
1393 3050 1500 3119 puqilcs
1525 3050 1665 3107 ilcbcrnotlr
1690 3053 1819 3121 condida

142 3148 195 3202 sibi
207 3146 321 3215 cupiunt
334 3142 460 3213 adipisci,
474 3158 557 3212 quam
575 3157 621 3197 vos
641 3142 678 3198 ad
695 3158 890 3213 permansuros
904 3145 952 3199 lio-
1003 3143 1128 3197 resistent
1153 3142 1270 3199 assidm.
1295 3144 1362 3199 Ecce
1387 3158 1467 3214 super
1491 3143 1592 3199 btolem
1611 3146 1726 3214 tunium
1750 3147 1819 3203 mitri

142 3256 218 3296 nora
250 3236 441 3294 nanciscendos
467 3236 614 3291 salubriter
643 3235 790 3291 cobortari.
824 3236 877 3293 Sed
908 3240 955 3308 qui
1003 3234 1098 3292 Mnus
1117 3240 1164 3299 cst,
1185 3251 1268 3306 quam
1288 3252 1375 3306 nuper
1395 3236 1515 3305 dedisti;
1533 3236 1617 3307 jueta
1639 3254 1733 3308 quam,
1747 3242 1820 3296 sicut

141 3336 216 3390 uobis
236 3335 336 3387 nititur
353 3333 485 3386 amariter
501 3331 692 3394 obsecundare,
715 3331 791 3386 debet
810 3346 871 3394 uos,
891 3333 955 3402 plus
1004 3342 1074 3385 anno
1101 3335 1253 3394 transacto,
1278 3336 1343 3386 ante
1367 3346 1446 3386 aram
1470 3335 1558 3388 sancti
1582 3334 1658 3387 Petri
1679 3335 1816 3404 principis

143 3444 226 3500 quam
244 3433 344 3488 cestra,
363 3440 466 3496 seraper
483 3440 593 3488 amare,
609 3431 636 3480 ct
659 3440 700 3488 ca,
722 3440 783 3495 que
799 3410 955 3481 salubriora
1004 3425 1196 3494 apostolorum,
1219 3427 1308 3480 Mne
1328 3429 1418 3480 uatum
1440 3426 1503 3495 teci,
1523 3426 1662 3496 lapideam
1682 3427 1817 3496 ndittrarc

141 3528 215 3586 sunt,
234 3524 333 3577 enimn
349 3524 444 3575 uestra
460 3519 645 3574 indesinenter
659 3520 819 3589 propinare.
834 3522 871 3574 lle
891 3535 953 3575 ron·
1005 3517 1143 3573 basilicam
1167 3520 1243 3589 cepi.
1270 3519 1415 3575 Basibcam
1438 3521 1542 3590 itaque,
1567 3533 1661 3590 quem,
1684 3525 1717 3576 ut
1743 3520 1815 3585 disi,

140 3615 455 3679 acemanecestriae,
474 3613 571 3667 naulis
594 3614 679 3677 limos,
699 3617 818 3669 tractare
838 3615 954 3684 coepisti3
1003 3617 1097 3682 sponte
1121 3616 1180 3667 uoto
1201 3614 1369 3674 mastrictus,
1392 3614 1481 3681 iaaac
1508 3628 1595 3685 nuper
1619 3615 1739 3679 institui,
1766 3615 1816 3670 do-

141 3712 188 3769 sed
206 3713 236 3766 in
254 3711 321 3772 illis,
338 3709 387 3778 qui
403 3708 456 3762 sibi
473 3708 560 3775 maqis
577 3706 676 3762 ardent
694 3707 758 3762 deiri
778 3722 861 3777 quam
880 3706 954 3770 eliis,
1003 3721 1130 3775 meamque
1149 3720 1236 3760 meam
1261 3721 1321 3761 eum
1348 3710 1421 3761 omni
1445 3713 1584 3778 apparatu
1610 3722 1666 3763 mco
1692 3708 1816 3779 qundcns

141 3805 308 3862 conmodum
325 3803 444 3857 solamen
460 3801 498 3855 ed
515 3804 570 3855 tam
588 3800 706 3856 cirduam
726 3816 793 3870 opus
810 3817 864 3856 non
881 3802 953 3856 innc—
1004 3797 1084 3868 offero
1098 3799 1313 3871 cunctipotenti;
1334 3816 1428 3871 meque
1448 3815 1500 3872 pro
1521 3816 1664 3873 posscmm
1685 3803 1817 3873 pollicem

142 3902 218 3956 ruisti.
247 3898 360 3954 l'ietctur
385 3894 453 3949 mibi
486 3893 692 3949 saluberrimum
714 3909 786 3957 esse,
808 3895 955 3949 monacbile
1005 3892 1157 3962 adjutorem
1180 3894 1218 3949 ed
1242 3896 1335 3949 omnia
1362 3897 1392 3950 in
1415 3897 1523 3951 nominc
1543 3897 1605 3951 lesu
1630 3895 1742 3952 Gbristi.
1763 3899 1817 3953 lta-

142 3992 287 4049 eoenobium
314 3991 423 4056 eripere
448 3991 473 4043 et
499 3986 598 4041 ibidem
623 3986 808 4042 authenticum
835 3988 955 4043 ordirnm
1002 4001 1082 4053 surae
1109 3988 1243 4050 venator,
1270 3990 1359 4061 incipe
1385 3989 1516 4052 uiriliter,
1541 4004 1609 4059 opus
1634 3991 1684 4045 ilci
1708 3992 1755 4059 tec
1777 3994 1818 4046 in·

142 4083 287 4141 secundam
309 4081 509 4137 institutionem
526 4080 691 4134 scientissimi
709 4080 802 4134 Patris
821 4080 957 4135 Benedicti
1004 4082 1127 4150 siqnitcr.

144 4176 288 4246 diliqcnter
304 4177 448 4245 imponere,
466 4175 589 4242 acrisque
606 4173 770 4243 pauperibus
787 4174 836 4229 ilci
853 4172 886 4228 dc
903 4176 956 4230 tuis
1037 4175 1114 4230 Tolle
1128 4191 1223 4231 moras
1233 4193 1242 4246 ;
1258 4191 1373 4248 semper
1387 4175 1486 4232 nocuit
1498 4174 1615 4234 differre
1630 4178 1750 4250 paratis.

143 4270 322 4326 abundantiis
340 4269 442 4322 nictum
467 4271 493 4321 ct
515 4267 641 4321 vestitum
665 4266 813 4335 influenter
835 4282 954 4336 uapore.
1228 4270 1352 4342 (Lucius,
1366 4271 1475 4335 Pbars„
1488 4287 1508 4341 1,
1521 4273 1595 4343 ibt.)

143 4364 257 4422 noane
274 4378 346 4418 nunc
366 4363 468 4417 intuere
485 4376 544 4430 qua
566 4364 641 4424 sunt,
657 4376 717 4431 quae
737 4362 766 4416 in
785 4362 956 4431 requbriibas
1041 4363 1122 4418 Multi
1138 4363 1261 4434 porceto
1283 4363 1402 4419 aderunt
1422 4370 1615 4435 cooperatores,
1640 4372 1667 4421 et
1688 4371 1752 4437 port
1773 4368 1817 4433 tu-

142 4460 311 4518 moacstcriis
339 4457 374 4511 ab
398 4457 512 4511 aeduis
537 4455 684 4510 cultoribus
707 4458 788 4523 fiunt.
810 4449 995 4524 innumeral)
1006 4471 1056 4512 nus
1071 4459 1153 4512 etiem
1165 4461 1283 4513 uestrum
1295 4457 1340 4528 pti
1357 4473 1407 4528 pro
1420 4459 1495 4514 uobis
1508 4462 1636 4515 maiores.
1657 4461 1816 4532 inprimis,

142 4555 182 4610 ibi
194 4554 320 4622 benetlaia
336 4550 457 4622 quotidie
475 4553 605 4618 emuntur,
619 4554 644 4604 ct
663 4552 757 4604 contre
779 4549 920 4604 diabolum
937 4566 955 4604 e
1004 4551 1208 4607 aduenientibus
1227 4551 1366 4607 nwaacbis
1386 4566 1446 4607 cum
1465 4554 1641 4609 materiis
1659 4554 1697 4609 ed
1714 4554 1819 4623 iacien-

143 4647 321 4706 castrcnsibus
336 4644 438 4701 Cbiisti
449 4644 566 4699 uiriliter
580 4643 736 4699 dimicetur.
750 4643 828 4700 Nulli
843 4643 955 4699 dubium
1005 4645 1070 4700 dum
1089 4646 1247 4700 monasterii
1264 4644 1485 4712 tundamentum,
1505 4646 1541 4701 ad
1560 4647 1757 4703 modoetiensem
1770 4650 1819 4704 bu-

143 4751 181 4800 cst
205 4742 278 4813 quod
302 4740 385 4812 probo
412 4739 597 4808 aqonitbctae,
623 4743 727 4807 quanto
754 4738 843 4791 aaior
871 4737 955 4804 (nemi
998 4737 1147 4807 jusccmodi
1171 4740 1311 4809 porriqem
1331 4755 1368 4793 xv
1393 4740 1477 4795 libras
1500 4740 1691 4797 amendam.
1716 4742 1819 4797 bande

139 4840 245 4909 punita,
260 4839 338 4892 tanta
355 4834 485 4904 qlomasor
499 4833 551 4887 crit
568 4832 693 4894 animia,
710 4831 855 4900 tropaeique
868 4830 956 4900 major
1004 4848 1045 4888 mc
1058 4835 1156 4904 ipsum,
1172 4838 1198 4887 ct
1211 4832 1384 4888 Beucdntum
1398 4833 1485 4903 pilium
1499 4834 1653 4904 mcumjam
1666 4837 1818 4907 quinquen-

140 4946 238 4989 mcrccs
264 4931 294 4984 in
318 4928 417 4984 celesti
438 4927 526 4982 curia.
547 4925 612 4993 Quis
633 4926 734 4993 reterre
750 4929 840 4994 potest
860 4940 954 4980 mona·
1004 4942 1075 4991 nem
1092 4932 1119 4982 et
1137 4928 1229 4980 omnia
1251 4941 1311 4981 mcc
1331 4926 1441 4982 tradam
1460 4930 1632 4992 monasterio,
1654 4929 1707 4984 teti
1728 4935 1820 4986 tenore

143 5026 251 5081 cluam
271 5023 390 5094 ciqilies,
410 5022 522 5091 bpmnos
539 5024 565 5075 ct
583 5019 762 5091 psalmodias,
780 5020 914 5074 arationes
930 5024 956 5075 et
1004 5025 1036 5076 ut
1055 5021 1175 5075 omniurn
1195 5033 1286 5075 raum
1304 5034 1425 5076 mearum
1442 5021 1573 5077 mcdntas
1594 5037 1696 5079 mnam
1718 5024 1818 5079 subda-

143 5120 335 5188 clccmasunes,
365 5120 391 5171 et
411 5131 472 5171 cum
502 5115 684 5184 lacrymarum
709 5113 838 5168 imbribus
858 5116 954 5169 missa-
1007 5121 1052 5169 tur
1068 5112 1258 5169 monachorum
1271 5112 1401 5179 dominio,
1417 5115 1527 5186 aliaque
1547 5115 1677 5172 mutas
1693 5117 1819 5173 librerdo

142 5228 204 5269 rum
217 5212 364 5267 ablationes
378 5209 578 5279 quotidianas?
599 5207 699 5263 Cbristi
714 5221 839 5276 sequaces
859 5206 895 5261 ud
908 5208 956 5263 boc
1004 5208 1061 5278 itio
1072 5222 1129 5263 meo
1142 5207 1259 5263 dedatur
1279 5209 1328 5264 sub
1347 5209 1540 5265 monacbmurn
1556 5212 1719 5280 ponenda.
1735 5213 1819 5267 Porro

143 5307 251 5363 omnino
268 5307 496 5366 sescentesimo
515 5303 708 5371 cruciliqentcs,
727 5303 778 5356 lico
799 5316 848 5371 per
865 5303 957 5356 omnia
1003 5303 1229 5374 primoqcnitum,
1255 5302 1410 5360 ordericum
1435 5303 1578 5371 uidelicet,
1600 5320 1689 5361 mern
1705 5305 1820 5375 jamdu-

140 5401 278 5474 placcant.
292 5398 350 5469 lpsi
368 5411 462 5467 nempe
480 5395 591 5459 mundo,
610 5394 809 5465 mundanisque
823 5396 956 5465 parasitis
1005 5395 1069 5453 dum
1085 5397 1183 5452 titteris
1195 5396 1369 5453 imbuendum
1381 5396 1639 5455 tacendumne
1650 5400 1819 5470 menapem,

142 5495 288 5559 insultent,
305 5492 371 5549 dum
392 5490 534 5547 mundana
549 5489 743 5546 oblcdemcnta
762 5488 836 5545 uelut
857 5493 956 5545 stanes
1005 5492 1082 5561 cique
1098 5490 1184 5546 boum
1205 5494 1270 5547 luta
1281 5493 1429 5548 mandaras
1447 5493 1521 5549 intcr
1538 5492 1668 5550 canulas
1679 5494 1732 5549 liei
1744 5493 1821 5565 apud

142 5590 276 5653 maaet,
301 5591 328 5643 ct
349 5585 505 5642 summaer
526 5598 588 5655 opes
608 5598 659 5657 pro
679 5598 799 5654 superna
820 5597 867 5654 spe
890 5597 955 5638 con·
1008 5586 1295 5643 Udcuminlicratria
1307 5587 1474 5658 mmurauir
1490 5600 1541 5657 pro
1558 5601 1612 5657 quo
1632 5586 1758 5658 mloqias
1779 5587 1821 5643 bc·

142 5683 328 5755 meptibilitcr
344 5679 511 5737 maere.
530 5676 673 5749 Asperitas
689 5676 746 5733 illis
764 5677 831 5733 inest
848 5682 874 5732 ct
891 5677 955 5732 uili·
1005 5677 1174 5743 nedictionrb,
1190 5694 1242 5735 xxx
1261 5680 1361 5737 mitian
1377 5694 1484 5737 marcar
1500 5680 1621 5751 aemil,
1633 5680 1741 5750 taurii
1760 5681 1822 5752 mus

131 5784 184 5834 tac
196 5780 229 5832 m
246 5779 359 5845 omnm,
378 5776 489 5833 matos
508 5778 535 5829 ct
552 5773 677 5846 parcitas
694 5772 724 5828 in
741 5773 825 5837 uictu,
844 5775 870 5828 a
887 5786 954 5843 pro·
1004 5773 1145 5845 amiotus
1158 5777 1184 5830 ct
1201 5772 1392 5833 cmmdalibur
1404 5774 1438 5832 dc
1453 5775 1604 5849 marato
1621 5788 1680 5833 siro
1704 5774 1820 5837 Min
