3750 6046
45 220 49 229 ,
151 165 202 222 rot
417 234 420 241 ,
852 128 1015 220 annanias
1036 141 1164 222 uranus
1780 169 1828 226 ros

152 297 328 362 asportemus,
362 290 554 361 machinasque
587 296 741 361 compactas
766 293 914 358 muamus,
942 296 968 345 et
979 304 1008 375 Α
1055 293 1108 360 Qui
1127 297 1289 361 grassantur
1314 297 1339 347 et
1366 297 1517 349 tumescunt
1541 295 1640 364 spiritu
1666 294 1828 350 barbarico:

152 387 223 441 istinc
234 385 325 440 urbem
340 386 403 440 totis
418 384 612 454 coquediornur
624 384 741 439 nisibus,
753 384 883 455 Alioquin
900 390 963 439 tem·
1016 386 1090 441 nulli
1104 392 1228 457 parcent,
1242 387 1290 443 sed
1304 389 1434 443 resistunt
1451 388 1567 444 Orientis
1577 389 1690 458 populo,
1705 389 1829 445 inniant-

150 493 202 549 pus
216 480 350 534 incussum
362 478 554 534 consumimus.
1016 495 1068 550 que
1077 481 1191 551 pradis
1204 485 1299 536 nostro
1312 496 1379 552 quus
1394 483 1511 537 nutriuit
1525 483 1608 550 regia.

186 570 310 627 'landem
336 571 434 627 fideles
455 572 568 626 athletae
591 571 680 643 ligna,
696 570 828 642 procula
847 571 907 626 loco
927 570 968 627 di·
1051 575 1216 643 infelicitate
1228 577 1323 646 pressi,
1341 575 1497 630 adnostros
1510 576 1621 631 delicias
1634 575 1831 632 bucumerunt

150 665 264 734 stantia,
279 666 462 734 invenerunt,
477 680 541 736 quaa
554 680 619 720 cum
633 665 733 736 grandi
755 665 849 720 labore
864 665 965 720 attule-
1015 669 1132 736 spoliare
1152 669 1244 724 uberes
1267 670 1429 741 prouincias.
1450 671 1589 726 Danumnt
1614 684 1704 726 omnes
1722 678 1830 727 nostras

151 763 228 816 runt.
253 759 379 816 Artifices
390 758 504 831 lignarii
520 757 555 813 de
571 761 631 814 toto
645 758 771 814 exercitu
791 758 874 813 acciti
889 763 965 828 sunt,
1015 767 1115 829 pentes,
1131 763 1321 833 aestimantque
1334 763 1445 818 belluas.

150 870 273 927 quornm
284 852 879 925 aliilignoruminconcinnamsuperliciem
891 868 967 907 com·
1053 854 1216 925 Gmcitlaum
1234 855 1325 911 colunt
1342 858 1435 918 Deum,
1454 856 1543 912 abluti
1563 857 1736 927 baptismate.
1755 859 1831 914 ltitus

151 952 272 1021 ponunt,
296 945 344 1001 alii
360 945 467 1013 dolant,
487 944 534 1000 alii
549 946 704 1014 terebrant,
722 945 770 1000 alii
790 945 875 1018 lignis
888 945 966 1017 ligna
1015 954 1129 1010 nastros,
1144 949 1244 1011 cultus,
1258 951 1324 1005 Deos
1339 954 1472 1020 spernunt
1487 965 1547 1006 oum
1563 950 1700 1007 dedecora
1718 951 1772 1008 Sed
1789 966 1828 1005 re·

151 1040 293 1113 copulant.
307 1041 364 1095 Dur
386 1038 562 1096 Gadeiredns
575 1055 660 1094 unam
674 1039 708 1096 de
718 1038 775 1094 suis
787 1038 967 1096 facultatibus
1012 1045 1094 1111 pente
1105 1043 1275 1098 involventur
1287 1045 1372 1114 panis
1385 1049 1410 1098 et
1422 1045 1551 1114 pernicie.

151 1133 351 1203 constituebat,
364 1135 483 1189 alteram
496 1133 859 1189 comesTolosanusdesuis
872 1150 967 1206 sump
1050 1137 1141 1191 Fortes
1168 1137 1258 1202 turci,
1286 1136 1440 1191 dimicando
1464 1139 1580 1193 &cuncos
1606 1139 1667 1192 lirae
1692 1139 1827 1209 repellite.

150 1225 826 1298 tibnsslatuimandaverat.Necminusngareni
845 1227 880 1283 de
894 1227 965 1283 urbe
1017 1230 1095 1287 Gesta
1114 1234 1226 1301 potrum
1249 1232 1423 1301 antiquorum
1442 1232 1577 1301 preclaro
1598 1233 1717 1288 recolite.
1739 1235 1831 1289 Hostes

151 1321 305 1376 munienda
321 1320 552 1376 sollicitabantur.
569 1321 655 1375 Nocte
670 1321 796 1376 turribus
816 1320 967 1377 inaltandis
1016 1325 1098 1379 uestri
1110 1324 1288 1392 fugabuntur,
1305 1329 1354 1379 aaut
1365 1324 1495 1395 peribunt
1508 1325 1595 1380 bodie.

150 1415 328 1482 insistebant,
344 1419 372 1470 et
387 1414 643 1469 urbideiensandn
658 1414 805 1486 irrequieti
818 1414 964 1470 vacabant.
1051 1419 1114 1472 llaec
1134 1421 1162 1472 et
1181 1418 1270 1472 multa
1289 1416 1334 1471 his
1350 1417 1455 1472 similia
1478 1418 1613 1474 Turcaaae
1639 1419 1777 1474 mulieres
1801 1419 1830 1474 in

187 1509 317 1574 Quodam
328 1507 461 1577 Sabbato,
482 1510 564 1563 nocte
577 1507 756 1580 intempesta,
776 1508 855 1564 ducis
875 1508 966 1564 Gode-
1017 1511 1124 1566 excelso
1132 1509 1281 1577 canebant,
1294 1513 1323 1565 el
1335 1510 1507 1568 Christicolae
1516 1516 1665 1583 stupentes
1675 1511 1831 1583 diligenter

149 1602 223 1659 tradi
244 1602 404 1657 machinam
431 1602 650 1670 transtulerunt,
674 1604 704 1657 at
723 1603 782 1658 sole
807 1607 907 1658 exorto
929 1601 966 1657 ab
1017 1603 1221 1671 auscultabant,
1234 1609 1318 1676 atque
1334 1621 1350 1658 a
1364 1604 1421 1660 suis
1436 1605 1638 1678 interpretibus
1648 1606 1718 1678 quid
1731 1608 1830 1662 ‘laren

152 1696 262 1752 oriente
286 1697 447 1763 erexerunt,
462 1700 491 1750 et
514 1701 639 1766 perires
663 1695 721 1750 dies
737 1699 795 1751 tota
817 1670 1144 1753 sedulitatessdicerent
1167 1698 1284 1753 solerter
1309 1697 1483 1754 ediscebant.
1514 1701 1590 1755 Tunc
1616 1699 1705 1766 Cano,
1735 1716 1831 1757 comes

151 1793 383 1862 praeparaverunt
395 1795 424 1845 et
433 1790 644 1860 coaptaverunt.
656 1791 757 1846 Comes
766 1795 861 1844 autern
876 1805 893 1843 a
906 1805 965 1844 me·
1014 1791 1195 1859 Alamannus,
1212 1791 1255 1846 vir
1272 1791 1380 1864 probus
1401 1795 1428 1848 et
1447 1793 1558 1865 sapiens
1577 1793 1766 1863 consiliarius,
1781 1795 1830 1865 qui

150 1882 221 1938 ridie
232 1899 311 1937 suam
322 1898 408 1954 prope
420 1898 534 1937 murum
548 1882 683 1938 conduxit
692 1883 866 1949 machinam,
878 1899 964 1954 quam
1015 1901 1141 1940 sororem
1157 1885 1308 1941 Godeiredi
1322 1885 1400 1941 ducis
1413 1886 1567 1957 conjugem
1581 1886 1716 1954 habebat,
1734 1887 1806 1944 dixit
1821 1907 1828 1944 s

150 1976 279 2048 ligneum
290 1991 441 2048 possumus
450 1975 576 2031 vocitare
586 1982 720 2031 castrum.
734 1975 885 2041 Quoddam
897 1991 963 2031 vero
1014 1981 1124 2034 Domine
1149 1979 1217 2042 duc,
1240 1979 1322 2035 nudis
1347 1980 1414 2049 quid
1437 1982 1497 2034 ista
1519 1981 1635 2035 cluunt?
1663 1982 1831 2052 intelliqisne

152 2069 329 2141 protundum
344 2068 534 2141 precipitium
555 2069 733 2140 impediebat
745 2085 780 2125 ne
799 2086 883 2125 muro
896 2085 963 2125 con·
1015 2089 1064 2128 cur
1086 2075 1138 2128 istu
1159 2062 1292 2141 fumarat?
1314 2075 1481 2140 feminarum
1504 2075 1711 2145 protulobnndo
1734 2077 1829 2133 cobor-

147 2162 329 2234 jungeretur.
346 2162 418 2217 Talis
431 2161 508 2217 enim
527 2162 658 2217 machina
681 2163 780 2234 nequit
803 2163 837 2218 ad
858 2163 964 2219 decliva
1016 2168 1082 2222 tertio
1094 2169 1213 2222 uirorum
1228 2171 1266 2222 est
1280 2167 1455 2234 formidolosa
1476 2167 1598 2236 desecnn
1615 2171 1657 2225 En
1669 2170 1832 2240 prolatore

150 2255 277 2323 condrusi,
294 2272 346 2311 nec
364 2258 464 2311 contra
485 2259 638 2311 montuosa
659 2255 760 2327 dirigi;
785 2255 836 2312 sed
852 2272 965 2329 semper
1014 2264 1040 2315 et
1051 2264 1123 2315 metu
1133 2261 1188 2315 uiri
1202 2260 1357 2324 labascunt,
1373 2265 1398 2315 et
1414 2263 1523 2329 semina
1537 2263 1697 2333 inserpunt,
1711 2268 1737 2318 et
1749 2266 1833 2333 quasi

150 2366 260 2422 requam
269 2355 413 2422 exspectat
426 2349 584 2422 planitiem,
596 2353 627 2404 ut
648 2350 735 2421 possit
744 2349 875 2406 conduci.
892 2352 964 2405 Prae·
1014 2353 1052 2408 oct
1064 2353 1236 2424 opprobrium
1255 2359 1280 2408 ot
1295 2354 1405 2409 dedecus
1420 2354 1580 2410 bellatorum
1595 2359 1689 2411 contro
1708 2371 1756 2412 nos
1769 2373 1832 2427 qar-

149 2460 235 2499 cones
251 2443 345 2516 itaque
364 2460 413 2516 per
428 2445 583 2500 exercitum
597 2443 791 2499 clamaverunt
802 2448 834 2499 ut
846 2443 964 2516 quicun·
1013 2449 1100 2510 riunt,
1114 2453 1139 2502 et
1151 2462 1198 2503 nos
1211 2448 1319 2515 friuolis
1332 2448 1539 2516 allegationibus
1552 2454 1650 2504 terame
1663 2464 1695 2505 oc
1708 2450 1830 2521 decipere

150 2554 206 2611 que
223 2538 253 2593 in
268 2536 377 2593 faveam
391 2537 468 2592 illam
493 2540 548 2592 tres
570 2536 675 2608 lapides
690 2538 806 2608 jaceret,
819 2537 904 2608 jactis
924 2538 963 2592 la·
1014 2557 1069 2595 noia
1085 2544 1195 2611 impune
1216 2557 1288 2596 trusae
1306 2547 1381 2597 sunt.
1395 2543 1449 2599 Nos
1467 2548 1575 2597 econtra
1595 2544 1682 2611 uirili,
1707 2545 1760 2599 imo
1783 2560 1830 2600 aa·

149 2636 272 2709 pidibos,
295 2651 385 2690 unum
408 2633 556 2689 denarium
581 2633 712 2689 haberet.
732 2633 838 2690 Omnes
862 2634 963 2706 igitur,
1015 2635 1075 2689 lasti
1094 2640 1203 2689 utamur
1217 2624 1336 2690 consilio.
1352 2635 1385 2690 ln
1409 2638 1515 2690 nomine
1534 2638 1643 2692 Domini
1661 2639 1748 2693 nostri
1769 2640 1831 2694 lesu

32 2798 35 2803 Ι
149 2729 252 2802 quibus
268 2745 355 2784 morae
369 2727 491 2783 taediosa
509 2728 637 2796 fuerunt,
657 2727 779 2800 incaepto
793 2728 907 2784 fortiter
922 2728 965 2783 in·
1015 2726 1124 2790 Christi,
1146 2730 1440 2798 quisentoseriolaic
1460 2736 1721 2800 pessumeuntem
1741 2746 1831 2786 sunau·

149 2822 313 2881 hiaverunt.
1012 2837 1082 2884 rous,
1100 2826 1126 2877 et
1137 2823 1280 2892 insinuiter
1293 2823 1386 2878 urbem
1400 2823 1596 2892 eporedientes,
1612 2826 1720 2879 bomini
1740 2827 1830 2896 sepul·

184 2917 334 2972 Pontifices
346 2921 374 2973 et
387 2913 544 2988 presbyteri
558 2915 708 2987 populares
716 2916 834 2972 allocuti
845 2923 921 2985 sunt,
934 2919 964 2972 et
1014 2931 1089 2971 mum
1102 2915 1179 2971 bodio
1195 2916 1334 2971 adeamus.

150 3008 186 3067 de
200 3015 289 3066 morte
311 3010 423 3079 Christi,
448 3015 477 3065 st
495 3010 529 3065 de
555 3010 617 3066 loco
640 3010 777 3082 passionis
791 3010 862 3082 ejus,
878 3027 962 3082 quem
974 3039 1002 3114 C
1057 3009 1144 3064 llVlll.
1160 3009 1347 3078 Hierosolymo
1359 3025 1376 3064 o
1388 3012 1579 3081 mmesipnatis
1591 3017 1779 3082 capuanatnr.

149 3104 239 3177 digito
265 3120 362 3160 coram
381 3104 624 3174 demonstrabant,
641 3120 802 3160 sermonem
822 3104 964 3177 optimum
1050 3104 1124 3158 llora
1135 3118 1203 3175 ergo
1213 3101 1306 3174 tertia,
1321 3119 1378 3176 qua
1390 3103 1544 3160 Dominum
1560 3109 1626 3160 ante
1642 3105 1766 3162 Pilatum
1778 3109 1829 3163 lu·

149 3198 293 3267 fecerunt,
308 3203 337 3255 et
347 3197 382 3254 de
392 3198 494 3254 coelesti
508 3198 765 3270 Jerusalem,cujrrs
777 3199 901 3271 figuram
910 3204 964 3256 ter·
1013 3195 1067 3253 dni
1086 3196 1305 3264 damnaverunt,
1318 3197 1479 3265 Christiani,
1502 3214 1644 3254 memores
1664 3199 1740 3255 illins
1763 3217 1828 3273 pas·

149 3292 248 3348 restris
274 3292 417 3364 portendit
442 3295 536 3349 sancte
551 3297 579 3348 et
600 3292 768 3365 eloquenter
795 3291 872 3349 affati
887 3296 962 3349 sunt.
1013 3290 1108 3358 sionis,
1132 3295 1268 3362 tanquam
1288 3296 1418 3347 recentes
1444 3290 1519 3346 uires
1546 3299 1776 3365 resumpserunt,
1800 3300 1830 3352 et

149 3387 255 3444 Omnes
267 3401 335 3458 ergo
342 3385 416 3455 laici,
429 3387 515 3442 armis
527 3385 655 3455 accincti,
671 3386 851 3443 unanimiter
866 3389 964 3443 urbem
1013 3383 1137 3457 quadam
1152 3401 1224 3440 nova
1239 3385 1280 3441 eis
1293 3385 1514 3457 superveniente
1526 3385 1653 3457 audacia,
1664 3388 1745 3459 qnasi
1756 3388 1829 3444 nibil

149 3478 337 3553 impetebant,
355 3485 383 3537 et
403 3487 504 3553 quarta
517 3481 674 3553 quintaque
689 3480 760 3536 teria
774 3485 857 3537 nocie
873 3485 901 3537 et
919 3481 963 3537 die
1013 3483 1097 3533 antea
1121 3477 1306 3547 laborassent,
1329 3479 1453 3551 praeliari
1477 3485 1633 3551 caeperunt.
1661 3482 1721 3535 linx
1749 3482 1828 3537 enim

149 3573 255 3631 civitati
278 3574 454 3630 insistebant.
475 3574 593 3643 Deinde,
616 3575 768 3647 premissis
788 3575 963 3632 orationibus
1013 3570 1198 3641 Gadeiredns,
1214 3577 1243 3627 et
1256 3571 1424 3627 Eustachius
1443 3572 1532 3627 frater
1546 3573 1607 3643 ejus
1625 3572 1737 3630 fortiter
1755 3591 1830 3647 prae·

150 3672 180 3724 et
188 3667 316 3741 jejuniis,
332 3667 501 3740 singultibus
520 3672 549 3724 et
567 3668 766 3741 eleemosynis,
783 3668 853 3724 sacri
868 3669 963 3724 viatici
1011 3663 1170 3734 liabantur,
1197 3669 1225 3721 et
1251 3666 1313 3721 illos
1336 3664 1439 3736 reliqui
1464 3665 1720 3736 subsequebantur.
1748 3670 1829 3725 Tune

149 3762 353 3819 communione
369 3762 481 3830 muniti,
496 3767 574 3818 serta
590 3762 669 3832 laria,
683 3764 747 3818 ldus
766 3762 832 3817 lolii
846 3762 903 3833 [dia
917 3779 963 3818 va·
1012 3758 1143 3814 Letaldns
1157 3760 1186 3813 et
1200 3759 1382 3815 Raimboldus
1403 3760 1519 3828 Croton,
1533 3759 1616 3831 probi
1631 3760 1746 3832 milites,
1762 3779 1828 3818 mu·

149 3856 226 3913 neris
242 3859 274 3912 lb
287 3855 373 3929 luliil,
395 3856 536 3912 civitatem
556 3871 667 3911 summo
681 3856 804 3911 diluculo
833 3857 961 3928 aggressi
1011 3868 1077 3908 rum
1095 3851 1293 3920 ascenderunt,
1313 3856 1343 3908 el
1362 3855 1528 3908 constanter
1548 3852 1718 3910 dimicantes
1737 3858 1831 3913 excla·

149 3955 224 4018 sunt,
254 3967 306 4005 nac
328 3953 395 4006 tunc
410 3950 563 4021 praerelere
585 3951 751 4021 potuerunt.
771 3949 824 4015 Qui
839 3950 914 4005 enim
930 3949 960 4004 in
1011 3951 1170 4001 maverunt.
1185 3945 1260 4001 lllico
1274 3945 1336 4001 illos
1350 3948 1378 4002 et
1392 3945 1438 4000 alii
1454 3945 1594 4002 subsecuti
1604 3951 1679 4003 sunt.
1695 3947 1749 4014 Qui
1760 3966 1828 4007 vern

149 4034 274 4100 turribus
289 4044 332 4099 vel
346 4041 376 4098 in
390 4042 532 4098 maenibus
550 4049 644 4106 erant,
660 4043 713 4098 sibi
730 4043 852 4098 invicem
865 4043 959 4116 opitu·
1010 4055 1108 4095 muros
1121 4038 1176 4094 illic
1191 4055 1279 4111 nsque
1288 4038 1487 4108 defenderant,
1499 4040 1606 4111 passim
1624 4040 1827 4115 diffugiebant,

149 4135 296 4205 labantur,
312 4140 340 4192 et
355 4136 451 4208 ignem
468 4138 498 4190 et
510 4136 618 4208 lapides
632 4136 770 4192 continuo
782 4135 959 4207 jaculabant.
1011 4149 1063 4189 nec
1074 4133 1194 4205 amplius
1209 4132 1371 4188 decivitate
1385 4132 1502 4188 tutanda
1517 4135 1719 4205 procurabant.
1731 4136 1827 4193 Chris·

111 4244 115 4253 ·
148 4227 312 4299 Tolosanum,
340 4231 420 4286 lorea
435 4231 585 4302 completa,
602 4229 702 4301 (tribus
725 4229 802 4285 enirn
820 4229 961 4287 diebnset
1010 4226 1154 4282 tianorunr
1176 4226 1339 4297 multitudo,
1361 4225 1506 4283 civitatem
1528 4227 1666 4299 ingressa,
1687 4229 1827 4303 fugitiuos

149 4323 280 4382 noctibus
306 4323 594 4396 consummaverant),
619 4330 742 4380 castrum
768 4324 903 4380 conduxit
924 4324 960 4381 ad
1010 4319 1243 4394 persequebatur,
1257 4325 1286 4374 et
1298 4319 1408 4376 nemini
1421 4321 1564 4393 parcebat.

148 4434 276 4488 murum,
289 4419 506 4491 suisqnemoras
518 4416 699 4474 succensebat
711 4417 848 4490 usquead
861 4409 999 4482 secun-D
1045 4414 1183 4482 Armenii,
1202 4414 1290 4469 Graeci
1316 4417 1346 4469 et
1369 4414 1443 4486 Syri,
1468 4413 1516 4487 qni
1539 4415 1608 4471 olim
1629 4416 1660 4472 in
1684 4418 1776 4489 Helia,
1796 4419 1826 4476 id

147 4512 213 4571 dam
227 4513 401 4585 seriam,pro
410 4511 498 4568 nimio
507 4511 615 4582 labore,
625 4527 711 4584 quem
723 4528 775 4584 per
788 4515 876 4568 totam
900 4528 961 4584 per·
1010 4514 1053 4564 cst
1073 4508 1239 4577 lentsalem,
1260 4508 1357 4563 Tuscis
1380 4508 1589 4580 subjacuerant,
1612 4513 1640 4566 et
1660 4511 1689 4566 in
1713 4513 1827 4585 magnis

148 4608 272 4664 tulerant
290 4606 512 4663 hebdomadam.
1010 4601 1150 4674 pressuris
1172 4601 1331 4657 Christiano
1350 4602 1438 4657 cultui
1460 4604 1604 4675 utcunque
1621 4604 1825 4679 deservierant,

182 4702 249 4758 Post
262 4700 434 4758 matutinum
449 4700 588 4768 laborem,
613 4700 685 4756 duce
704 4699 835 4772 jubente,
860 4701 961 4758 Franci
1011 4700 1042 4751 ut
1061 4695 1236 4752 Christianos
1258 4696 1396 4752 violenter
1414 4696 1443 4751 in
1467 4697 1566 4753 urbem
1588 4697 1725 4770 irrupisse
1745 4701 1823 4757 vide-

146 4796 295 4871 panlulum
325 4796 527 4868 quieverunta
549 4793 760 4866 congressione,
772 4799 801 4849 et
821 4796 961 4868 pagania
1010 4797 1095 4858 runi,
1122 4789 1156 4845 ad
1180 4788 1322 4845 basilicam
1350 4789 1446 4845 Sancti
1472 4790 1598 4862 Sepulcri
1631 4792 1826 4863 conglobatim

148 4888 645 4948 defensione.Guinimundusautam
660 4886 834 4957 admiralius,
857 4894 885 4945 et
904 4890 962 4945 l'ri·
1010 4899 1112 4939 omnes
1120 4883 1320 4955 consurgerent,
1331 4885 1360 4938 et
1369 4899 1435 4938 cum
1443 4899 1556 4940 summa
1570 4884 1731 4956 devotione,
1741 4888 1826 4958 Kys-ie

148 4984 275 5058 golendis
289 4985 396 5050 Perses,
425 4999 514 5055 nepos
528 4982 599 5054 ejus,
622 4981 651 5036 in
674 4996 738 5037 arce
760 4981 847 5038 David
866 4989 959 5054 erant,
1010 4979 1107 5034 cleison
1122 4980 1151 5032 ct
1162 4976 1230 5031 alias
1243 4976 1462 5049 supplicationes
1476 4993 1529 5049 pro
1539 4978 1677 5051 temporis
1689 4986 1827 5054 opportu·

148 5081 177 5135 et
190 5074 371 5150 magistratus
384 5077 461 5133 urbis
475 5083 561 5149 atqua
578 5075 715 5148 primores
737 5074 803 5130 illuc
817 5076 853 5131 ad
873 5078 959 5132 collo·
1010 5071 1101 5127 nitate
1114 5072 1275 5140 clamantes,
1290 5071 1398 5126 exitum
1422 5070 1463 5127 rei
1485 5072 1638 5144 praestolata
1659 5077 1735 5129 sunt.
1750 5076 1824 5132 Tan·

147 5170 247 5246 quium
263 5173 497 5228 convocaverunt.
512 5172 624 5226 Interea
637 5169 771 5225 mulieres
785 5169 900 5225 urbana
914 5189 960 5225 su·
1010 5166 1109 5221 credas
1131 5168 1228 5220 autem
1250 5181 1315 5220 cum
1341 5181 1392 5220 sua
1414 5165 1543 5235 cohorte,
1563 5165 1673 5223 riarum
1695 5168 1825 5241 ignarus,

144 5266 352 5343 perplanitiam
362 5264 524 5332 domorum,
532 5264 732 5335 juxtamorom
743 5263 959 5320 Palestinorum
1011 5259 1060 5315 nsi
1085 5264 1156 5315 nutu
1180 5258 1246 5314 illuc
1268 5258 1393 5327 advenit,
1416 5262 1444 5314 et
1465 5259 1598 5332 praelatos
1617 5260 1750 5317 homines
1774 5279 1827 5335 per

143 5359 346 5428 ascenderunt,
361 5359 390 5415 et
401 5358 521 5414 choreas
534 5357 588 5413 sibi
600 5360 768 5427 statuentes,
783 5354 959 5414 cantilenam
1010 5353 1155 5409 orationes
1174 5356 1203 5408 et
1224 5351 1373 5424 religiosos
1393 5368 1494 5409 eorum
1515 5359 1622 5426 gestus,
1645 5354 1826 5413 Christicolas

144 5449 664 5526 hujusmodialtisrocibuslocutione
681 5467 734 5507 sna
754 5454 959 5520 cantaverunt3
1010 5462 1071 5503 esse
1092 5444 1248 5519 cognorit:
1271 5447 1332 5513 Isti,
1353 5446 1454 5518 inquit,
1475 5442 1625 5503 Clrudoni
1645 5453 1719 5505 sunt.
1741 5451 1826 5509 Nemo

180 5547 335 5610 llotoneti,
348 5547 402 5601 Deo
415 5548 518 5606 mama,
533 5543 633 5612 ἀίοιιιιε
647 5544 743 5600 mades
761 5545 883 5615 poaque,
903 5547 960 5601 uia·
1009 5542 1097 5611 initur
1117 5546 1238 5597 unitum
1258 5541 1350 5610 aliquo
1370 5540 1449 5596 modo
1465 5539 1521 5597 iltis
1541 5543 1656 5597 masnil
1674 5544 1737 5601 Non
1752 5546 1825 5601 min

144 5642 277 5712 canasque
294 5638 431 5695 immolate
451 5652 512 5693 cum
529 5636 656 5706 iucundo
679 5642 828 5703 mannate,
848 5641 879 5695 ut
898 5641 960 5694 uin-
1010 5636 1257 5698 intaminarent
1277 5633 1512 5692 omnesomnes·
1532 5634 1672 5700 ladonam
1684 5636 1735 5693 sed
1754 5643 1825 5697 uto

142 5736 415 5808 canturpurcantquc
426 5728 599 5803 semideum
611 5729 730 5789 masna.
1009 5728 1278 5789 cosummatus
1297 5742 1438 5787 mamus.
1461 5730 1569 5788 bursa
1591 5731 1682 5791 nutri
1705 5736 1774 5791 ant
1797 5736 1824 5795 st
