3750 6046
102 176 153 233 239
802 173 963 237 nnbtllttci
983 181 1113 239 litatis
1734 180 1786 234 ain

103 300 263 371 pinnisque
276 300 461 373 compatiens,
478 304 506 355 et.
524 301 659 372 probitati
673 319 774 359 eorum
795 320 954 393 congru-A
1001 306 1083 377 Soepc
1109 308 1286 360 nronxoratns
1308 304 1349 358 vir
1374 320 1390 357 a
1417 302 1536 358 ducibus
1548 303 1785 358 Narmannorunr

103 393 206 462 iulans,
223 398 253 450 nt
264 395 345 449 llrma
359 411 413 468 pax
429 396 520 466 lieret,
535 395 662 469 Sappum
673 397 713 453 eis
726 414 742 452 a
754 398 913 455 Gislebexto
965 399 1105 457 ltiolxardo
1115 397 1299 455 etliodbcrto
1310 396 1499 469 diligebatur:
1511 412 1563 468 pro
1573 395 1630 451 lide
1640 412 1729 468 quam
1738 397 1787 451 do·

102 487 205 544 comite
219 489 335 544 consilio
348 505 399 544 suo
418 489 589 562 impetravit.
607 490 695 546 Porro
717 491 792 547 idern
808 508 913 559 comas,
965 493 1052 548 mitris
1064 493 1124 547 suis
1136 493 1259 549 lieberto
1273 490 1444 547 belesmensi
1458 495 1487 546 et
1496 489 1644 545 Talavacia
1658 495 1688 544 et
1701 490 1785 545 Gnis-

103 580 170 652 quia
186 585 251 653 post
269 582 378 655 aliquot
400 599 490 638 annos
511 583 654 656 praedictis
677 602 713 641 vu
734 586 828 641 Geroii
852 584 915 642 liliis
965 587 1055 655 fredo,
1069 587 1186 658 aliisque
1201 587 1243 641 vel
1263 585 1347 647 heris,
1374 584 1417 639 rel
1436 583 1536 640 amicis
1550 582 1693 651 servabat,
1719 585 1784 655 plu·

103 675 241 731 molestus
265 676 330 748 init,
360 677 457 748 eisque
478 677 613 748 sappum,
636 695 724 750 quern
747 679 801 734 illis
822 681 913 735 consi·
966 680 1036 736 rima
1048 679 1222 736 detrimenta
1237 683 1265 734 et
1278 677 1406 750 pericula
1432 677 1607 751 patiebatur.
1631 678 1701 731 b'am
1724 676 1785 748 ipsc

102 767 142 824 lio
170 769 306 826 liodberti
332 770 411 826 ducis
433 774 621 841 concesserat,
648 772 792 829 reauferre
815 774 913 842 voluit,
965 779 1065 845 sponte
1087 772 1224 830 destruxit
1246 776 1371 829 castrum
1399 770 1599 841 lloutisacuti,
1621 769 1697 841 qnod
1722 774 1785 824 erat

103 864 234 934 quantus
247 863 337 920 multa
349 864 499 919 hominnm
512 864 631 936 stipatus
647 864 830 923 multitudine
850 867 912 923 fue·
965 884 1048 922 sunm
1069 883 1121 940 pro
1147 866 1345 939 redemptione
1372 864 1483 920 domini
1513 864 1558 918 sui
1584 862 1724 919 Goisiredi
1750 862 1786 917 de

102 954 150 1025 rit,
176 972 275 1013 eorum
299 957 419 1013 audacia
444 963 472 1013 at
497 957 603 1013 viribus
628 963 753 1014 mortam
780 960 913 1033 suscepit.
965 960 1103 1016 Meduana
1120 976 1207 1032 quem
1229 959 1388 1015 Willalmus
1408 956 1571 1012 talavacius
1587 959 1715 1029 ceperat,
1734 972 1785 1011 uec

138 1051 243 1107 Omnes
256 1050 334 1106 eninr
348 1051 396 1106 isti
412 1051 516 1107 iratres
534 1051 652 1108 inerunt
669 1053 778 1108 strenui
800 1057 829 1109 et
849 1053 916 1126 dap
966 1054 1044 1109 crire
1059 1053 1220 1110 decurrere
1237 1051 1430 1125 permittebat,
1449 1050 1504 1106 uisi
1521 1050 1692 1122 praedictum
1716 1048 1787 1120 deji-

103 1143 176 1213 siles,
192 1143 221 1198 in
237 1143 339 1199 militia
356 1143 451 1200 callidi
467 1149 495 1200 et
507 1144 606 1217 agiles,
623 1146 752 1203 hostibus
765 1146 914 1215 terribiles,
966 1152 1078 1204 caretur
1096 1153 1230 1214 castrum,
1250 1145 1327 1218 qnod
1348 1144 1427 1200 valde
1449 1143 1606 1200 metuebat.
1626 1143 1785 1214 Postquam

102 1236 239 1309 sociisque
269 1236 368 1293 blaudi
396 1244 426 1293 et
456 1237 591 1293 affabiles.
619 1239 737 1295 Diversis
769 1240 915 1296 arentibus
964 1247 1060 1295 autam
1082 1239 1243 1298 Goislredus
1256 1239 1291 1294 de
1304 1238 1424 1294 vinculis
1445 1237 1584 1293 talavacii
1602 1237 1703 1305 evasit,
1725 1236 1781 1292 Ge·

102 1336 260 1400 eraverunt,
271 1333 301 1385 et
312 1331 500 1387 nibilominus
510 1331 553 1405 (ut
565 1349 594 1387 so
608 1332 694 1388 habet
706 1333 834 1389 bumana
847 1351 914 1390 con·
965 1335 1061 1389 roiano
1072 1333 1182 1403 baroni,
1192 1348 1244 1407 pro
1259 1349 1363 1405 magna
1373 1331 1429 1387 ilde
1439 1346 1526 1403 quam
1536 1331 1566 1386 iu
1576 1347 1612 1386 eo
1621 1336 1782 1402 repererat,

102 1422 184 1495 ditio)
200 1423 375 1480 deciderunt.
391 1424 522 1496 Longum
535 1432 578 1482 est
596 1430 625 1480 et
649 1426 719 1482 mibi
742 1427 915 1499 impossibile
966 1434 1088 1483 castrum
1112 1427 1208 1483 Sancti
1234 1426 1359 1482 serenici
1382 1441 1468 1499 super
1489 1424 1599 1480 Sartam
1625 1423 1650 1478 ei
1679 1422 1782 1477 erexit.

102 1516 194 1572 varios
207 1517 388 1589 singulorum
401 1522 481 1574 actus
493 1518 641 1587 disserere,
658 1520 708 1575 sed
724 1521 758 1576 de
780 1520 836 1577 ilua
850 1524 913 1575 tan·
965 1522 1049 1576 llrvlta
1063 1536 1174 1592 possem
1197 1519 1233 1575 de
1252 1519 1393 1575 Willolmo
1409 1518 1526 1588 referre,
1541 1517 1590 1573 sed
1607 1515 1675 1587 quia
1696 1515 1785 1588 pluri·

102 1614 164 1666 tum
188 1611 408 1685 uuiuscujusque
445 1611 512 1668 libet
543 1628 698 1686 parumper
725 1615 843 1686 posteris
870 1615 915 1670 itio
966 1615 1018 1670 bus
1033 1630 1154 1687 occupor
1178 1612 1263 1684 curis,
1285 1628 1375 1685 cogor
1388 1611 1423 1667 ad
1442 1610 1499 1666 alia
1521 1611 1657 1666 transire.
1671 1609 1712 1664 De
1725 1607 1784 1662 line

102 1703 247 1761 iutimare.
928 1690 1033 1765 Brero
1048 1708 1108 1779 ejus
1120 1708 1204 1762 latius
1218 1707 1247 1762 in
1268 1705 1454 1779 sequentibus
1468 1704 1634 1760 edisseram.
1651 1703 1732 1757 Nunc
1747 1701 1783 1756 de

138 1798 287 1866 Erualdns,
317 1798 365 1870 qui
391 1800 598 1874 primogenitus
621 1806 693 1868 erat,
718 1800 761 1856 vir
781 1800 861 1857 tortis
888 1807 916 1857 ct
965 1802 1099 1858 iratribus
1118 1802 1189 1871 ojus,
1208 1806 1239 1855 ut.
1259 1816 1347 1874 snpra
1366 1798 1494 1872 promisi,
1516 1796 1718 1870 compendiose
1736 1794 1785 1850 de·

100 1889 217 1963 probus,
232 1891 354 1963 quodam
367 1892 423 1961 die,
445 1893 514 1949 dum
533 1893 610 1967 apud
624 1895 853 1951 llonasteriolum
868 1894 914 1966 jo·
965 1903 1070 1968 tegam.

101 1995 212 2045 caretur
232 1995 261 2045 et
290 2006 355 2045 cum
382 1993 506 2063 quodam
527 1992 633 2063 jurene
656 1994 822 2062 luctaretur,
843 1993 915 2049 torto
1002 1990 1201 2061 Fulcoins‚qni
1217 1990 1317 2044 tertius
1334 1993 1403 2059 erat,
1432 1987 1613 2042 medietatem
1639 1985 1782 2040 lionaste-

101 2090 316 2154 superacutum
336 2100 486 2140 scamnum
504 2085 599 2158 lapsus
621 2091 673 2154 est,
702 2087 915 2159 contractisque
966 2084 1029 2138 rioli
1050 2083 1157 2151 habuit,
1172 2083 1298 2155 duosque
1318 2082 1401 2150 filios,
1415 2080 1547 2137 Garatom
1569 2083 1599 2134 ct
1623 2077 1782 2144 Fulcoium,

107 2175 199 2232 tribus
207 2176 301 2245 costis,
316 2183 446 2248 posticas
459 2178 520 2234 dies
529 2178 737 2237 defunctusals.
746 2180 914 2246 Willelmus,
965 2193 998 2232 ex
1013 2176 1167 2232 concubina
1181 2175 1349 2248 procrearit.
1363 2175 1424 2246 lpse
1432 2178 1497 2245 post
1507 2175 1629 2228 mortem
1638 2170 1780 2229 liodberti

102 2269 131 2324 in
152 2269 252 2325 ordina
275 2270 430 2327 nativitatis
446 2273 595 2341 secundus,
612 2273 661 2329 diu
685 2273 763 2339 vixit,
778 2273 914 2346 omnique
965 2271 1127 2326 daciscum
1148 2274 1292 2343 compatre
1312 2284 1363 2323 sno
1383 2267 1541 2322 Gisleberto
1556 2265 1671 2331 comite,
1693 2278 1782 2335 quem

99 2362 156 2416 vita
167 2378 219 2419 sua
235 2363 343 2419 cunctis
357 2363 494 2421 iratribus
507 2366 565 2421 suis
580 2365 738 2439 imperarit.
755 2367 822 2422 Erat
835 2367 914 2423 enirn
965 2364 1145 2431 conducebat,
1160 2363 1267 2419 occisus
1286 2368 1337 2419 est.
1360 2361 1520 2418 Radbertus
1534 2364 1659 2415 castrum
1679 2358 1710 2413 S.
1731 2357 1780 2412 Se·

100 2454 223 2511 multum
248 2455 387 2513 facundus
412 2462 441 2512 et
464 2460 596 2530 jocosus,
620 2459 716 2532 largus
749 2464 777 2516 et
801 2461 913 2516 animo·
964 2457 1131 2513 renicicum
1151 2457 1369 2528 circumJacente
1390 2454 1532 2526 provincia
1547 2452 1595 2508 din
1616 2451 1721 2520 tensuit,
1743 2451 1784 2504 ei·

99 2564 156 2616 sus,
170 2549 304 2621 subjectis
318 2550 460 2607 amandus
475 2556 503 2608 et
516 2553 693 2609 obstantibus
703 2553 912 2610 formidandus.
964 2567 1019 2622 qne
1035 2549 1192 2606 Willelmns
1214 2551 1270 2606 dnr
1291 2548 1458 2605 adalaidem
1474 2546 1677 2603 consobrinam
1698 2560 1784 2600 suam

99 2641 197 2698 Nullus
215 2643 371 2699 vicinorum
395 2645 520 2701 audebat
537 2651 640 2701 terram
666 2646 727 2718 ejus
752 2647 808 2702 ullo
830 2648 913 2702 modo
965 2646 993 2700 iu
1008 2644 1174 2717 conjugium
1189 2643 1280 2714 dedit,
1297 2660 1332 2698 er
1344 2659 1402 2715 qua
1416 2641 1507 2696 filium
1521 2640 1638 2695 nomine
1651 2637 1781 2695 liodber-

99 2735 243 2805 inradere,
260 2752 311 2792 neo
321 2736 445 2808 aliquam
456 2737 665 2809 inquietudinis
679 2740 912 2796 consuetudinem
962 2742 1024 2793 tom
1038 2736 1098 2809 (qni
1111 2753 1186 2793 unm
1201 2736 1320 2792 ilenrico
1336 2735 1400 2807 regi
1414 2734 1573 2806 Anglorum
1587 2732 1702 2802 militat}
1718 2747 1784 2803 pro-

98 2829 134 2883 ab
167 2829 331 2884 bominibus
355 2830 417 2901 ejus
444 2831 569 2903 exigere.
596 2831 773 2904 Episcopales
794 2849 913 2889 consue·
964 2830 1076 2886 creavit.
1093 2831 1196 2886 Verum
1206 2834 1270 2901 post
1282 2828 1387 2885 multas
1397 2826 1599 2898 mirandasque
1609 2824 1779 2896 probitates,

99 2922 213 2978 tudines
238 2922 430 2978 lionasterioli
455 2927 483 2978 et
513 2925 643 2980 Escalioii
671 2925 758 2981 fundo
781 2925 912 2996 habebat,
964 2940 1033 2996 quas
1056 2925 1150 2996 gessit,
1180 2923 1292 2995 maguis
1309 2920 1500 2977 simultatibus
1521 2920 1592 2975 ortis
1613 2919 1691 2974 inter
1713 2919 1783 2973 Nor·

98 3031 153 3070 noc
167 3014 243 3070 ullus
251 3015 516 3072 archidiaconorum
525 3016 630 3073 ibidem
644 3019 824 3090 presbyteros
837 3020 911 3091 eius·
964 3033 1085 3073 manuos
1103 3020 1133 3073 et
1148 3018 1375 3088 andegavenses,
1396 3019 1520 3070 castrum
1541 3013 1634 3070 Sancti
1655 3011 1783 3069 Sereuici

99 3109 165 3166 dem
182 3109 301 3165 honoris
324 3109 528 3166 circumvenire
551 3111 681 3168 audebat.
707 3112 778 3169 Nam
797 3113 913 3169 Geroius
963 3113 1060 3166 contra
1080 3110 1250 3166 Willelmum
1274 3110 1376 3166 ducem
1397 3108 1498 3176 tenuit,
1517 3107 1614 3178 ibique
1635 3121 1712 3161 anno
1732 3105 1783 3160 du·

95 3205 176 3275 pater
186 3202 258 3275 ejus,
273 3206 423 3276 postquam
437 3204 573 3277 llelgonis
588 3204 688 3262 liscum
702 3208 744 3277 (ut
764 3206 911 3279 supradic·
963 3209 1039 3260 catus
1053 3203 1180 3276 ejusdem
1196 3204 1275 3259 ducis
1287 3220 1342 3258 axv
1363 3203 1492 3258 obsessus
1505 3207 1558 3271 est,
1572 3216 1717 3273 pomoque
1737 3215 1782 3256 ve-

97 3302 158 3352 tum
178 3301 229 3365 ast,
255 3296 391 3361 obtinuit,
417 3298 522 3354 incolas
548 3298 624 3355 illius
651 3300 762 3372 patria,
792 3300 828 3355 de
854 3318 912 3373 quo
964 3304 1077 3367 uenata,
1099 3298 1174 3372 quod
1197 3298 1310 3370 conjugi
1332 3313 1391 3353 sura
1411 3296 1437 3350 vi
1460 3298 1607 3368 rapuerat,
1634 3298 1779 3364 comesto,

98 3391 259 3463 episcopatu
278 3397 383 3460 esseut,
407 3391 563 3466 inquisivit.
584 3392 626 3449 llli
654 3398 751 3450 autern
778 3393 912 3449 dixerunt
962 3398 1025 3466 post
1037 3392 1162 3465 quinque
1176 3392 1235 3448 dies
1251 3396 1381 3447 mortuus
1393 3394 1446 3447 est.
1686 3396 1691 3403 '

95 3500 126 3540 se
142 3483 247 3541 nullius
262 3484 443 3558 episcopatus
462 3502 533 3542 esse.
554 3489 591 3542 nt
605 3486 652 3544 ille
671 3504 678 3542 :
695 3509 708 3537 n
723 3488 780 3543 lloc
792 3488 911 3544 omuino
998 3485 1133 3543 ltadnlins
1146 3490 1242 3542 aulem
1256 3486 1373 3558 quintus
1384 3484 1475 3540 irater
1489 3483 1614 3540 Clericus
1627 3483 1779 3554 cognomi·

96 3578 234 3650 injustum
248 3584 299 3634 ast.
315 3579 394 3635 absit
410 3596 427 3635 a
442 3596 488 3636 ma
504 3586 535 3637 ut
551 3579 606 3636 sim
624 3580 730 3655 absque
752 3586 863 3654 pastore
884 3585 913 3637 et
962 3583 1044 3636 natus
1064 3583 1106 3635 est
1126 3579 1194 3652 quia
1216 3579 1316 3652 peritia
1341 3579 1512 3646 litterarum,
1535 3577 1716 3648 aliarumque
1736 3593 1779 3631 ar·

92 3673 164 3745 jugo
181 3671 380 3730 ecclesiasticos
404 3674 579 3746 discipline!
600 3696 615 3726 »
637 3675 745 3731 lleinde
765 3676 829 3748 quis
848 3677 912 3733 vici·
962 3674 1033 3728 lium
1049 3673 1179 3746 apprime
1199 3672 1328 3728 imbutus
1341 3675 1394 3728 est.
1411 3671 1460 3727 llic
1479 3675 1509 3726 at
1522 3671 1718 3728 limatiorona
1735 3686 1779 3726 ro

97 3782 199 3824 norum
232 3767 389 3841 presulum
415 3768 574 3840 religiosior
613 3772 686 3825 esset
714 3760 910 3841 'investigarit3
962 3768 1087 3833 cabatnr,
1101 3783 1134 3824 eo
1150 3767 1225 3839 quod
1239 3768 1268 3822 in
1282 3767 1433 3838 juventute
1448 3781 1499 3821 sua
1511 3764 1684 3820 militaribus
1698 3780 1778 3820 erer-

97 3860 258 3933 agnitisque
276 3861 427 3917 rirtutibus
446 3861 562 3934 liugerii
587 3863 766 3919 lexoviensis
785 3863 911 3936 episcopi
961 3862 1034 3918 cittis
1060 3865 1090 3917 et
1112 3861 1274 3917 levitatibus
1302 3859 1495 3916 detinebatur.
1525 3859 1600 3914 Artis
1627 3858 1777 3914 medicina

96 3954 122 4009 ai
140 3956 232 4010 totum
253 3955 393 4010 honorem
411 3970 494 4011 auvam
516 3955 689 4028 subjugarit,
705 3962 733 4011 et
750 3957 909 4013 baldricum
962 3955 1153 4026 peritissimus
1167 3955 1229 4025 tuit,
1242 3955 1460 4026 multarumque
1473 3968 1568 4008 rernm
1581 3951 1728 4024 protunda
1739 3969 1778 4007 se-

20 4080 23 4087 ·
96 4047 131 4102 de
155 4048 331 4120 balgenzaio,
359 4064 537 4120 generosque
563 4066 627 4105 suos
655 4050 843 4106 wascelinum
873 4051 909 4106 de
961 4053 1049 4117 creta,
1067 4050 1141 4105 unda
1167 4066 1250 4104 senes
1267 4048 1363 4103 liberis
1389 4052 1419 4103 et
1438 4046 1591 4119 nepotibus
1607 4047 1666 4102 suis
1683 4047 1777 4102 adbuc

97 4142 184 4195 Ponte
200 4139 387 4196 lircbenlredi
400 4146 429 4197 et
449 4142 603 4214 llogerium
621 4142 657 4197 de
679 4143 793 4214 liarula,
815 4147 911 4200 terras
961 4158 1013 4215 pro
1036 4144 1225 4199 admiratione
1247 4143 1412 4215 loquuntur,
1431 4140 1555 4214 agnovit.
1576 4139 1715 4212 lienique,
1736 4157 1778 4195 re·

96 4248 170 4301 suns,
197 4250 260 4305 quae
285 4233 369 4289 simili
394 4233 523 4291 libertate
552 4235 761 4307 abutebantur,
790 4238 909 4309 praelato
961 4237 1031 4293 lictis
1045 4238 1145 4293 mnndi
1160 4236 1316 4306 lenociniis,
1333 4235 1367 4291 ad
1382 4234 1471 4307 blajus
1484 4234 1695 4290 monasterium
1709 4248 1776 4289 con·

96 4326 223 4399 pontifici
246 4325 378 4383 similiter
400 4327 566 4385 submittere
594 4330 743 4401 persuasit.
772 4332 910 4403 ltogerius
961 4331 1034 4402 fugit
1050 4332 1145 4403 ibique
1164 4331 1216 4386 sub
1241 4330 1355 4385 alberto
1374 4329 1475 4384 abbate
1502 4328 1661 4385 monachus
1683 4327 1775 4383 iactus

95 4421 192 4494 itaque
209 4421 325 4493 praesul,
339 4419 439 4477 videus
453 4422 529 4494 quod
553 4424 664 4495 praeiali
678 4425 832 4497 optimates
856 4425 949 4500 sibiD
961 4426 1050 4481 neum
1060 4424 1225 4497 suppliciter
1238 4423 1348 4496 rogavit
1358 4429 1390 4480 ut
1403 4423 1567 4479 insanabilis
1575 4423 1662 4494 lepras
1675 4422 1776 4478 morbo

96 4518 197 4585 sponte
224 4531 275 4570 sua
301 4514 533 4584 humiliarentur,
556 4518 768 4590 congratulatus
789 4523 833 4575 est
856 4521 907 4591 eis,
960 4518 989 4574 in
1004 4534 1121 4591 corpore
1141 4519 1303 4587 laederetur,
1319 4520 1460 4590 quateum
1480 4517 1693 4589 apeccatornm
1714 4531 1774 4571 sor·

95 4607 231 4680 deditque
246 4608 426 4681 privilegium
442 4610 576 4667 utclerici
587 4617 672 4667 terra
685 4628 744 4668 suoe
761 4628 817 4669 non
833 4613 910 4671 irent
960 4612 1044 4668 dibus
1056 4612 1085 4667 in
1101 4612 1199 4667 anima
1216 4610 1427 4668 emundaretur.
1443 4609 1525 4675 Quod
1538 4609 1584 4682 pie
1607 4608 1776 4681 depracatus

95 4700 131 4756 ad
143 4702 338 4774 placitandum
356 4708 437 4759 extra
451 4707 621 4776 potestatem
639 4721 736 4761 eorum
751 4723 804 4763 neo
817 4708 910 4780 oppri·
960 4710 1002 4763 est
1023 4705 1157 4775 obtinuit,
1182 4712 1210 4762 et
1234 4708 1299 4777 post
1317 4705 1508 4761 conversionis
1532 4720 1623 4760 annos
1646 4702 1706 4759 iere
1728 4716 1775 4758 sex

91 4800 238 4852 merentur
271 4796 382 4868 injustis
413 4798 699 4856 circumventionibus
730 4801 907 4857 archidiaco-
959 4800 1079 4857 feliciter
1094 4800 1225 4856 decessit.

93 4905 206 4946 norum.
228 4890 284 4946 lloe
301 4894 398 4947 autern
418 4893 601 4966 privilegium
624 4895 780 4951 Goroianus
806 4896 908 4951 Willel·
996 4895 1075 4968 llugo
1088 4900 1185 4951 sextus
1204 4895 1303 4963 irater,
1315 4895 1465 4967 juventule
1480 4893 1586 4948 lloreus
1602 4892 1720 4948 fortuna
1736 4894 1776 4948 in·

92 5000 156 5040 xnus
171 4984 283 5040 fortiter
306 4985 408 5054 tenuit,
426 4988 456 5041 et
468 5003 485 5041 a
499 4988 605 5044 domno
633 4989 751 5061 lingone
777 4990 908 5063 episcopo
958 4990 1190 5062 vidente,raptus
1199 4992 1250 5045 est.
1262 4989 1420 5057 llamdum,
1432 4987 1558 5060 quadarn
1568 4987 1625 5052 die,
1638 4987 1673 5043 de
1681 4991 1774 5044 castro

89 5077 265 5133 Uticensibus
276 5079 422 5135 monachis
434 5080 568 5138 obtinuit.
958 5084 985 5141 S.
1006 5082 1164 5141 scolasticae
1187 5099 1252 5139 cum
1275 5083 1412 5139 iratribus
1432 5082 1490 5138 suis
1517 5081 1671 5154 multisque
1694 5083 1777 5138 satel-

125 5172 191 5243 lpse
204 5171 363 5227 lliltrudam
375 5172 464 5229 liliam
476 5173 602 5231 l’ulberti
615 5175 651 5231 da
664 5177 759 5247 licina,
773 5177 822 5250 qui
835 5184 905 5235 tem·
957 5178 1054 5234 litibus
1066 5178 1181 5247 rediret,
1196 5194 1277 5233 secus
1290 5178 1437 5233 ecclesiam
1451 5177 1480 5234 S.
1494 5176 1627 5233 Germani
1642 5176 1673 5232 iu
1688 5177 1774 5232 terri-

92 5280 161 5338 pore
175 5264 310 5322 Riclrardi
329 5265 409 5321 ducis
428 5273 553 5324 castrum
567 5270 678 5341 Aquilae
700 5275 906 5342 construxerat,
958 5272 1029 5328 torio
1044 5273 1173 5329 Escalloii
1183 5288 1248 5329 curn
1263 5271 1460 5328 consodalibus
1473 5270 1531 5327 suis
1543 5286 1604 5327 sese
1615 5271 1775 5328 lanceando

89 5374 209 5415 uxorem
222 5358 312 5429 duxit,
332 5374 365 5414 ax
378 5375 436 5432 qua
456 5361 614 5418 lirnaldum
639 5363 674 5420 de
699 5366 835 5422 Escalloio
860 5383 908 5439 ge·
958 5366 1138 5435 exercuisset,
1154 5382 1221 5424 eum
1242 5367 1370 5439 armiger
1391 5366 1462 5438 ejus,
1482 5365 1551 5421 dum
1571 5365 1686 5422 incaute
1710 5366 1776 5421 mis·

90 5453 162 5508 nuit.
181 5451 287 5508 lteiodo
301 5453 435 5509 Emmam
456 5455 624 5512 walchelini
639 5457 675 5514 de
687 5459 793 5515 lanato
815 5460 905 5517 tiliam
957 5460 1010 5516 sile
1028 5461 1147 5532 jaceret,
1174 5461 1299 5534 graviter
1323 5461 1471 5534 percussit.
1487 5459 1542 5525 Qui
1563 5474 1639 5528 mox,
1663 5464 1696 5516 ut
1714 5464 1775 5515 aral

89 5546 118 5601 in
133 5545 301 5618 conjugium
315 5548 438 5620 accepit3
456 5565 520 5622 quaa
532 5550 718 5621 wtttetmum,
733 5554 782 5626 qni
795 5557 859 5626 post
875 5554 905 5609 in
959 5560 1132 5623 mansuetus,
1157 5556 1292 5612 eumdem
1310 5556 1488 5627 armigeram
1501 5553 1539 5610 ad
1552 5568 1583 5610 sa
1596 5553 1719 5623 vocavit,
1733 5553 1773 5609 ei·

87 5639 191 5713 Apulia
210 5639 301 5697 bonna
327 5642 510 5701 llormanuns
535 5645 755 5718 cognominatus
777 5652 830 5719 ast,
859 5664 906 5721 pe·
956 5664 1011 5723 que
1025 5649 1099 5706 clam
1115 5649 1208 5707 dixit:
1225 5670 1240 5700 n
1250 5648 1392 5707 velociter
1403 5650 1472 5722 loge
1491 5647 1556 5723 quia
1570 5647 1698 5721 gravitm
1710 5646 1774 5704 vnl-

87 5733 172 5809 llelil·
957 5744 1062 5801 oerasti
1087 5758 1143 5801 me.
1162 5744 1326 5802 lliseraatnr
1343 5741 1384 5800 tui
1407 5741 1497 5799 liensl
1521 5741 1599 5817 Fuge
1616 5743 1775 5817 sumnam
