3750 6046
159 192 211 249 aar
841 187 1000 245 oaonuicr
1024 150 1154 245 erraris
1522 142 1529 153 ’
1779 148 1830 242 aas

196 318 354 374 Rodbertus
377 318 495 390 quidam
523 316 626 374 nebulo
650 319 681 373 in
707 317 783 373 curia
810 317 871 373 liuti
896 317 971 389 regis
980 317 1117 403 Acisque
1146 315 1313 388 presidibus
1341 312 1462 386 subjicit,
1485 329 1560 386 quos
1586 313 1639 369 sibi
1665 314 1830 374 contrarios.

158 410 283 483 prolixas
307 412 433 483 pigacias
455 413 564 484 primus
582 412 666 482 coepit
687 411 808 483 implere
830 410 928 481 stupis,
943 415 971 465 et
1020 425 1137 482 suraque
1158 410 1228 482 legis
1247 413 1419 480 spontaneos
1436 406 1667 479 prevaricatores
1686 406 1830 478 perspicit.

157 503 227 560 binc
241 503 307 559 inde
321 510 512 577 contorquere
527 505 616 559 instar
632 518 720 559 cornu
742 502 848 559 arietis.
859 501 902 559 Ob
917 502 971 558 hoc
1019 502 1106 559 Electi
1120 508 1227 570 autem,
1241 503 1291 573 qui
1305 502 1364 557 zelo
1383 500 1504 557 Phiuees
1515 498 1744 569 inflammantur,
1758 499 1833 554 inter

157 597 218 668 ipsc
241 597 403 654 cornardus
425 597 644 670 cognominatus
657 601 709 653 est.
732 596 818 668 Cipus
839 594 970 652 frivolam
1019 595 1153 666 reprobos
1171 594 1271 650 crebro
1289 595 1458 662 irascuntur,
1479 609 1512 649 ac
1534 592 1569 648 ad
1590 593 1746 649 Dominum
1767 607 1831 647 cunr

159 689 392 746 adinventionem
407 707 510 763 magna
524 706 589 762 pars
601 688 749 756 nobilium,
762 705 813 744 ceu
825 689 970 760 quoddam
1019 689 1160 760 Propheta
1174 690 1411 760 conqueruntur:
1431 686 1497 745 Vidi
1513 688 1727 757 prevaricantes
1745 691 1772 740 ct
1788 690 1829 739 tu·

157 783 271 855 insigne
294 784 441 856 probitatis
456 786 485 839 et
501 783 612 839 virtutis
627 800 707 855 opus,
723 799 790 838 mox
808 784 904 839 secuta
916 785 968 842 est.
1019 782 1163 844 tesmonia,
1181 782 1247 852 quio
1265 781 1372 852 etoquia
1392 785 1440 836 tae
1458 795 1513 835 aaa
1533 780 1723 835 custodierant
1748 779 1831 849 (Psoi.

157 877 235 932 Tunc
257 875 411 933 effeminati
423 875 529 948 passim
549 877 579 931 in
592 876 661 932 orbe
675 875 909 943 dominabantur,
922 874 968 929 in·
1018 890 1110 944 mirri,
1137 874 1208 944 roa).
1231 873 1310 931 Unde
1329 890 1346 928 a
1368 872 1451 928 bonis
1470 872 1632 928 doctoribus
1659 877 1830 942 arguuntur,

158 968 333 1040 disciplinate
354 968 612 1038 debacchabantur,
630 967 865 1040 Sodomiticisque
886 983 967 1039 spur·
1018 968 1212 1034 obsecrantur,
1226 967 1411 1037 increpantur
1422 965 1453 1021 in
1469 965 1548 1022 omni
1563 964 1700 1037 patientia
1717 967 1747 1021 et
1767 964 1829 1019 doc-

157 1061 229 1117 citiis
252 1061 319 1117 fredi
340 1061 488 1130 catamitae,
508 1061 631 1117 flammis
649 1061 759 1131 urendi,
775 1060 898 1132 turpiter
918 1059 967 1115 ab·
1018 1060 1101 1116 trina.
1115 1059 1170 1117 Sed
1188 1059 1233 1114 his
1249 1059 1380 1115 omnibus
1396 1057 1579 1131 pertinaciter
1592 1057 1687 1114 obstat
1700 1056 1832 1113 malevoli

159 1154 320 1211 utebantur.
344 1153 427 1210 iliius
446 1153 565 1209 heroum
587 1153 766 1226 abjiciebant,
787 1153 969 1209 hortamenta
1017 1153 1110 1210 cordis
1123 1153 1270 1208 obduratio
1285 1149 1832 1224 nefaria,quesoletomniumforereac

156 1247 333 1303 sacerdotum
354 1246 531 1315 deridebant,
549 1245 785 1318 barbaricumque
807 1261 917 1302 morem
938 1245 967 1300 in
1018 1245 1170 1302 defendere
1183 1245 1326 1301 scelerum
1340 1244 1480 1318 contagia.
1494 1243 1524 1300 Si
1537 1243 1651 1299 Persius
1661 1248 1689 1299 et
1704 1245 1830 1309 Plautus,

155 1339 254 1396 babitu
277 1344 306 1394 et
325 1339 382 1394 rita
405 1339 549 1395 tenebant.
564 1340 633 1395 Nam
654 1339 769 1411 capillos
787 1338 924 1394 avertice
938 1337 969 1393 in
1017 1339 1124 1410 aliique
1139 1339 1286 1394 mordaces
1298 1337 1412 1410 satyrici
1425 1353 1502 1392 nunc
1519 1337 1660 1405 adessent,
1674 1340 1704 1393 et
1722 1336 1832 1393 curiose

155 1432 279 1488 frontem
302 1431 543 1500 discriminabant,
564 1433 664 1504 longos
682 1432 773 1488 crines
795 1431 881 1487 relati
904 1446 967 1486 mu·
1016 1432 1190 1503 indagarent
1203 1431 1327 1502 qualiter
1335 1435 1474 1486 nostrates
1483 1429 1557 1486 clam
1572 1429 1724 1501 palamque
1736 1428 1832 1485 libitus

154 1524 240 1581 lieres
253 1525 424 1593 nutriebant,
439 1530 468 1580 et
479 1541 663 1598 summopere
677 1525 824 1595 cumbunt,
839 1523 969 1596 prolixis·
1017 1521 1673 1597 suosperpetrent,immensamreprebendendi
1682 1523 1829 1579 materiam

155 1635 211 1691 que
233 1618 413 1690 nimiumque
433 1618 537 1673 strictis
559 1618 681 1674 camisiis
700 1617 790 1686 indui,
810 1615 968 1690 tunicisque
1017 1621 1046 1673 ct
1060 1616 1253 1673 subsannandi
1268 1617 1297 1672 iu
1313 1616 1464 1688 propatulo
1475 1616 1642 1687 reperirent.

156 1711 329 1784 gaudebant.
350 1711 442 1768 Omne
462 1715 577 1782 tempus
596 1710 714 1782 quidam
732 1709 919 1783 usurpabant,
938 1703 1004 1777 etB
1051 1710 1210 1766 lnnumeris
1229 1711 1326 1783 itaque
1347 1709 1471 1782 lapsibus
1490 1710 1643 1781 pomponiis
1663 1708 1693 1763 in
1709 1709 1829 1775 mundo,

155 1811 234 1860 extra
250 1803 345 1874 legem
360 1803 409 1859 Dei
422 1819 590 1876 moremque
609 1803 735 1876 patrium
751 1819 803 1876 pro
818 1803 901 1858 libitu
914 1819 965 1858 suo
1013 1803 1130 1860 Geroius
1145 1802 1289 1861 Grossirus
1309 1803 1338 1856 in
1361 1802 1486 1874 quadam
1507 1801 1626 1873 epistola
1647 1801 1770 1874 scripsit,
1784 1801 1829 1855 in·

154 1895 305 1952 ducebant.
328 1896 414 1952 Nocte
436 1895 688 1952 comessationibus
712 1900 741 1951 et
760 1895 963 1968 potationibus,
1013 1901 1058 1953 ter
1082 1896 1201 1968 reliqua,
1227 1895 1385 1951 Gisleberto
1409 1894 1586 1961 idaminoio,
1612 1893 1830 1949 luxoviensium

155 1989 288 2062 vanisque
299 1988 581 2057 confabulationibus,
591 1988 658 2045 aleis
670 1991 699 2044 et
712 1989 835 2057 tesseris,
845 1988 965 2060 aliisque
1014 1989 1147 2062 episcopo
1162 2007 1168 2043 :

153 2081 269 2138 ludicris
280 2082 434 2150 vacabant;
449 2081 495 2137 die
507 2099 573 2138 vero
587 2081 775 2138 dormiebant.
1049 2113 1181 2163 mmm
1194 2111 1305 2176 pamm
1319 2124 1374 2175 ,M
1390 2110 1507 2175 mm„
1519 2109 1653 2173 ,pum
1665 2114 1740 2170 m,

189 2176 235 2232 Sic
255 2181 318 2248 post
330 2174 440 2232 obitum
456 2175 584 2247 Gregorii
599 2192 693 2248 papae,
708 2179 737 2231 et
748 2175 889 2232 Guillelmi
910 2176 962 2230 No·
1079 2182 1224 2235 Transtulit
1235 2195 1312 2234 omas
1322 2195 1400 2234 suum
1413 2194 1525 2246 prorsus
1535 2182 1565 2232 in
1576 2187 1654 2232 ostro
1662 2181 1751 2245 juder

152 2268 206 2338 tbi,
230 2268 407 2344 aliorumque
428 2268 592 2341 principum
610 2267 821 2340 religiosorum,
841 2268 871 2323 in
894 2268 965 2324 occi·
1047 2253 1214 2318 Temporibus
1227 2253 1335 2310 mitit»
1353 2253 1465 2304 “tim
1479 2252 1716 2315 iiv⁰¹vf¹¹⁸f⁰rbf⁸s

152 2360 215 2416 duis
230 2361 355 2433 partibus
368 2377 440 2432 pene
460 2363 537 2417 totus
554 2361 676 2417 abolitus
695 2365 738 2417 est
754 2362 890 2417 honestus
911 2378 963 2433 pa·
1045 2324 1210 2460 Ngmff:
1223 2322 1734 2458 fflffissfffizzfrwgfffljm

151 2457 228 2510 imm
248 2469 308 2508 mos
330 2454 524 2526 antiquorum.
546 2455 590 2511 llli
609 2454 685 2510 enim
706 2454 839 2510 modestis
860 2455 963 2511 vestie·
1076 2467 1127 2516 Neo
1140 2466 1264 2529 pretium,
1277 2478 1324 2516 aec
1336 2464 1432 2524 aanor,
1441 2478 1489 2515 asa
1500 2464 1640 2530 probitatis
1651 2478 1736 2516 amor.

150 2547 256 2603 bantur
278 2546 475 2615 indumentis,
502 2548 665 2620 optimeque
693 2549 828 2619 coaptatis
854 2548 890 2604 ad
920 2547 963 2603 sui

150 2640 964 2745 memummm‘pm‘Etemnthabssmd“mitandum
1013 2677 1118 2748 sperit,
1146 2675 1250 2731 ardeus
1281 2675 1462 2730 scholasticus
1487 2675 1669 2747 hyperbolice
1699 2676 1827 2731 detraxit.

152 2737 181 2788 εἰ
194 2733 378 2802 fflmndum’
391 2737 420 2789 et
434 2734 470 2789 ad
485 2749 573 2839 ΨΜ,
588 2749 660 2805 ⁰9⁰³
670 2734 750 2839 ,qufd
768 2739 838 2790 ΜΟ
857 2750 963 2838 5“3,38“
1014 2768 1129 2824 blittero
1143 2784 1257 2840 quoqne
1270 2768 1426 2835 flandrita,
1442 2767 1472 2823 in
1493 2773 1635 2840 poemate,
1649 2769 1725 2840 quod
1740 2785 1827 2841 super

152 2827 232 2882 rebat
251 2826 407 2898 agendum.
427 2828 478 2883 Ast
498 2843 527 2882 in
546 2827 647 2882 diebus
669 2833 728 2882 istis
749 2833 875 2883 veterum
894 2831 965 2884 ritus
1014 2861 1135 2918 nemim
1156 2864 1264 2918 cmm
1290 2878 1384 2933 nuper
1411 2861 1508 2929 edidit,
1534 2861 1632 2917 mundi
1657 2867 1686 2916 et
1709 2862 1829 2917 misem

152 2935 225 2991 pene
239 2923 315 2976 totus
334 2920 415 2975 noris
433 2919 683 2976 adinventionibus
701 2923 892 2976 commutatus
910 2923 962 2975 est.
1013 2954 1176 3010 mortalium
1190 2960 1308 3010 mutus
1321 2953 1455 3025 elegiacis
1468 2955 1559 3011 modi⁸
1571 2954 1731 3011 luculenter
1745 2956 1830 3011 dm

973 3049 1089 3137 clarit.
1104 3046 1157 3103 atii
1174 3062 1287 3120 quoque
1301 3048 1397 3120 plures
1415 3046 1532 3104 litterati
1553 3048 1689 3119 sophistae
1707 3064 1829 3121 magnos

1012 3147 1128 3215 questus
1144 3141 1327 3214 protulerunt
1345 3142 1380 3197 de
1399 3140 1516 3214 flagitiis
1536 3143 1566 3197 et
1585 3143 1723 3198 erumnis
1744 3142 1828 3214 hujus

206 3292 212 3305 ,
350 3292 356 3304 ‚
489 3292 494 3305 ,
532 3292 559 3304 ..
617 3293 622 3304 ,
876 3292 881 3304 ,
1011 3234 1124 3304 sacrifi3
1140 3250 1212 3306 quos
1225 3240 1338 3290 secutus
1351 3234 1380 3289 in
1399 3235 1534 3307 prasenti
1551 3234 1686 3306 opusculo
1704 3235 1829 3291 breviter

150 3307 238 3366 poris,
251 3292 460 3349 colubrinarum
473 3292 692 3399 similitudmem
706 3293 861 3397 caudarum
874 3308 963 3397 ampo·
1011 3327 1143 3395 memini,
1157 3342 1214 3400 quo
1226 3333 1355 3400 tempore
1369 3327 1409 3382 cis
1422 3328 1505 3399 Alpes
1523 3327 1608 3400 coepst
1619 3326 1727 3401 ineptia
1744 3329 1826 3402 piga-

151 3391 234 3490 num,
248 3401 318 3458 quas
329 3386 407 3442 velut
419 3401 584 3458 scorpiones
598 3402 657 3458 praa
670 3387 758 3442 ocnlrs
776 3402 834 3490 suis
850 3402 962 3458 prospr·
1012 3419 1130 3491 ciorum,
1156 3423 1185 3475 et
1206 3421 1350 3492 superflua
1373 3420 1519 3493 prolixitas
1540 3420 1720 3493 capillorum,
1741 3425 1827 3494 ΜΝ

151 3483 239 3535 crunt.
255 3479 381 3584 flumem
401 3494 514 3551 quoque
528 3478 756 3551 pulverulentam
774 3480 963 3584 interularum
1012 3513 1133 3570 vestium
1146 3519 1229 3570 tm
1243 3514 1341 3570 sordes
1357 3514 1464 3570 frustm
1476 3515 1666 3586 scopantium.

151 3574 179 3628 ‘t
197 3571 346 3644 passmum
366 3571 511 3644 ³¹¹¹'effl⁰⁰
529 3577 654 3630 ”¹⁸⁰⁸oe
671 3573 903 3645 'ersunt’lfflssu
922 3575 963 3629 ΙΨ
1050 3608 1086 3663 ne
1120 3608 1268 3663 sancdtate
1296 3613 1325 3663 et
1351 3608 1495 3663 miraculis
1521 3612 1686 3663 sanctorum
1713 3608 1827 3665 malleus

150 3663 243 3768 iisque
262 3664 438 3769 manicis'ad·
453 3666 548 3721 omnia
564 3666 808 3771 facienda‘manns
819 3666 962 3739 operiunt,
1013 3700 1136 3756 scribere
1150 3701 1240 3756 musto
1255 3701 1390 3757 libentius
1403 3716 1491 3773 quam
1511 3700 1546 3758 de
1565 3700 1652 3773 nugis
1670 3701 1826 3758 infmia,-

149 3758 236 3861 ΨΜ,
254 3757 602 3864 ΒΠΡῨῘΗΜΜΡΠῘΜ
619 3760 747 3816 “nemer
759 3758 908 3865 ‚ampffhoe
920 3760 963 3815 ἘΙ
1012 3809 1088 3862 rum,
1100 3794 1264 3866 frivolisque
1278 3793 1528 3866 nepotationibus;
1545 3794 1570 3850 si
1581 3794 1727 3867 principes
1736 3795 1827 3851 nostri

149 3850 257 3922 ⁸¹¹q¹¹¹d
276 3851 384 3906 ut¹¹¹t⁰r
397 3867 508 3923 ⁰pe¹⁸¹⁰¹
526 3868 573 3907 '¹¹
593 3857 720 3923 smum·
736 3852 874 3925 8¹⁰⁰¹p¹t⁰
891 3854 963 3908 ’ω’
1013 3892 1042 3943 et
1056 3887 1196 3944 antistites
1204 3888 1306 3944 sanctis
1319 3887 1444 3959 perfecte
1456 3886 1825 3957 instarentcharismatibns,

149 3941 215 3997 ciati
229 3948 297 3999 sunt
310 3948 340 3998 ut
353 3942 441 4012 fures,
455 3942 573 4017 occipite
586 3949 683 4000 autem
697 3945 820 4016 prolixas
833 3945 965 4001 animent
1012 3985 1041 4037 οἱ
1058 3980 1196 4053 prodigiis
1217 3981 1364 4052 ponerent,
1384 3982 1563 4037 sanctitatem
1581 3981 1825 4054 mmmmm·

148 4048 244 4089 eomas
254 4039 290 4139 ‘ut'
303 4035 476 4140 meretrices.
489 4036 564 4140 Olina
581 4036 759 4107 Wssiiflssleb
775 4041 804 4092 θῑ
828 4039 913 4110 “9²³⁹
931 4055 964 4095 ³⁰
1012 4078 1063 4130 Ast
1075 4090 1129 4147 ego
1141 4073 1199 4129 rim
1213 4074 1278 4140 illis,
1296 4080 1326 4128 ut
1345 4075 1569 4142 sanctillcentur,
1581 4074 1688 4131 inferre
1701 4090 1824 4147 nequeo.

149 4141 293 4199 peregnur
308 4127 443 4183 usualiter
458 4131 564 4184 intonsi
578 4134 669 4197 erant,
685 4129 843 4203 longasque
862 4131 964 4188 barbas
1013 4159 1092 4224 Unde
1105 4167 1149 4222 his
1162 4167 1282 4237 omissis,
1299 4182 1386 4239 ,uper
1399 4166 1494 4239 rebus,

148 4220 313 4292 gestabant,
337 4220 498 4294 iudicioque
523 4222 572 4277 tali
592 4222 804 4295 penitentiam,
825 4239 874 4280 seu
896 4241 962 4296 cap·

148 4312 268 4383 donem,
285 4315 327 4369 rel
347 4314 608 4386 peregrinationem
633 4316 824 4388 spectantibus
846 4323 964 4388 praeten-

148 4405 262 4462 debant.
283 4407 361 4462 Nunc
379 4422 444 4462 vero
461 4422 534 4479 pene
553 4407 675 4463 universi
700 4410 850 4481 populares
868 4410 1003 4502 cerritiD

148 4504 217 4556 sunt
235 4505 263 4556 et
287 4499 438 4570 barbatuli,
459 4501 553 4574 palam
575 4502 787 4559 manifestantes
808 4503 963 4575 specimine
1047 4489 1088 4543 xl·
1103 4486 1331 4544 Ummidii-⁹0⁸
1344 4491 1441 4544 miliia
1454 4488 1621 4547 Nimim
1633 4488 1790 4561 ΝΜ·

1048 4607 1129 4659 Anno
1152 4603 1188 4658 ab
1213 4602 1409 4659 iucarnatione
1431 4604 1543 4660 Domini
1567 4605 1826 4676 resalutatione

146 4687 229 4743 hirci.
257 4687 391 4760 crispant
421 4687 514 4744 crines
546 4688 720 4746 calamistro.
748 4691 840 4762 Caput
869 4692 964 4747 velunt
1012 4713 1068 4765 rm,
1085 4697 1260 4754 cenomanni
1281 4698 1383 4753 contra
1405 4697 1582 4754 [farmannos
1605 4699 1825 4767 rebellaverunt,

147 4779 226 4849 vitta,
241 4781 303 4836 sine
317 4780 402 4853 pileo.
424 4780 474 4837 Vix
488 4781 590 4854 aliquis
604 4782 776 4840 militarium
793 4784 919 4856 procedit
933 4785 962 4840 in
1013 4789 1166 4863 ejectisque
1187 4790 1349 4847 custodibus
1363 4805 1464 4846 eorum
1486 4790 1521 4847 de
1539 4791 1758 4861 munitionibus,
1775 4809 1826 4849 no·

146 4874 292 4948 publicum
305 4873 396 4946 capite
409 4874 597 4948 discooperto,
609 4875 795 4950 legitimeque
805 4879 962 4934 secundnm
1011 4898 1079 4939 rum
1095 4883 1254 4956 principem
1268 4884 1321 4939 sibi
1336 4885 1553 4941 constituerunt.
1567 4884 1638 4941 Nam
1651 4885 1701 4958 qui
1715 4885 1826 4942 virente

147 4968 465 5040 Apostolipreceptnm
485 4966 748 5041 tonso(lt'or.,xr).
763 4971 896 5027 Exterius
914 4972 963 5029 ita·
1012 4976 1162 5033 Guillelmo
1187 4993 1265 5051 rege,
1294 4984 1392 5033 contra
1419 4994 1486 5034 eum
1511 4978 1652 5034 rebellare
1678 4976 1827 5035 multoties

147 5072 204 5132 que
232 5060 330 5116 habitu
355 5064 494 5135 gestuque
520 5066 692 5132 monstrant,
717 5065 817 5135 quales
844 5064 963 5122 interius
1012 5070 1106 5126 conati
1118 5076 1194 5138 sunt,
1207 5070 1269 5143 ipso
1288 5075 1412 5143 mortuo,
1427 5071 1524 5128 statim
1539 5072 1576 5127 de
1593 5071 1751 5130 rebellione
1767 5088 1825 5127 ma-

147 5154 333 5209 conscientias
346 5154 511 5213 habeantet
524 5156 648 5229 qualiter
662 5158 961 5231 peraretumcultum
1012 5164 1122 5221 chinari
1144 5168 1302 5236 coeperunt.
1326 5165 1512 5237 Legatiouem
1532 5165 1623 5237 igitur
1648 5165 1716 5221 liliis
1743 5169 1825 5221 Arso-

149 5246 185 5302 ad
198 5248 481 5320 Deumpercurrant.
1011 5258 1065 5326 nis,
1094 5257 1229 5314 marchisi
1255 5257 1390 5330 liguria,
1416 5258 1604 5329 direxerunt,
1629 5258 1729 5332 eisque
1757 5259 1827 5315 relic

183 5339 342 5396 altissimus
354 5339 443 5413 igitur
455 5341 546 5397 iudex
566 5345 595 5399 et
609 5343 725 5401 sublimi
739 5345 869 5403 residens
881 5345 961 5419 solio,
1011 5366 1095 5406 sunm
1108 5348 1273 5408 intimantes
1287 5367 1339 5424 per
1351 5351 1480 5425 legatum
1492 5351 1625 5409 dixerunt
1640 5368 1648 5408 :
1663 5371 1679 5405 r
1693 5352 1751 5410 Cur
1766 5355 1827 5409 tam

149 5435 226 5506 quod
250 5433 373 5491 nimium
391 5434 508 5507 flagitiis
535 5436 657 5494 inheret
679 5439 805 5496 humana
825 5440 960 5514 intentio,
1011 5459 1115 5516 segnes
1127 5446 1157 5501 et
1170 5444 1266 5517 ignari
1280 5445 1357 5514 estis,
1371 5449 1404 5501 ut
1415 5444 1612 5503 hereditatem
1630 5451 1757 5503 restrum
1769 5457 1828 5502 nou

148 5528 288 5600 populum
314 5526 501 5597 ineruditum,
519 5529 693 5604 plebemque
718 5531 962 5607 indisciplinatam
1010 5535 1158 5609 repetatis,
1174 5552 1261 5611 quam
1273 5553 1325 5594 nos
1341 5538 1418 5595 ultro
1437 5554 1584 5596 sonamus
1603 5536 1706 5596 robisl
1724 5538 1828 5597 flortui

148 5620 299 5693 miritiplici
319 5621 442 5693 percutit
458 5621 581 5695 flagello.
601 5624 704 5682 Morbis
719 5626 797 5683 enim
812 5627 960 5698 macerari,
1011 5635 1078 5686 aaut
1103 5646 1203 5688 omnes
1232 5630 1473 5689 cenomannensis
1503 5631 1681 5707 pnoeipatus
1703 5630 1828 5707 legitimi

149 5721 178 5771 et
196 5714 274 5772 bellis
290 5713 443 5787 inquietari
461 5714 621 5791 terrigenas
637 5719 789 5792 permittit,
803 5719 960 5795 hypocriti·
1011 5723 1149 5795 heredes,
1159 5724 1277 5801 jamque
1298 5725 1394 5783 nullus
1415 5724 1501 5784 uobis
1518 5723 1641 5785 vicinior
1662 5728 1708 5785 est
1720 5724 1826 5787 heras.

1049 2582 1217 2639 Enormitati
1233 2581 1359 2651 malitia,
1379 2598 1464 2654 qnam
1486 2582 1592 2655 passim
1615 2582 1740 2653 grassari
1764 2599 1829 2654 per·

153 3013 317 3068 Femineam
330 3013 482 3069 mollitiem
497 3013 625 3085 petulans
630 3013 765 3085 juventus
773 3012 962 3085 amplectitur,

151 3105 322 3178 feminisque
346 3105 397 3162 riri
417 3105 537 3162 curiales
554 3107 584 3161 in
607 3107 686 3163 omni
705 3105 818 3162 lascivia
837 3122 962 3162 summo·

150 3215 220 3271 pere
238 3198 402 3256 adulantur.
421 3198 530 3256 Pedum
548 3198 683 3270 articulis,
698 3198 747 3257 ubi
764 3199 827 3256 linis
844 3203 887 3255 est
903 3215 963 3255 cor·

1512 4183 1577 4239 quae
1595 4167 1679 4237 flunt,
1696 4183 1826 4224 remcem

1013 4260 1148 4316 dictatum
1162 4261 1243 4316 facio.
1260 4260 1339 4316 Nunc
1351 4265 1446 4317 autem
1461 4260 1498 4317 ad
1508 4260 1681 4316 narrationis
1693 4260 1826 4317 ordinem

1013 4354 1109 4410 redeo.
