3750 6046
63 218 132 275 tall

738 222 885 280 lllALOGl.
898 251 933 263 -
947 224 1012 279 Llss.
1031 222 1078 278 lll.

1676 218 1745 276 tata

56 346 245 418 contingeret,
266 365 319 420 ego
334 350 418 421 plane
440 351 502 406 hacc
519 351 617 406 eadem
643 351 672 405 in
694 352 788 407 medio
811 369 872 408 om·
886 357 989 449 Atura
1010 351 1043 407 de
1066 351 1120 406 hoc
1142 350 1242 406 eodem
1265 349 1381 405 minime
1405 347 1512 420 negat?
1539 350 1598 419 Ego
1623 346 1742 418 quidem

57 441 140 495 nium
157 442 326 498 fiducialiter
340 444 474 513 dicerem,
491 461 544 499 nec
567 446 707 513 Graecum,
728 463 780 501 nec
801 447 874 501 Lati-

57 550 129 588 nnm
142 535 170 589 in
187 537 241 590 hac
257 538 400 593 sententia
411 538 653 609 pertimescerem,
669 543 696 594 ct
711 546 873 596 mansuetu-

56 627 157 683 dinem
171 630 288 685 llomani
302 632 442 701 pontilicis
457 633 554 688 debita
569 633 727 690 hnunlitate
746 637 775 689 et
795 649 873 689 reve·

56 722 150 777 rentia
163 739 385 793 commonerem,
401 733 540 797 quatenns
555 726 615 799 ipso
628 727 794 799 opitulante,
812 727 873 782 sub·

57 816 116 871 lata
132 818 210 872 omni
227 819 372 874 occasione
392 819 543 875 simultatis
557 826 586 876 et
605 821 753 877 discordiae
776 839 875 876 omnes

55 911 239 968 efficeremur
252 929 341 967 anam
355 914 382 968 iu
399 923 643 970 sacramentorum
667 915 873 984 observatione,

56 1006 108 1078 qni
122 1008 351 1079 semperlnimus
363 1024 454 1062 arnum
469 1008 497 1062 in
514 1010 650 1064 catholica
660 1010 728 1065 lide.
743 1012 777 1065 Et
790 1027 873 1081 spero

56 1101 134 1170 quod
149 1102 207 1171 ipse
223 1118 267 1155 me
282 1102 429 1156 hu'rniliter
450 1109 612 1159 innuentem
634 1105 779 1175 patienter
793 1104 873 1159 audi-

57 1199 113 1261 ret,
130 1195 202 1249 sieut
222 1198 319 1251 l'etrus
340 1212 406 1251 cum
429 1200 501 1251 esset
522 1197 655 1268 princeps
669 1199 873 1270 apostoloram.

56 1289 176 1343 Paulum
198 1289 350 1360 aliquando
366 1294 528 1345 constanter
549 1292 810 1361 reprehendentem
825 1293 874 1347 hu·

58 1383 293 1452 militoraadirit,
309 1385 356 1438 ubi
380 1389 408 1439 et
432 1387 590 1440 constantia
602 1387 679 1440 l‘anli
705 1385 875 1441 lidrrcialiter

60 1480 90 1530 et
109 1476 185 1547 juste
210 1478 448 1549 reprehendentis
471 1480 699 1548 commendatur,
720 1484 748 1535 et
759 1480 874 1535 humilis

59 1570 196 1642 patientia
209 1571 283 1626 Petri
300 1572 329 1626 in
344 1573 564 1628 mansuetudine
576 1574 769 1645 supportantis
784 1575 873 1645 pluri-

58 1680 142 1719 mam
156 1665 295 1733 laudatur,
312 1667 442 1738 quamvis
465 1671 494 1722 et
505 1684 559 1739 ego
582 1669 667 1739 longe
685 1667 804 1723 inferior
820 1668 874 1722 sim

926 445 1107 502 contentione
1126 462 1182 499 non
1208 445 1320 500 alllrmo
1342 443 1440 497 vinnm
1466 458 1541 514 aqna
1573 440 1691 496 mistam
1712 440 1742 494 in

925 539 1011 594 calice
1031 539 1141 593 [lamini
1161 538 1258 605 luisse,
1279 537 1329 593 sed
1351 553 1403 592 nec
1427 539 1456 590 tn
1476 535 1545 590 illud
1563 536 1742 591 contentioso

926 634 1011 689 debes
1021 648 1136 704 negare,
1152 631 1311 703 praesertim
1327 647 1392 685 curn
1415 630 1567 685 auctoritas
1581 628 1745 699 evangelica

926 726 1252 795 necalterumaffirmct,
1267 742 1319 781 nec
1339 726 1460 780 alterum
1488 728 1584 795 negot.
1613 724 1700 778 Porro
1715 722 1744 776 iu

926 821 1069 892 ambiguis
1081 820 1167 875 rebus
1180 820 1253 874 nihil
1272 824 1391 874 estcum
1416 817 1576 873 temeritate
1596 816 1743 871 allirman·

925 915 1005 984 dnrrr,
1021 920 1048 970 et
1059 915 1130 970 nihil
1145 930 1210 969 cum
1232 913 1432 985 indignatione
1453 910 1654 965 refellendam.
1672 909 1744 965 Cam

925 1010 1013 1081 igitar
1028 1009 1138 1080 aliquid
1161 1007 1296 1076 altirmas,
1311 1023 1377 1061 eave
1400 1006 1611 1070 temeritatem,
1628 1007 1658 1058 et
1679 1019 1746 1058 cam

925 1107 1073 1174 refelleris,
1093 1123 1159 1161 cave
1191 1106 1284 1160 animi
1304 1104 1545 1177 indignationem.
1565 1102 1646 1158 Sicut
1665 1101 1744 1157 enim

924 1199 1071 1257 temeritas
1090 1200 1260 1255 allirmando
1284 1205 1326 1255 est
1354 1202 1591 1271 presumptuosa,
1614 1196 1653 1250 ita
1676 1211 1744 1267 quo·

926 1312 982 1367 qne
1008 1294 1155 1349 iracundia
1180 1295 1209 1348 in
1235 1294 1390 1349 refellendo
1421 1294 1493 1347 solet
1519 1307 1579 1345 esse
1599 1288 1743 1361 litigiosa,

925 1388 1001 1461 qnod
1027 1391 1185 1458 utrumque
1211 1387 1430 1458 prudentissime
1456 1384 1614 1441 cavendnm
1639 1386 1683 1439 ast
1711 1382 1746 1438 ab

924 1481 1175 1553 investigatoribus
1189 1481 1322 1535 veritatis.

959 1576 1102 1641 Quoniam
1136 1578 1231 1630 autem
1268 1573 1421 1645 Evangelio
1454 1573 1603 1628 manifeste
1623 1572 1744 1639 dicente,

925 1671 960 1726 de
984 1674 1064 1725 atero
1086 1669 1197 1725 Domini
1223 1670 1253 1723 io
1275 1667 1457 1723 crnceexirit
1477 1667 1593 1739 sanguis
1620 1668 1649 1721 et
1672 1682 1746 1738 aqua

59 1759 157 1827 Paulo,
172 1764 200 1814 et
221 1759 268 1814 ille
282 1777 340 1816 non
364 1761 483 1816 inferior
507 1760 610 1817 debeat
632 1778 692 1817 esse
715 1764 807 1817 Petro.
833 1757 1025 1835 hamlocne,
1044 1762 1100 1833 xlx)
1116 1764 1145 1818 in
1163 1763 1391 1833 redemptionem
1412 1765 1519 1816 nostrie
1537 1760 1644 1827 salutis,
1667 1764 1744 1815 recte

57 1853 196 1908 nimirum
211 1854 273 1908 lieri
287 1859 380 1925 posset
393 1855 469 1927 quod
493 1856 635 1911 Romanus
651 1855 777 1928 pontifex
799 1856 875 1912 Lati·
925 1859 1040 1915 videtur
1051 1859 1149 1914 viriam
1164 1864 1191 1913 et
1206 1873 1281 1928 aqua
1294 1856 1323 1911 in
1335 1856 1421 1912 calice
1447 1855 1533 1910 mista
1545 1854 1575 1908 in
1591 1853 1745 1909 [lominica

59 1946 104 2001 ¹¹³⁵
128 1946 252 2013 minus·
279 1948 382 2003 Gl'aessis
407 1948 530 2015 Graessuss
557 1949 692 2004 omnibus
713 1949 809 2004 omnia
834 1950 876 2004 la·
927 1952 1064 2026 passionis
1078 1951 1381 2008 commemorationem
1397 1956 1425 2005 et
1439 1950 1469 2005 in
1482 1953 1663 2020 peccatorum
1677 1962 1744 2001 nos-

57 2045 130 2109 ctas,
166 2058 265 2097 orrines
300 2043 490 2112 lucrifaceret,
526 2046 555 2098 et
581 2043 684 2098 humili
710 2044 876 2099 anctoritate
926 2050 1035 2101 trorum
1059 2046 1253 2103 remissionem
1279 2043 1384 2111 ollerri,
1413 2046 1443 2097 ut
1468 2041 1599 2097 videlicet
1620 2041 1651 2095 in
1678 2055 1744 2095 san·

58 2135 521 2209 apostolicaesedisuniversapro
545 2138 646 2208 quibus
669 2138 875 2205 discordamus,
927 2141 1014 2211 gaiae
1040 2141 1105 2195 riori
1130 2145 1159 2195 et
1187 2138 1289 2194 aeterni
1317 2136 1477 2192 testamenti
1507 2152 1563 2189 non
1586 2134 1658 2189 desit
1674 2150 1747 2205 aqua

58 2228 234 2299 adaequaret,
249 2230 293 2284 rel
306 2231 404 2297 altero,
424 2248 538 2302 prorsus
563 2232 684 2300 sublate,
706 2236 734 2286 et
754 2232 877 2285 alterum
926 2252 990 2307 quse
1003 2235 1141 2306 populum
1156 2233 1309 2304 significat,
1326 2231 1375 2302 qai
1389 2231 1419 2285 in
1444 2229 1646 2284 communione
1674 2227 1747 2297 ojus-

59 2320 256 2376 unirersaliter
285 2323 470 2392 instituendo,
510 2326 552 2379 rel
582 2324 692 2380 sublato
718 2325 876 2395 utriusque
927 2328 993 2383 dein
1014 2327 1241 2400 sanguinisnori
1268 2334 1295 2381 et
1319 2325 1419 2380 aeterni
1437 2322 1600 2379 testamenti
1618 2322 1748 2392 redemp-

57 2415 202 2483 scandalo,
217 2422 371 2489 utramque
387 2418 591 2486 indifferenter
611 2418 807 2473 instaurando.
926 2427 971 2477 tus
995 2423 1130 2485 salvalor,
1155 2427 1183 2476 et
1209 2424 1344 2492 tanquam
1369 2435 1459 2473 unum
1490 2433 1590 2487 corpus
1615 2413 1746 2469 Ecclesiae

93 2510 245 2564 Anselmas
273 2512 505 2584 havelbergensis
520 2512 668 2584 episcopus
697 2511 768 2566 (lixit
793 2529 799 2565 :
825 2512 874 2566 Sa·
926 2518 1097 2589 cumeapite
1125 2532 1178 2570 ‘suo
1198 2514 1246 2586 qui
1263 2522 1304 2568 est
1325 2513 1460 2581 Claristns,
1484 2512 1706 2582 concorporatur
1718 2512 1747 2562 et

56 2603 95 2659 tis
109 2619 196 2674 super
215 2604 267 2659 bae
284 2606 440 2677 quaestione
460 2606 567 2660 dictam
596 2606 717 2672 ridetur,
740 2608 768 2660 et
782 2605 877 2660 adhuc
927 2611 1033 2677 unitur,
1048 2613 1076 2665 et
1090 2610 1281 2664 saraetilicatur
1297 2612 1325 2662 ct
1340 2606 1470 2661 offertur.
1482 2605 1625 2675 Scriptum
1639 2602 1745 2675 quippo

55 2697 873 2771 aliquidrestatquodatuapruclentiavelimcognoscere.
927 2708 992 2760 est:
1019 2709 1105 2778 Aqaae
1132 2705 1224 2758 malta
1245 2703 1343 2773 populi
1363 2701 1445 2754 rualli
1468 2705 1543 2754 saut.
1571 2700 1627 2752 ttae
1649 2696 1746 2768 itaque

362 2854 554 2908 saturatur
577 2854 618 2908 xx
927 2799 1038 2854 ratione
1054 2797 1148 2853 Latini
1163 2796 1261 2851 vinam
1276 2795 1361 2848 simul
1376 2798 1405 2848 et
1417 2810 1522 2864 aquarn
1537 2792 1566 2847 in
1579 2807 1638 2846 noo
1661 2789 1745 2845 calice

342 2968 347 2977 Ι
531 2896 537 2908 ’
599 2896 629 2907 ”
927 2892 1046 2946 nristum
1072 2890 1206 2958 offerunt,
1237 2892 1267 2943 ut
1286 2887 1416 2942 videlicet
1436 2904 1487 2957 per
1509 2886 1608 2940 vinnm
1630 2882 1747 2955 sanguis

57 2969 98 3021 De
116 2968 298 3023 coronatione
318 2969 377 3021 erni
401 2972 426 3022 ct
449 2982 528 3037 taqua>
544 2969 572 3020 in
595 2967 686 3029 critice,
705 2965 776 3036 qnod
797 2964 878 3019 aliter
926 2987 1040 3055 Christi,
1057 2991 1085 3039 e,
1101 3001 1151 3056 pe,
1173 2998 1278 3055 aquam
1295 2981 1372 3053 plebs
1384 2980 1498 3047 (ΜΗ,
1515 2994 1579 3052 quae
1601 2976 1747 3033 ,spssoelg

258 3048 351 3115 (ἔγω
371 3047 451 3101 amer
473 3048 568 3101 ΜΨ
582 3049 698 3113 'amum'
927 3080 977 3147 sia,
993 3078 1168 3150 significetur
1182 3094 1189 3133 :
1205 3082 1233 3132 et
1248 3093 1306 3131 uou
1330 3091 1468 3143 seorsum,
1488 3090 1539 3128 nec
1561 3069 1746 3143 singulariter

97 3171 145 3227 Dic
171 3187 239 3242 erge
260 3189 349 3243 quaro
373 3173 403 3226 in
430 3171 567 3226 sacrificio
600 3172 695 3226 altaris
728 3170 825 3225 viuum
849 3131 1063 3245 etCtanqaam
1079 3172 1176 3239 divisa,
1198 3170 1248 3226 sed
1261 3169 1345 3225 simul
1362 3168 1444 3223 mista
1459 3170 1593 3238 tanquam
1609 3166 1639 3219 in
1655 3179 1744 3219 unam

56 3282 167 3338 aquam
183 3266 265 3321 simul
286 3266 315 3320 iu
342 3267 458 3321 calicem
484 3266 607 3321 infusam
632 3271 659 3319 et
684 3265 796 3319 mistam
820 3281 877 3318 non
927 3265 1245 3337 eorpussauetiticetur.
1261 3266 1312 3317 Vos
1333 3265 1508 3317 autemeam
1535 3261 1627 3314 solam
1645 3258 1744 3311 vinum

56 3359 190 3416 offertis?
204 3361 296 3424 Quare
312 3360 409 3415 vinnm
426 3377 536 3415 merum
562 3359 622 3415 sine
636 3376 709 3430 aqua
727 3374 876 3413 consecra·
928 3377 1043 3415 merum
1057 3359 1117 3415 sine
1131 3375 1206 3432 aqna
1223 3358 1253 3411 in
1269 3357 1356 3412 calice
1370 3355 1485 3421 ollertis,
1493 3354 1555 3424 jam
1573 3367 1632 3407 non
1650 3350 1744 3405 Eccle-

33 3455 120 3509 -tis‘r
140 3457 292 3526 Postquam
309 3455 387 3509 enim
402 3455 499 3509 vinum
521 3469 634 3508 merum
653 3452 779 3507 oblatum
791 3451 876 3506 sacri·
928 3455 1002 3510 siam
1016 3472 1080 3527 qaae
1095 3457 1135 3508 est
1160 3468 1262 3523 cerpus
1284 3450 1400 3515 Christi,
1428 3464 1493 3502 cum
1517 3445 1626 3503 Christo
1653 3442 1746 3514 capito

56 3544 755 3617 fifflfflfflfflb1⁰⁰⁰delllfflllastssflmSlfflttlisselss
779 3544 878 3596 &11⁰ss
929 3548 1119 3614 sanctificatis,
1146 3545 1195 3601 sed
1219 3546 1313 3599 solam
1336 3543 1481 3600 Christum
1508 3542 1591 3611 caput
1617 3536 1747 3593 Ecclesiae

57 3635 267 3691 sanctificatam
282 3635 312 3689 in
326 3636 443 3690 calicem
466 3634 589 3689 infusam
603 3650 667 3687 cnm
691 3629 878 3686 saeratissimo
929 3643 990 3698 gine
1002 3640 1138 3696 membris
1158 3644 1354 3694 consecratum
1375 3635 1496 3703 0ffestls3
1513 3632 1589 3705 quod
1610 3630 1747 3686 nimirum

57 3725 204 3796 Sassdfflflss
231 3724 364 3792 mimis,
381 3730 409 3778 θῖ
430 3723 469 3777 ilfi
491 3721 729 3779 ⁰⁰ffl¹fl⁰¹¹l⁰³ll⁵²
754 3720 814 3783 0⁰³¹
836 3735 879 3773 fa·
909 3714 912 3721 Ι
931 3737 1009 3794 omni
1022 3735 1130 3791 ratione
1146 3749 1243 3788 carere
1265 3731 1396 3798 videtur,
1412 3734 1440 3785 et
1458 3727 1574 3801 quidem
1595 3738 1744 3780 consecra·

58 3814 149 3881 tione,
167 3830 272 3885 quase,
287 3814 341 3868 lroc
355 3813 465 3868 laeitis‘l

96 3903 229 3961 Nechites
243 3903 470 3975 archiepiscopus
483 3900 658 3957 Nicomediae
672 3899 761 3955 dixit:
785 3897 879 3953 Chris-

58 4002 107 4049 tus
133 3995 161 4048 in
188 4011 292 4066 magna
314 3994 359 4048 illa
379 4010 426 4047 sna
441 4009 530 4060 ecana,
547 4008 611 4063 qum
637 3989 796 4062 specialiter
824 3989 880 4042 llo-

60 4086 169 4144 minica
183 4105 260 4143 coena
274 4092 398 4153 vocatur,
412 4103 467 4141 non
487 4083 591 4156 legitur
609 4099 712 4154 aquam
728 4097 793 4136 cum
816 4081 881 4133 vino

60 4177 175 4232 mistam
189 4178 217 4232 in
233 4177 320 4232 calice
332 4190 519 4239 consecrasse,
546 4173 665 4244 ideoque
690 4171 724 4225 ad
757 4170 881 4224 formam

59 4267 140 4322 illins
154 4284 205 4322 nos
219 4266 351 4321 simililer
365 4265 493 4331 iacimus,
516 4268 545 4316 et
559 4278 615 4315 non
636 4265 679 4315 est
692 4258 773 4314 nobis
795 4257 883 4328 major

59 4356 160 4426 aliqua
175 4356 255 4424 ratio,
270 4372 353 4427 quam
370 4355 458 4425 ipsius
473 4351 624 4407 salvatoris
640 4348 770 4403 imitatio.

99 4445 246 4499 Anselmas
302 4441 534 4511 havelbergensis
579 4439 728 4511 episcopus
771 4436 844 4490 dixit
872 4451 879 4490 ε

60 4534 199 4599 Quamvis
223 4534 251 4587 in
286 4532 437 4602 Evangelio
472 4530 622 4584 manileste
650 4528 684 4581 de
712 4543 787 4599 aqua
810 4526 880 4580 nihil

60 4625 200 4695 scriptum
215 4629 265 4688 est,
280 4623 320 4677 ita
336 4626 368 4675 nt
384 4623 426 4675 rel
452 4620 595 4691 apposita,
610 4620 654 4673 rel
670 4635 727 4672 non
743 4618 881 4688 apposita

57 4714 103 4770 ibi
120 4715 246 4783 legatur,
261 4718 353 4767 tauron
370 4728 426 4765 non
451 4711 562 4763 ridetur
583 4709 748 4775 absurdum,
762 4708 785 4761 si
795 4707 879 4777 juxta

59 4819 174 4859 morem
197 4803 360 4858 ludaeorum
389 4808 416 4854 et
437 4799 663 4861 l'alastinoram,
691 4797 740 4868 qui
765 4811 879 4865 semper

59 4893 161 4946 virium
175 4908 248 4962 aqua
262 4891 377 4945 mistum
399 4888 509 4951 hibunt,
534 4888 629 4958 ipsum
656 4901 769 4957 (praepare
783 4883 877 4940 Chris-

59 4992 126 5042 tum
145 4986 242 5039 rinum
270 5001 343 5056 aqua
372 4983 485 5038 mistam
507 4980 752 5035 sacramentaliter
776 4993 877 5032 cense-

59 5095 157 5135 erasse
181 5079 384 5149 intelligamus.
408 5076 486 5140 Quod
511 5077 533 5130 si
560 5079 587 5128 tu
617 5072 721 5127 dixeris
739 5072 791 5125 hnc
816 5086 878 5125 esse

59 5172 248 5230 temerarium
263 5173 419 5240 altirmare,
432 5170 507 5242 quart
521 5169 549 5222 in
566 5165 766 5223 ccenallnmini
781 5165 879 5218 vinam

57 5266 148 5323 licerit
163 5283 238 5337 aqua
253 5266 380 5334 mistam,
394 5265 459 5335 qnia
473 5265 501 5317 in
526 5260 679 5333 Evangelio
693 5261 747 5314 hoc
762 5275 819 5313 non
840 5258 878 5312 le·

60 5362 150 5434 gitur,
167 5375 221 5430 ego
236 5359 423 5414 nihilominus
437 5357 498 5410 dico
519 5355 573 5409 hoc
596 5353 779 5409 temerarium
800 5352 878 5405 altir-

59 5467 153 5518 mare,
167 5450 300 5522 quodibi
314 5465 388 5520 aqua
407 5448 442 5502 ad
464 5447 564 5500 viriam
585 5443 676 5516 posita
698 5459 756 5498 non
782 5442 878 5507 luerit,

59 5541 131 5615 qnia
146 5547 174 5595 el.
189 5540 283 5594 hocin
298 5537 453 5606 Evangelio
469 5535 587 5589 minime
603 5533 717 5603 legitur.
737 5532 771 5587 Et
784 5532 806 5586 si
827 5530 879 5586 tibi

58 5629 336 5687 rideturincantum
350 5625 458 5697 aliquid
481 5624 586 5691 dicere,
612 5621 687 5694 qnod
714 5621 762 5675 illa
784 5619 878 5691 Scrip-

62 5728 129 5778 tura
142 5718 182 5776 ibi
197 5719 233 5773 tle
248 5719 302 5774 hoc
323 5716 442 5771 minime
464 5713 543 5782 dicit,
563 5728 652 5785 quare
673 5729 730 5767 non
748 5711 880 5769 similiter

61 5808 176 5864 ridetur
187 5808 238 5862 tibi·
249 5807 396 5863 mesalum
418 5805 475 5863 boe
493 5819 613 5881 regare,
630 5804 707 5882 qaod
722 5804 772 5869 itta
785 5804 883 5885 Scrip-

930 3837 990 3887 tum
1018 3845 1075 3885 uon
1101 3827 1292 3898 singulariter,
1323 3826 1373 3879 sed
1395 3824 1477 3878 simul
1502 3825 1643 3875 sacratum
1668 3819 1746 3872 recte

932 3924 1067 3978 dicitnr.-

967 4016 1098 4072 Nechitos
1123 4013 1351 4085 archiepiscopus
1376 4009 1548 4067 Nicomediae
1562 4006 1652 4064 dixit:
1670 4005 1748 4062 Sicut

931 4111 1047 4167 dixisti:
1068 4112 1153 4180 Aqua
1172 4110 1263 4163 nautia
1272 4108 1369 4178 papati
1381 4107 1462 4161 matti
1478 4110 1553 4160 sant.
1566 4105 1602 4157 nt
1615 4118 1666 4156 nos
1689 4100 1746 4156 lor-

931 4220 1009 4258 mam
1040 4200 1195 4256 llonrinicae
1217 4214 1305 4253 coenre
1331 4197 1487 4265 imitantes,
1512 4194 1611 4249 vinum
1636 4204 1749 4246 merum

933 4301 1045 4352 tantum
1058 4296 1089 4350 in
1105 4292 1357 4359 calieeollerimns,
1372 4289 1448 4362 qaod
1463 4305 1516 4362 per
1530 4287 1656 4342 divinam
1677 4300 1746 4356 opo·

933 4392 1074 4446 rationem
1093 4394 1121 4444 et
1141 4387 1286 4453 virtutem,
1301 4389 1330 4439 et
1353 4401 1404 4455 per
1417 4381 1608 4437 ministerium
1622 4376 1749 4433 sacerdo-

891 4487 967 4572 Dlis
983 4487 1182 4540 consecratam
1205 4480 1242 4534 sit
1259 4477 1376 4548 sangnis
1400 4476 1467 4531 aori
1491 4480 1521 4529 ot
1542 4472 1642 4529 aeterni
1665 4475 1749 4525 testa·

928 4578 1041 4647 mentl3
1058 4576 1102 4631 cai
1117 4576 1203 4629 etiam
1220 4571 1424 4628 convenienter
1441 4575 1537 4641 postea
1553 4571 1584 4621 et
1598 4562 1750 4620 rationabi-

928 4676 993 4730 liter
1029 4686 1133 4743 aquam
1164 4668 1364 4734 admiscemus,
1403 4670 1433 4719 ut
1469 4662 1600 4717 videlicet
1628 4656 1749 4731 populus

928 4782 1110 4840 nequaquam
1130 4779 1181 4835 per
1194 4778 1223 4818 se
1236 4760 1438 4821 sarrctilicatas‚
1461 4773 1513 4829 per
1530 4755 1678 4816 unionem,
1693 4767 1749 4823 qna

929 4862 1144 4917 unitursacrato
1163 4857 1224 4928 jam
1259 4852 1404 4925 sanguini,
1429 4848 1639 4914 sanetilicetnr;
1670 4849 1699 4901 et
1726 4845 1750 4900 si

928 4956 959 5011 in
973 4951 1187 5010 consecratione
1200 4949 1259 5004 vini
1279 4947 1352 5003 rneri
1378 4946 1462 5000 solius
1478 4942 1624 5015 sanguinis
1644 4939 1750 4997 Christi

929 5046 1176 5104 consecrationem
1192 5042 1287 5098 debita
1303 5038 1464 5095 reverentia
1477 5035 1656 5092 devotissime
1679 5034 1751 5090 cele·

928 5143 1059 5198 bremas:
1078 5155 1129 5193 neo
1145 5142 1241 5192 tamen
1256 5136 1377 5190 saltitem
1402 5130 1501 5204 populi
1525 5128 1675 5183 Christiani
1703 5143 1751 5182 ne-

929 5234 1081 5307 gligimus,
1100 5248 1166 5287 cunr
1189 5246 1295 5301 aquam
1317 5231 1416 5299 riostca
1441 5224 1639 5289 admiscemus,
1668 5224 1699 5275 ut
1723 5222 1752 5275 et

928 5330 990 5401 ipsa
1001 5328 1048 5398 qni
1065 5325 1188 5399 populus
1201 5328 1253 5390 est,
1269 5319 1488 5393 participatione
1499 5316 1628 5388 ejusdem
1653 5329 1749 5369 sacra-

930 5421 1020 5478 menti
1037 5419 1239 5476 sanctillcetur.
1261 5417 1351 5471 llinus
1367 5414 1473 5485 quippe
1499 5412 1619 5483 dignum
1638 5408 1748 5463 ridere-

930 5523 986 5579 tur,
1021 5521 1051 5571 nt
1072 5511 1251 5569 sanctificans
1278 5515 1306 5563 et
1335 5504 1571 5563 sanctificandam
1598 5501 1752 5574 aqualiter

929 5616 1024 5667 essent
1046 5610 1076 5663 in
1098 5624 1155 5662 rana
1181 5606 1343 5676 eademque
1373 5597 1592 5655 consecrationis
1608 5594 1748 5665 dignitate

929 5701 1189 5763 sollicitudiuemsi
1207 5716 1287 5773 acuta
1305 5697 1360 5770 ιιιιι
1381 5698 1429 5749 est
1443 5690 1586 5762 ponebas,
1605 5680 1775 5735 sanctace-

934 5809 984 5868 tar
1010 5802 1123 5864 dirim
1146 5792 1384 5859 consecrationis
1404 5777 1656 5861 aestimamus,
1681 5768 1717 5815 aa
1738 5768 1813 5806 W*
