3750 6046
56 189 111 244 ddi
474 182 628 242 lllSTOth
647 182 914 242 Ettttsnsrtcs.
935 213 969 228 -
985 185 1071 242 PARS
1091 185 1137 242 lll.
1147 193 1186 227 ‘-
1201 186 1265 243 ΗΒ.
1285 185 1329 244 tx.
1691 187 1743 248 698

50 311 203 369 Civitatem
220 327 301 385 ergo,
323 315 353 367 ut
366 311 476 367 dictum
495 316 547 379 est,
572 309 764 379 muniverunt,
787 315 817 367 et
839 309 869 366 in
880 310 1740 398 Atimuerunt,etinfugamirrevocabiliterprracipitatisunt.

50 422 152 462 mense
168 404 334 475 Nouembri,
355 404 424 461 alias
442 403 608 477 profecturi,
632 404 718 459 rebus
736 403 871 477 quibusli·
956 404 1021 460 Idus
1043 405 1139 478 itaque
1156 406 1329 482 Decembris,
1357 407 1447 482 [toea]
1474 424 1591 482 vespere
1614 407 1740 478 Sabbati,

51 499 101 556 bet
116 499 294 572 compositis,
311 497 488 554 Antiochiam
503 498 647 554 exierunt.
919 497 1019 567 llarra,
1034 499 1130 554 civitas
1143 500 1289 570 opulenta,
1307 505 1389 573 capte
1403 507 1454 558 est.
1474 501 1627 558 Christiani
1640 501 1740 559 urbem

85 596 189 651 Comes
205 591 382 649 Raimundus
411 608 477 648 cum
498 608 550 648 suo
573 589 698 648 exercitu
721 589 820 659 exirit,
844 593 872 646 et
921 591 1060 648 devictam
1083 592 1204 665 ingressi
1232 596 1308 662 sunt,
1333 599 1363 650 et
1381 595 1523 668 quidquid
1548 611 1684 668 gazarum
1709 596 1740 654 iu

48 687 122 744 duas
155 687 292 757 civitates,
323 686 445 759 llugiam
470 691 498 742 et
522 685 666 741 hiberiam
695 683 870 757 pertransiit,
922 685 1056 742 domibus
1065 687 1108 742 val
1124 687 1155 742 in
1172 686 1261 742 foveis
1279 687 1462 758 invenerunt,
1478 690 1620 761 rapaciter
1641 689 1740 746 abstu-

48 781 212 854 quiuteque
225 780 367 836 Kalendas
380 780 542 836 Decembris
555 779 693 852 applicuit
702 779 737 835 ad
749 778 870 833 llarram
921 779 1026 849 lerunt,
1047 780 1207 836 sarracenis
1230 781 1406 853 perimendis
1427 785 1485 838 toto
1507 786 1610 840 conatu
1628 783 1740 839 instite-

46 875 194 931 ciritatem
210 874 350 930 munitam
370 878 399 930 et
410 873 550 945 opimam,
564 878 592 930 et
613 873 710 929 multis
726 874 872 944 Agareno·
922 876 1000 943 runt,
1016 876 1048 929 ut
1064 874 1110 930 rix
1123 874 1251 947 aliquem
1264 875 1357 931 virere
1382 876 1572 948 permiserint.
1597 877 1694 933 Nullus
1709 877 1741 934 iu

48 985 116 1025 rum
134 968 300 1025 nationibus
317 967 461 1024 refertam.
476 967 526 1023 Die
544 983 611 1023 vero
629 965 753 1023 crastina
775 964 873 1021 civita·
923 971 982 1022 tota
1007 968 1077 1023 urbe
1102 967 1181 1024 locus
1208 968 1325 1024 vacabat
1350 986 1367 1024 a
1392 970 1594 1040 cadaveribus3
1628 986 1741 1042 gressus

48 1065 110 1119 tam
135 1079 203 1119 cum
220 1063 279 1118 suis
304 1077 470 1134 expugnare
491 1062 576 1133 coepit
586 1078 595 1132 ;
620 1061 670 1117 sed
697 1058 875 1116 obstantibus
925 1077 1037 1134 quoque
1050 1061 1188 1117 viantium
1199 1062 1325 1135 graviter
1340 1062 1558 1120 offendebantur
1571 1063 1607 1120 ab
1620 1065 1741 1120 exstinc-

47 1157 166 1212 moeniis
182 1162 210 1213 et
224 1154 430 1223 defensoribus,
454 1153 608 1210 tuncnihil
628 1153 759 1226 profecit.
784 1151 875 1217 Quem
926 1154 961 1211 tis
985 1160 1013 1211 et
1038 1156 1194 1212 condendis
1221 1157 1396 1228 corporibus.
1422 1158 1512 1231 Capta
1541 1157 1667 1228 civitate,
1699 1157 1741 1213 ci-

50 1250 220 1307 subsecutus
241 1250 286 1306 die
310 1248 454 1304 Dominica
482 1247 681 1314 buamundus,
709 1245 876 1319 praedictam
926 1249 1003 1306 vium
1018 1265 1124 1322 magna
1138 1266 1216 1321 pars,
1239 1264 1304 1305 cum
1329 1251 1464 1306 uxoribus
1489 1254 1518 1308 et
1537 1251 1602 1308 filiis
1628 1251 1742 1326 suisque

52 1343 91 1399 ad
110 1343 214 1399 urbem
237 1343 324 1399 venit.
344 1342 440 1398 Altera
464 1357 531 1397 raro
554 1341 600 1397 die
627 1339 748 1396 viriliter
774 1339 877 1394 urbem
927 1342 1162 1417 supellectilibus,
1186 1342 1217 1399 iu
1238 1343 1388 1416 palatium,
1415 1345 1494 1417 quod
1519 1361 1603 1418 supra
1628 1351 1741 1419 portam

46 1436 178 1510 aggressi
193 1439 268 1506 sunt,
289 1440 396 1493 tutores
416 1435 589 1492 maeniorum
611 1433 695 1490 variis
717 1431 870 1488 assultibus
927 1440 998 1506 erat,
1012 1437 1154 1508 convenit,
1168 1436 1266 1509 ibique
1279 1437 1510 1493 Christianorum
1528 1439 1627 1494 manui
1649 1439 1742 1513 subia-

48 1531 276 1613 infestarerunt,
292 1531 341 1587 sed
361 1546 465 1603 parum
482 1529 523 1585 eis
538 1531 707 1585 nocuerunt.
733 1527 820 1583 Scala
834 1525 871 1580 ad
928 1530 994 1586 cuit.
1008 1531 1136 1597 Quorum
1157 1530 1206 1586 alii
1219 1531 1364 1603 perempti
1385 1536 1462 1600 suut,
1489 1531 1547 1601 alii,
1571 1533 1739 1589 Buamundo

48 1641 170 1682 murum
190 1625 304 1680 stabant
324 1629 426 1681 erecta
439 1641 446 1692 ;
461 1623 510 1679 sed
533 1621 630 1678 Turcis
648 1617 870 1677 occlamantibus
924 1624 1056 1696 jubente,
1080 1623 1110 1679 in
1139 1624 1319 1680 Antiochiam
1339 1624 1473 1681 servitum
1500 1626 1543 1681 vel
1568 1641 1672 1682 venum
1691 1626 1740 1683 de.

48 1725 78 1775 et
112 1718 346 1791 oppugnantibus
376 1733 461 1773 nemo
495 1716 689 1790 presumebat
720 1696 1000 1774 scanderassducti
1019 1721 1103 1787 sunt;
1124 1724 1152 1773 ct
1168 1734 1280 1788 ornnes,
1303 1718 1344 1774 ita
1363 1717 1465 1792 opibus
1484 1734 1585 1775 eorum
1607 1719 1738 1794 direptis,

47 1813 129 1869 Cives
142 1812 221 1868 enim
238 1828 268 1868 se
287 1811 347 1866 istis
369 1810 481 1867 obstare
506 1826 588 1883 posse
611 1808 775 1876 credebant,
799 1806 871 1861 sicut
921 1810 1050 1883 dissipati
1066 1816 1141 1868 sunt.
1166 1810 1266 1867 Franci
1280 1813 1379 1867 autem
1393 1811 1498 1868 morati
1510 1815 1577 1868 sunt
1595 1812 1626 1869 in
1640 1813 1741 1869 eadem

47 1905 211 1961 Raimunde
241 1904 331 1961 Pilato
361 1911 445 1961 antea
479 1904 662 1960 obstiterant.
692 1899 873 1957 Raimundus
922 1905 991 1961 urbe
1006 1905 1295 1978 meusemintegrum
1312 1904 1493 1962 etdiestres.

47 2016 147 2056 comes
161 1999 288 2072 ligneam
302 1998 370 2056 fecit
383 1999 545 2054 machinam
559 1993 765 2068 compaginari,
782 2009 824 2061 ac,
839 1996 872 2048 ut
957 1997 998 2054 lbi
1025 1997 1152 2054 Oriensis
1173 1998 1321 2070 episcopus
1346 1997 1507 2055 infirmatos
1526 2017 1544 2055 a
1566 2014 1677 2072 superis
1696 2015 1742 2054 re-

47 2093 175 2150 habilicr
196 2096 268 2149 esset
299 2092 335 2148 ad
363 2091 599 2159 conducendum,
630 2105 715 2161 super
748 2092 873 2159 quatuor
920 2091 1012 2162 cessit,
1033 2095 1062 2148 et
1083 2091 1119 2147 ad
1140 2108 1258 2163 superos
1285 2093 1415 2149 evolavit.
1438 2094 1514 2148 Tunc
1533 2094 1626 2149 fames
1648 2091 1741 2148 salida

47 2186 158 2243 rotulas
170 2203 234 2242 eam
250 2186 393 2242 collocari.
405 2187 470 2242 Fuit
485 2190 582 2241 autem
597 2187 677 2239 tauto
693 2180 872 2254 proceritatis
921 2185 1057 2241 exercitui
1084 2185 1235 2258 subrepsit,
1261 2189 1290 2242 et
1312 2185 1472 2258 quemlibet
1492 2186 1667 2256 inhonesta,
1695 2184 1740 2241 vel
1846 2195 1850 2201 ’

45 2285 80 2336 ut
93 2279 265 2336 moeniorum
280 2280 394 2335 culmen
420 2279 590 2351 despiceret,
618 2276 739 2332 turrium
759 2288 872 2347 quoque
919 2280 1095 2349 inconsueta,
1110 2279 1154 2335 vel
1168 2282 1291 2350 austera,
1305 2279 1349 2336 rel
1368 2279 1466 2336 illicita
1477 2279 1608 2336 dentibus
1630 2278 1740 2334 infesti·
1854 2326 1857 2330 ,

45 2375 247 2446 porrecturam
265 2373 440 2446 adaquaret.
454 2373 566 2429 Struem
590 2370 680 2443 igitur
691 2368 768 2424 illam
782 2381 870 2439 prop·
919 2372 986 2429 ditis
1007 2373 1147 2444 attingere
1162 2374 1266 2445 coegit,
1281 2375 1358 2429 Tunc
1377 2372 1466 2429 etiam
1490 2373 1615 2429 turcinas
1639 2386 1739 2429 carnes

46 2471 92 2522 ter
117 2467 271 2539 quamdam
298 2471 414 2523 turrem
436 2465 632 2521 admoverunt.
666 2463 814 2518 Lituorum
843 2463 871 2513 et
920 2465 1039 2538 quidam
1052 2466 1237 2523 comederunt
1250 2484 1259 2538 3
1275 2467 1350 2539 quod
1365 2466 1488 2539 majores
1504 2471 1573 2522 natu
1589 2470 1618 2523 es
1636 2466 1739 2522 hones.

45 2561 183 2617 tubarum
206 2558 378 2632 clangebant
402 2559 527 2627 classica,
561 2558 718 2631 phalanges
751 2553 869 2608 armata}
919 2558 1004 2616 tiores
1018 2565 1052 2615 ut
1070 2559 1236 2628 audierunt,
1256 2559 1455 2615 enrbescentas
1469 2559 1626 2616 contristati
1649 2562 1731 2628 sunl;
1823 2600 1826 2604 .

45 2651 298 2710 circumvallabant
311 2651 426 2707 moenia.
441 2650 581 2708 balistarii
600 2652 630 2705 et
647 2644 786 2721 sagittarii
802 2643 871 2699 diri·
920 2653 968 2708 sed
989 2653 1129 2710 ultionem
1144 2669 1203 2725 pm
1221 2652 1312 2713 nimia
1334 2652 1412 2709 fame
1434 2654 1656 2726 suspenderunt,
1674 2654 1738 2709 Non

48 2747 158 2821 gebant
181 2745 297 2817 spicula,
320 2750 349 2800 et
375 2745 423 2816 qui
445 2744 474 2799 in
488 2760 552 2800 arce
577 2747 659 2799 erant
679 2742 786 2813 lignea,
804 2752 871 2792 saxa
920 2745 998 2801 enim
1022 2745 1063 2801 eis
1093 2763 1147 2820 pro
1166 2746 1291 2802 marimo
1312 2746 1418 2802 scelere
1444 2747 1639 2820 imputabatur
1670 2744 1738 2819 quia

43 2839 357 2914 J'actilabantingentia
370 2839 526 2894 willelmus
545 2839 579 2894 de
599 2831 822 2893 Monte-Pistoris
841 2832 870 2885 et
919 2855 973 2912 ppo
998 2840 1056 2895 Deo
1078 2839 1211 2896 alacriter
1235 2843 1346 2895 tantam
1369 2839 1477 2896 famem
1499 2839 1688 2912 patiebantur,
1708 2845 1738 2896 et

47 2934 97 2991 alii
111 2933 207 3007 plures
218 2932 248 2988 in
261 2932 396 2988 machina
408 2931 586 3005 pugnabant,
600 2929 739 3003 lapidibus
751 2925 870 2996 aliisque
919 2928 1042 2984 inimicis
1068 2928 1118 2983 liei
1139 2929 1272 2985 dentibus
1297 2934 1325 2984 et
1352 2929 1484 2985 manibus
1499 2929 1735 2986 inimicabantur.

46 3028 111 3084 telis
126 3027 202 3082 cives
212 3027 360 3082 desursum
370 3025 538 3098 gravabant,
555 3030 738 3096 etpercussos
747 3020 776 3075 in
790 3015 869 3074 anci·
920 3022 1072 3079 Patrabant
1107 3023 1241 3096 equidem
1274 3022 1387 3088 illicita;
1416 3023 1468 3079 sed
1505 3023 1601 3097 legem
1637 3021 1737 3079 violari

45 3122 124 3177 libus
138 3120 183 3176 rel
194 3120 294 3193 galeis,
308 3121 351 3176 vel
367 3120 396 3174 in
409 3118 560 3191 capitibus,
576 3117 659 3173 facile
673 3091 1111 3190 perimebanthompeltebat
1140 3115 1289 3172 necessitas
1320 3116 1495 3188 angustiosa.
1527 3118 1626 3173 Fames
1659 3117 1737 3173 enim
1831 3166 1833 3171 ,

47 3216 104 3271 Alii
120 3215 193 3271 alios
210 3214 310 3270 ferreis
328 3213 439 3269 uncinis
454 3212 514 3268 siue
527 3212 740 3267 intermissione
752 3208 868 3264 infesta·
916 3209 1064 3265 castrensis
1095 3209 1192 3265 emnia
1216 3210 1334 3283 appetit,
1366 3210 1438 3266 nihil
1465 3211 1585 3283 respuit.
1613 3210 1737 3277 Quidam

46 3309 127 3365 bant.
146 3309 229 3364 'l'urci
245 3308 280 3363 de
291 3307 418 3362 turribus
432 3306 607 3378 satagebant
628 3304 802 3361 Christianos
822 3319 866 3356 sa-
917 3319 1037 3375 corpora
1062 3304 1220 3360 Tarcorum
1243 3303 1406 3373 findebant,
1428 3305 1566 3376 quoniam
1586 3305 1615 3359 in
1638 3320 1737 3361 eorum

48 3403 127 3474 gittis
139 3400 516 3473 etlapidibnsimpugnare.
528 3401 629 3471 lgnem
645 3412 868 3471 quoquc,quem
917 3396 1083 3469 corporibus
1102 3397 1251 3469 byzanteos
1270 3397 1452 3454 inveniebant
1480 3403 1508 3453 et
1531 3414 1633 3453 aurum
1661 3399 1736 3470 quod

47 3497 180 3552 Graecum
194 3499 304 3564 vocant,
316 3494 346 3549 in
358 3493 490 3549 machina
497 3494 604 3564 jacere,
619 3500 647 3548 et
661 3491 731 3548 nihil
745 3491 868 3547 otiosum
919 3491 1085 3563 glutierant,
1100 3492 1129 3545 et
1140 3490 1211 3545 illud
1228 3490 1375 3546 tollebant.
1396 3490 1527 3563 Plerique
1540 3496 1636 3547 autem
1659 3492 1736 3548 fame

47 3589 209 3646 admittere.
231 3587 384 3646 Christiani
397 3592 514 3643 econtra
533 3587 639 3654 oleum,
655 3585 730 3658 quod
745 3584 868 3639 maxime
917 3583 1070 3657 praevalida
1083 3583 1122 3639 ibi
1135 3583 1294 3657 perierunt.

48 3682 150 3755 ignem
163 3682 295 3738 Graecum
309 3680 472 3753 exstinguit,
484 3679 639 3748 effundere,
656 3683 869 3735 ascensumten·
918 3689 985 3743 XV1,
1019 3688 1165 3743 piscosam,
1198 3689 1343 3743 inlesam,
1376 3689 1563 3757 grucesrpmrs
1594 3690 1737 3760 impsum

48 3780 123 3844 tare,
139 3775 302 3848 pedemque
317 3775 475 3844 retrahere,
490 3790 596 3846 eosque
611 3772 757 3845 quimuris
768 3786 868 3842 super·
1113 3771 1166 3824 iter
1184 3769 1222 3823 ud
1239 3769 1391 3824 Jerusalem
1409 3775 1537 3840 pergam.

49 3868 341 3938 erantfcrmidare,in
353 3868 431 3924 nullo
442 3864 869 3937 tameudellcere.Sicpraelium
956 3864 996 3919 lbi
1009 3881 1141 3937 proceres
1163 3865 1257 3921 denuo
1271 3865 1307 3921 de
1327 3867 1476 3922 concordia
1489 3866 1564 3922 inter
1578 3866 1682 3922 ducem
1706 3869 1736 3922 et

47 3963 120 4019 illud
132 3963 167 4018 ad
185 3978 334 4034 vesperum
360 3977 449 4034 usque
471 3961 645 4033 protelatum
667 3962 719 4015 est.
745 3959 870 4014 Tantum
920 3959 1055 4015 comitem
1073 3959 1160 4015 locrrti
1184 3965 1265 4030 sunl;
1281 3960 1330 4015 sed
1346 3959 1417 4015 nihil
1438 3958 1632 4032 profecerunt.
1656 3960 1737 4016 Unde

48 4060 115 4115 erat
141 4055 294 4128 infatigata
319 4055 410 4111 virtus
435 4059 645 4125 agarenorum,
674 4057 707 4108 ut
735 4051 871 4107 audacter
921 4052 1105 4108 Buamundus
1122 4051 1209 4108 iratus
1231 4051 1410 4108 andochium
1431 4053 1582 4108 confestim
1607 4068 1736 4109 reversus

48 4149 214 4205 refellerent
226 4148 365 4205 versutias
378 4148 614 4204 Christianorum.
626 4146 754 4218 Denique
768 4144 869 4201 temo·
920 4151 972 4216 est,
987 4148 1016 4202 et
1028 4146 1081 4201 iter
1096 4145 1127 4201 in
1145 4145 1302 4201 Jerusalem
1319 4145 1355 4202 ad
1377 4145 1553 4218 populorum
1578 4146 1733 4203 detrimen·

48 4243 173 4298 vicensis
199 4241 343 4299 Gulferius
370 4241 405 4297 de
429 4241 575 4312 Turribus,
602 4240 645 4296 vir
664 4240 713 4295 alti
727 4238 871 4311 sanguinis
920 4242 982 4295 tum
995 4238 1184 4295 disturbatum
1197 4242 1247 4296 est.
1264 4239 1382 4295 Privata
1398 4238 1561 4312 principum
1575 4240 1735 4297 simultates

51 4343 80 4394 et
102 4336 231 4392 audaciae
250 4335 398 4406 mirabilis,
420 4335 530 4408 primus
551 4334 653 4391 scalam
679 4333 817 4402 ascendit,
844 4337 872 4388 et
921 4332 1061 4405 subJ'ectos
1078 4332 1255 4406 pessundant
1267 4337 1296 4387 et
1310 4332 1453 4406 affligunt,
1469 4333 1538 4389 dum
1551 4334 1628 4391 inter
1640 4350 1670 4390 se
1682 4333 1735 4389 dis

49 4431 186 4503 usquein
201 4447 315 4486 murum
328 4429 430 4502 pedem
445 4428 575 4484 tetendit.
591 4429 789 4484 ascenderunt
809 4432 871 4499 post
922 4427 1058 4484 sentiunt.
1075 4428 1147 4481 Dum
1167 4426 1245 4482 euim
1268 4427 1464 4498 unusquisqne
1487 4427 1564 4499 quod
1586 4443 1670 4482 suum
1694 4429 1737 4482 est

48 4541 119 4580 eum
143 4524 259 4597 aliquot,
280 4523 329 4578 sed
354 4521 518 4578 nonmulti.
540 4521 619 4577 Scala
640 4521 782 4593 siquidem
807 4536 872 4575 con·
922 4521 1035 4594 quaerit,
1068 4519 1254 4575 acommuri
1284 4518 1461 4591 providentia
1484 4518 1610 4590 tepescit.
1634 4517 1732 4591 Populi

47 4617 143 4673 fracta
167 4617 297 4672 dissiluit.
321 4617 459 4671 Gulferius
486 4619 584 4670 tarnen
609 4614 731 4670 viriliter
755 4630 871 4668 murum
922 4629 1034 4686 qnoque
1054 4612 1091 4668 ad
1118 4627 1303 4668 communem
1322 4611 1478 4684 perniciem
1494 4611 1667 4680 desolantur,
1688 4610 1735 4666 ubi

48 4709 228 4778 defensabat,
252 4717 280 4766 et
299 4709 419 4783 paganis
435 4708 613 4780 expugnatis,
635 4708 726 4764 socios
747 4713 817 4762 nutu
842 4711 872 4761 et
921 4706 1049 4763 consules
1062 4724 1091 4762 se
1107 4705 1183 4778 ipsos
1203 4720 1259 4760 non
1283 4706 1477 4761 consolantur.
1492 4704 1616 4777 Populus
1637 4705 1733 4777 itaque

45 4820 116 4860 roca
130 4802 314 4859 convocabat.
329 4802 447 4859 luterim
466 4801 552 4857 aliam
575 4801 681 4858 scalam
700 4801 871 4857 festinanter
919 4799 1173 4872 ierosolymitanus
1187 4799 1308 4855 multum
1321 4797 1547 4870 eratimpedltus
1559 4815 1612 4872 pro
1626 4798 1733 4854 ducum
1843 4880 1845 4883 ι

48 4903 214 4967 erexerunt,
230 4899 258 4953 et
270 4912 321 4968 per
333 4912 397 4951 earn
412 4895 516 4951 milites
532 4896 701 4968 peditesque
717 4898 758 4951 tot
770 4911 868 4951 ascen·
920 4910 1037 4950 suorum
1048 4893 1171 4967 querelis
1183 4891 1382 4967 peculiaribus.

48 4991 165 5058 derunt,
182 4996 214 5046 ut
227 5006 342 5045 murum
363 5005 513 5061 magnaex
529 4993 609 5060 parte
624 4991 869 5061 praeoccuparent,
957 4991 1062 5044 Rursus
1085 5004 1178 5044 comes
1204 5003 1256 5060 per
1282 4986 1390 5057 legatos
1414 5001 1479 5041 suos
1503 4986 1658 5058 principes,
1684 4984 1734 5059 qui

46 5093 76 5142 et
107 5085 183 5141 cives
217 5083 407 5156 expugnando
440 5082 601 5154 rejicerent.
629 5082 739 5155 Pagani
771 5087 868 5137 tamen
920 5085 1002 5138 erant
1021 5082 1190 5149 Antiochiae,
1216 5083 1384 5152 prosecutus
1404 5085 1457 5148 est,
1477 5095 1510 5135 ac
1531 5082 1564 5134 ut
1581 5079 1608 5134 ei
1625 5079 1662 5135 ad
1676 5080 1732 5137 llu-
1827 5136 1849 5160 ἱ,

45 5179 114 5235 totis
131 5176 240 5233 nisibus
252 5178 481 5244 insurrexenrnt,
498 5181 527 5232 et
541 5176 714 5231 Christianos
740 5175 868 5248 aggressi
918 5176 996 5249 giam
1007 5173 1206 5232 confabulandi
1221 5172 1312 5246 gratia
1333 5171 1490 5243 obviarent,
1507 5172 1569 5228 illos
1593 5173 1732 5230 allocutus

46 5276 125 5343 sunt,
141 5275 170 5327 et
187 5273 265 5326 mota
277 5269 341 5325 illos
356 5270 458 5325 virtute
472 5268 623 5341 aliquoties
636 5269 824 5341 impetierunt
838 5272 869 5324 ut
918 5274 970 5327 est.
985 5269 1161 5326 Godefredus
1180 5266 1269 5340 igitur
1281 5267 1350 5338 dux,
1373 5270 1402 5323 et
1415 5266 1574 5322 Rodbertus
1588 5268 1731 5323 Norman-

44 5365 135 5440 aliqui
147 5365 332 5432 Francorum,
348 5364 452 5419 timore
467 5363 616 5434 subacti,e
636 5378 718 5418 muro
736 5379 766 5418 se
781 5361 866 5419 dimi·
919 5382 982 5432 nus,
1011 5369 1039 5419 et
1064 5361 1226 5418 Radbertus
1254 5360 1437 5416 Flandrensis
1467 5359 1571 5433 aliique
1592 5359 1734 5416 convocati

45 5460 147 5515 serint.
176 5457 272 5513 Plures
294 5460 390 5512 tamen
419 5456 448 5510 in
475 5473 557 5511 muro
582 5461 789 5527 remanserunt,
818 5456 867 5529 qui
916 5456 1059 5531 principes
1074 5456 1196 5527 llugiam
1212 5457 1362 5523 venerunt,
1377 5453 1616 5510 ethnamundum
1634 5469 1733 5509 secum

44 5553 147 5608 tandiu
161 5550 326 5624 frequentes
343 5550 465 5623 impetus
490 5551 698 5621 toleraverunt,
717 5566 866 5623 quousque
916 5551 1107 5607 adduxerunt.
1121 5551 1199 5605 Tunc
1213 5548 1299 5605 etiam
1311 5548 1346 5604 de
1356 5547 1559 5604 concordandis
1569 5546 1734 5620 proceribus

44 5646 203 5703 Christiani
220 5661 336 5700 murum
355 5644 545 5713 suffodissent,
569 5644 738 5716 aditumque
753 5645 865 5717 patefa-
917 5646 1040 5701 multum
1064 5643 1149 5700 locuti
1176 5648 1259 5711 sunl;
1284 5643 1332 5698 sed
1357 5642 1392 5698 de
1407 5641 1452 5697 via
1467 5639 1637 5696 maturanda
1662 5640 1735 5694 nihil

42 5745 151 5801 carent.
170 5739 231 5809 Quo
246 5739 326 5798 Turci
340 5739 465 5814 cognito,
477 5738 512 5794 ad
529 5737 759 5814 desperationem
778 5756 866 5814 usque
916 5739 1105 5816 profecerunt.
1132 5738 1315 5799 buamundus
1340 5737 1381 5793 ire
1400 5734 1526 5805 nolebat,
1552 5733 1607 5790 nisi
1634 5731 1732 5790 civitas
