3750 6046
69 188 124 267 ⁰⁸³.
486 191 643 250 nrsvunta
661 192 974 251 tentamenta-
988 192 1073 251 etus
1091 192 1139 249 ΙΙΙ.
1152 220 1187 233 -
1200 192 1263 250 tta.
1283 190 1356 251 XIII.
1695 190 1748 253 954

69 315 183 389 incoIIs,
197 318 416 390 Andegavenses
437 319 530 376 subito
545 325 731 390 recesserunt,
746 336 852 393 eosque
866 336 883 376 a
893 343 923 416 Α
933 319 968 376 ad
981 318 1087 376 bellum
1106 319 1197 393 parati
1217 320 1413 377 constiterunt.
1428 317 1565 391 Rogerius
1586 321 1683 376 autem
1694 319 1746 392 qui

68 410 176 484 quibus
188 411 275 467 nimis
289 411 466 469 timebantur
479 413 622 483 timentes,
636 414 821 486 pertinaciter
838 414 882 471 lu·
934 413 1055 469 multum
1069 412 1158 469 audax
1174 417 1203 469 et
1216 414 1321 485 probus
1332 418 1403 483 erat,
1419 429 1484 469 cum
1498 412 1595 486 paucis
1609 413 1746 471 militibus

69 508 189 579 gerunt,
214 508 360 578 tutamque
386 507 535 580 regionem
558 514 616 564 mm
635 508 774 564 sociorum
795 524 884 580 qoam
933 523 1112 579 quussecum
1136 507 1259 563 habebat
1276 507 1468 579 (Guillelmum
1492 507 1570 563 enim
1589 510 1624 564 de
1644 507 1745 565 Paccio

69 598 198 657 hostium
212 599 377 673 depopulati
391 605 467 658 sunt.
482 601 589 674 Fugam
605 619 672 659 vero
688 602 802 660 illorum
816 602 884 659 Nor·
934 603 963 655 et
982 599 1135 673 Rogerium
1159 599 1276 657 Bahum
1294 600 1433 656 eumenis
1453 599 1541 673 copiis
1560 604 1589 656 et
1608 600 1746 672 predaet

69 693 173 751 muni
190 694 271 750 tarde
288 700 501 768 compererunt.
520 696 600 752 Unde
621 697 708 752 nimis
727 696 885 754 contristati
933 694 1060 766 captivis,
1074 693 1263 749 lichinneium
1278 695 1464 766 premiserat)
1479 693 1744 750 trustralurtiterin

68 791 139 843 sunt
151 788 229 859 quud
243 804 290 844 eos
302 790 498 861 persequendo
512 790 548 845 de
559 790 673 863 regione
685 808 735 847 sua
747 807 806 848 non
818 807 884 847 con·
934 787 1027 843 hostes
1040 788 1179 860 pugnavit
1194 806 1201 856 ;
1215 788 1264 844 sed
1283 788 1465 843 multitudiue
1479 804 1591 860 pressus
1609 793 1638 843 et
1657 788 1746 845 victus

69 880 224 939 duxerunt.
253 882 334 940 Solus
358 884 560 955 lingerrannus
590 885 625 940 de
651 884 884 941 Corte-Odmari
933 880 1090 950 succubuit,
1113 884 1142 937 et
1161 898 1225 937 curn
1247 882 1356 937 Ferrico
1374 881 1478 939 comite
1498 898 1530 936 ac
1551 881 1694 937 liudberto
1709 881 1745 937 de

67 992 136 1033 cum
154 976 301 1033 liudberto
314 976 349 1032 da
363 977 496 1034 hlesdavit
506 977 625 1051 aliisque
638 979 735 1051 paucis
747 978 884 1036 militibus
933 975 1066 1045 llelismo,
1080 975 1129 1048 qui
1142 976 1266 1032 Pourdus
1278 974 1542 1047 cognomInabatur,
1557 978 1655 1048 captus
1667 974 1745 1047 inge·

68 1070 208 1125 transitus
227 1069 343 1126 Oldonis
364 1072 581 1144 preoccupavit,
596 1072 692 1145 iquue
712 1073 816 1128 multos
829 1073 881 1128 ho·
932 1069 1016 1136 mult,
1032 1068 1243 1142 iulurtunioque
1257 1085 1308 1124 suo
1322 1085 1460 1141 magnum
1470 1067 1593 1124 immicis
1607 1068 1745 1141 modium

66 1163 165 1219 mines
179 1166 208 1219 et
223 1180 311 1237 equos
325 1168 353 1220 et
367 1165 470 1221 rhedas
483 1167 603 1239 panibus
618 1171 647 1223 et
659 1167 723 1222 vino
737 1168 883 1240 multaque
933 1166 962 1217 el
976 1162 1072 1217 vitinis
1086 1162 1257 1236 pagensibus
1270 1162 1450 1219 securitatem
1466 1161 1587 1234 peperit·

67 1257 238 1328 supellectili
259 1264 372 1314 onustas
393 1259 521 1329 retinuit,
538 1268 567 1316 et
587 1260 803 1333 Andagaveuses
823 1276 883 1333 praa
967 1266 1088 1335 Interea,
1103 1264 1172 1323 dum
1188 1265 1316 1322 Ferricns
1335 1266 1370 1323 de
1381 1265 1504 1338 Stampis
1517 1266 1547 1321 in
1564 1280 1674 1321 carcere
1692 1280 1742 1337 ge·

66 1350 176 1407 timore
200 1352 297 1408 mortis
318 1369 401 1409 ausos
421 1352 527 1409 flumen
542 1353 602 1409 aine
620 1355 691 1410 vado
711 1355 838 1423 introire,
853 1355 883 1412 in
932 1365 1033 1427 meret,
1047 1376 1120 1416 uror
1139 1360 1211 1432 ejus,
1226 1377 1278 1432 pru
1299 1361 1379 1431 cujus
1397 1361 1546 1415 stemmate
1565 1374 1659 1415 comes
1682 1358 1743 1431 ipse

65 1444 189 1501 Oldonis
209 1446 351 1518 prolundo
368 1447 504 1519 compulit
522 1453 644 1503 mortem
662 1448 766 1503 subire.
782 1450 883 1505 Comes
932 1452 1136 1524 appellabatur,
1166 1452 1342 1510 Ludovicum
1372 1469 1473 1525 regem
1505 1452 1629 1508 ParisIus
1660 1451 1742 1507 adiit.

65 1541 179 1606 autem,
204 1539 254 1611 qui
277 1541 419 1612 spumanti
445 1557 520 1613 equo
544 1546 641 1596 vectus
664 1558 729 1597 eum
751 1542 883 1614 pluribus
932 1546 1010 1601 Unde
1024 1546 1092 1602 dum
1107 1548 1169 1619 ipsa
1181 1564 1333 1620 praegnans
1344 1549 1496 1615 remearet,
1509 1544 1664 1618 equitando
1676 1544 1743 1600 laesa

65 1631 158 1687 mima
170 1633 376 1688 Nurmanniam
391 1634 556 1702 intraverat,
570 1635 690 1707 pallidus
703 1641 731 1691 et
750 1651 880 1707 gemens,
933 1644 985 1709 est,
1001 1644 1030 1695 at
1043 1640 1127 1712 paulu
1141 1643 1207 1713 post
1218 1640 1382 1697 difficultate
1396 1642 1494 1711 partus
1506 1643 1683 1695 mortuaest.

65 1733 158 1797 atque
170 1725 298 1781 badivola
311 1727 362 1798 (73)
375 1728 474 1800 jacens
491 1745 542 1784 sua
559 1734 687 1785 revectus
705 1729 817 1799 visitati
831 1706 919 1785 sodli

64 1820 180 1891 inipso
203 1820 297 1876 reditu
320 1821 413 1876 asuis
432 1822 562 1893 graviora
584 1839 669 1895 quam
695 1822 730 1878 ab
754 1821 882 1880 hostibus

64 1913 175 1969 damna
198 1914 312 1970 tolerat.
334 1915 404 1970 Nam
425 1915 455 1970 in
478 1916 547 1971 silva
569 1932 654 1989 quam
674 1916 816 1973 ilalasiam
831 1934 881 1972 vo·

64 2011 144 2079 cant,
168 2007 355 2063 cubicularius
373 2009 486 2065 comitis
506 2010 613 2066 occisus
633 2016 685 2080 est,
706 2017 735 2067 et
760 2011 883 2068 mantica

931 1779 989 1834 llll.
1005 1779 1059 1834 vie
1069 1779 1267 1836 meditationes.
1279 1782 1354 1836 diors
1371 1781 1511 1834 nouorum
1530 1778 1699 1834 dominorum
1716 1779 1744 1833 ct

1175 1860 1359 1930 prelatorum.
1373 1858 1495 1914 siccitas.

966 1982 1179 2039 Vicissitudines
1186 1983 1334 2056 presentis
1341 1982 1496 2055 vitequam
1504 1981 1658 2038 mutabiles
1665 1987 1742 2051 sont,

930 2076 1079 2132 saecularia
1101 2077 1205 2149 gaudia
1222 2078 1278 2133 cito
1299 2080 1457 2145 transeunt,
1472 2091 1619 2149 eosque,a
1639 2074 1743 2147 quibus

931 2186 1112 2243 summopere
1133 2170 1310 2237 affectantur,
1333 2172 1363 2226 in
1386 2174 1489 2243 puncto
1508 2171 1651 2226 deserunt.
1665 2169 1743 2225 liun-

931 2262 1022 2318 danus
1034 2263 1128 2319 honor
1145 2264 1233 2320 instar
1250 2264 1335 2319 bnlloe
1353 2264 1447 2320 subito
1467 2268 1565 2335 crepat
1582 2278 1615 2318 ae
1635 2260 1740 2330 delloit,

932 2356 1043 2429 sibique
1056 2357 1232 2412 inhiantibus
1247 2357 1363 2412 insultat
1373 2360 1458 2428 atque
1468 2356 1581 2427 decipit.
1593 2356 1742 2410 Amatores

63 2100 131 2171 ejus
143 2116 209 2156 eum
222 2101 416 2158 consularibus
430 2102 609 2159 indumentis
621 2109 650 2161 et
663 2103 734 2160 vasis
747 2105 881 2177 pretiosis

63 2194 205 2266 subrepta
217 2198 270 2250 est.

103 2289 229 2356 Interea,
242 2288 311 2344 dum
323 2290 542 2360 andegavenses
551 2292 749 2348 lexoviensem
762 2309 878 2365 pagum,

62 2386 98 2436 ut
109 2382 173 2451 jam
188 2381 295 2437 dictum
309 2386 361 2452 est,
371 2383 559 2452 devastarent,
571 2388 600 2439 et
610 2402 786 2457 paganorum
799 2402 880 2441 mure

63 2473 290 2541 debacchantes,
304 2476 411 2548 absque
426 2478 474 2532 Dei
489 2482 567 2534 metu
584 2479 765 2534 exsecrabilia
778 2495 879 2551 perpe-

61 2573 185 2637 trarent,
200 2569 339 2640 hogerius
353 2570 387 2624 de
406 2572 528 2627 Conchis
543 2573 573 2626 in
592 2572 752 2628 Ebruicensi
772 2573 878 2643 episco-

930 2450 1033 2505 mundi
1057 2450 1252 2522 corruptibilia
1281 2453 1449 2523 sequuntur,
1477 2450 1516 2504 sic
1543 2465 1595 2521 per
1619 2447 1742 2520 abrupta

929 2543 1062 2599 vitiorum
1084 2543 1247 2615 gradientes
1271 2546 1502 2615 corrumpuntur,
1523 2542 1672 2614 subitoque
1694 2557 1740 2596 se·

60 2669 136 2733 patu
166 2662 417 2734 clrcumjacentem
446 2666 618 2736 provinciam
644 2666 824 2732 devastabat,
851 2669 881 2721 at
929 2636 1027 2692 dmm
1051 2637 1080 2692 in
1102 2637 1160 2692 5⁰¹³
1181 2638 1325 2693 labuntur·
1344 2639 1378 2693 El
1399 2637 1468 2692 dum
1492 2636 1629 2691 ⁵⁰hliffl0⁸
1651 2635 1740 2691 s³⁸l¹¹³

62 2756 166 2813 omni,
187 2757 311 2813 caedibus
331 2763 416 2829 atque
440 2758 564 2814 flammis
587 2760 720 2815 edacibus
737 2760 877 2818 tradebat·
931 2729 1072 2786 laboriose
1096 2730 1141 2785 vix
1161 2730 1365 2802 adipiscuntur,
1382 2730 1447 2785 inde
1461 2729 1685 2802 necquidquam
1698 2736 1743 2783 tu·

869 2860 881 2913 t
931 2827 1043 2879 mentes
1059 2824 1088 2879 in
1104 2829 1250 2880 momentu
1265 2824 1487 2896 praecipitantur,
1501 2827 1530 2878 et
1541 2823 1687 2879 concinnae
1699 2838 1742 2877 so-

63 2850 250 2905 Guillelmum
270 2852 376 2923 quippe
396 2851 430 2907 de
451 2853 562 2923 Paccio,
577 2854 720 2910 Eustachii
734 2854 867 2925 lilium,e

63 2943 224 3016 Rogerium
247 2944 377 3012 balbum,
402 2946 591 3019 comitemque
614 2947 757 3003 Ferricum
782 2966 879 3006 secum

61 3036 211 3105 habebat,
232 3040 261 3093 et
280 3038 411 3093 comitem
430 3039 640 3096 Gualeranuum
655 3046 683 3096 et
707 3057 806 3099 omnes
819 3044 878 3100 Uti·

62 3130 161 3186 censis
176 3131 329 3201 provincie
351 3132 466 3199 milites,
480 3149 517 3188 ue
535 3133 645 3188 obviam
666 3136 877 3206 Andegavensi·
929 3110 1111 3177 '‘pstrgumur'
1126 3104 1311 3177 omnipmem
1329 3105 1426 3177 itaque
1445 3107 1562 3161 cmm
1580 3102 1741 3175 terrigms

62 3223 120 3279 bu,
152 3223 181 3277 jn
216 3223 302 3279 ,mnis
327 3225 526 3295 procederent,
555 3227 722 3298 occupabat·
749 3233 878 3287 Castrum
929 3198 1054 3267 instruit,
1077 3203 1106 3254 et
1125 3198 1255 3270 pluribus
1272 3199 1362 3253 modis
1379 3197 1529 3253 salubriter
1545 3197 1647 3266 erudit,
1662 3212 1697 3251 ne
1712 3196 1742 3251 in

62 3316 143 3387 quod
162 3317 334 3372 genem,
349 3335 444 3373 come,
467 3320 541 3390 ,pud
564 3321 682 3376 Crucem
703 3326 758 3393 gro
780 3323 878 3379 desen·
927 3292 980 3347 hoc
996 3292 1105 3363 fragilis
1118 3293 1213 3347 seculi
1225 3293 1327 3364 pelago
1338 3292 1492 3347 anchoram
1500 3307 1558 3345 suae
1570 3290 1628 3361 spei
1639 3289 1740 3360 figant,

59 3409 143 3465 ,ione
154 3411 253 3481 pamm
266 3417 468 3480 construxerat,
485 3414 622 3484 Rogeriu,
638 3415 743 3470 acriter
755 3415 874 3488 impug·
927 3403 1018 3459 neque
1034 3386 1201 3442 transitoriis
1213 3385 1449 3441 delectationibus
1468 3385 1525 3439 sive
1545 3383 1630 3438 lucris
1645 3383 1739 3438 letha·

61 3503 160 3569 wip,
189 3504 238 3560 sed
268 3521 325 3560 non
352 3505 484 3561 minuit·
522 3507 672 3563 Abbaiiam
698 3525 764 3564 ,em
791 3526 878 3581 quam
928 3480 993 3536 liter
1006 3479 1175 3536 inhaereant.
1191 3482 1251 3538 Non
1268 3481 1397 3537 iubemus
1417 3480 1459 3533 bic
1472 3484 1625 3532 mouentem
1639 3478 1739 3531 cicitu-

62 3600 92 3655 S.
126 3596 280 3653 audoenus
308 3599 480 3669 jamdudum
512 3602 682 3669 construxit,
716 3606 878 3676 sancteque

61 3689 156 3746 crucis
181 3706 267 3762 quam
294 3692 323 3746 in
355 3693 424 3748 coelu
452 3692 563 3749 viderat
590 3693 695 3750 honori
719 3695 822 3752 dicavit
848 3701 878 3754 et
927 3667 1028 3739 mehr*
1044 3683 1103 3736 ¹¹¹¹›
1120 3668 1173 3740 14)·

61 3786 94 3840 B.
110 3784 248 3840 henfredo
263 3785 298 3840 ad
313 3787 473 3856 regendum
489 3788 640 3854 commisii,
657 3788 795 3860 flogeiiu,
810 3806 877 3846 ,um
963 3770 1033 3825 Eece
1044 3769 1075 3824 in
1096 3769 1148 3824 hoc
1161 3784 1236 3825 anno
1252 3767 1397 3833 bissextili,
1412 3769 1611 3839 postmortem
1624 3762 1739 3821 ilenrici

61 3877 124 3932 gui,
139 3877 379 3934 commilitonibus
394 3880 516 3947 violavit,
530 3882 604 3952 quod
622 3898 680 3937 nun
695 3881 744 3937 diu
756 3882 875 3954 impune
926 3863 1003 3934 regis
1017 3863 1114 3918 multe
1128 3863 1301 3918 uisitationes
1320 3862 1349 3916 in
1363 3861 1431 3918 urbe
1452 3861 1531 3916 lacta
1545 3864 1620 3929 sunl,
1634 3863 1661 3914 et
1672 3872 1737 3930 per·

60 3970 190 4042 perpulit,
207 3972 332 4042 Burgum
346 3972 552 4029 monachorum
570 3976 772 4044 concremavit,
786 3978 875 4033 eicie,
926 3973 1003 4012 suna
1026 3958 1122 4030 plures
1135 3956 1274 4013 claricalis
1291 3961 1319 4012 et
1337 3955 1444 4012 laicalis
1465 3953 1572 4010 ordinis
1594 3968 1660 4009 cum
1679 3968 1738 4007 me·

59 4065 191 4135 siamqne
217 4065 403 4136 impugnavit,
431 4067 465 4121 de
491 4068 656 4123 monasticis
681 4070 876 4139 penetralibus
927 4049 1416 4122 di⁰⁰sib¹¹³t³lInfinisslillssfflSuni-

60 4157 200 4228 fugitivus
213 4157 282 4213 inibi
295 4158 438 4215 latitantes
450 4161 565 4231 rapuit;
589 4161 682 4232 spolia
697 4178 874 4218 veromona·
960 4154 1037 4208 Tunc
1068 4153 1213 4222 Giffll'dlsst
1245 4151 1465 4225 E⁰ss⁰li⁸m0¹1⁸i³
1497 4150 1655 4222 ⁰l³i⁵0⁰l>11³v
1690 4148 1734 4204 Vir

59 4251 182 4306 chorum
196 4268 228 4307 ae
243 4252 278 4307 ad
296 4269 343 4307 eos
357 4253 585 4325 conlugIentium
600 4254 716 4326 diripuit
725 4274 734 4326 ;
751 4257 809 4324 scd,
820 4259 876 4313 Deo
925 4245 1145 4314 ttulistis-timu&
1157 4246 1303 4318 migrat'ib
1315 4246 1365 4318 qui
1379 4245 1475 4316 magni
1495 4242 1621 4299 1¹⁰ffli¹¹I³
1640 4246 1668 4298 ei
1689 4258 1738 4314 ΡΟ·

60 4344 227 4415 nequissimo
255 4346 349 4416 judice
380 4346 553 4416 vindicante,
580 4348 664 4419 paulu
690 4356 754 4421 post
778 4351 875 4406 omnia
925 4340 1033 4395 ῐθθῑθῑῑθ
1047 4339 1078 4394 ὶΠ
1096 4342 1225 4396 R⁰¹11⁸¹1⁰
1237 4344 1347 4409 senatu>
1367 4345 1494 4411 ῑθῑῦΡθΓθ
1504 4336 1643 4392 Pffldffllss
1655 4350 1739 4408 ΡᾶΡῑθ

59 4437 193 4509 perdidit.
210 4439 291 4505 Nam,
307 4441 436 4512 sequenti
449 4440 494 4495 die
503 4446 566 4511 post
580 4441 677 4513 lugam
690 4443 873 4515 audegaven·
883 4430 914 4504 D
925 4439 953 4488 ⁰²
968 4432 1080 4503 G⁰l⁸³Ib
1097 4433 1194 4489 Cflliffl
1209 4438 1238 4489 ei
1252 4433 1366 4488 fl⁰ss⁰sii
1382 4432 1445 4487 flm-

58 4531 146 4596 sium,
162 4530 190 4585 id
207 4538 248 4587 est
270 4533 353 4587 tertio
369 4533 414 4588 die
434 4533 570 4602 Octobris,
586 4535 723 4606 llogcrius
740 4535 874 4608 inopina·
960 4535 1051 4591 Guidu
1067 4539 1163 4591 autem
1176 4536 1210 4591 de
1224 4536 1359 4608 stampis,
1375 4538 1604 4592 Cenomanorum
1621 4531 1736 4604 praesul,

57 4622 158 4678 biliter
170 4624 356 4680 debacchatus
370 4632 422 4680 est.
924 4629 1072 4684 hominem
1099 4629 1194 4699 crivit,
1222 4630 1268 4685 eui
1298 4631 1428 4702 Paganus
1455 4626 1670 4683 archidiaconus
1700 4624 1737 4679 do

96 4718 127 4771 ln
143 4716 215 4772 valle
231 4718 372 4790 siquidem
388 4719 497 4773 Rodulii
511 4720 628 4775 uberem
642 4721 817 4794 provinciam
828 4724 875 4779 de·
923 4723 1025 4778 Sancto
1053 4724 1175 4779 itarilclo
1201 4723 1341 4779 successit.
1370 4725 1472 4788 Porro,
1498 4737 1548 4793 pro
1578 4717 1735 4774 Gisleberto

56 4810 187 4880 vastavit,
202 4811 325 4866 uadibus
339 4819 367 4867 et
381 4813 488 4883 raisinis
501 4813 695 4886 incendiisque
710 4816 873 4871 irreveran·
923 4820 1114 4887 cognomento
1137 4817 1287 4872 universali
1305 4815 1501 4872 Lundooicnsi
1520 4814 1665 4885 episeopo,
1679 4827 1735 4884 quo

58 4910 105 4959 ter·
119 4903 269 4970 insudavit,
285 4911 313 4960 et
335 4905 376 4959 ita
397 4907 501 4961 multos
522 4923 587 4961 eum
601 4907 658 4962 suis
677 4908 872 4980 complicibus,
923 4926 1017 4982 nuper
1036 4910 1188 4966 defunctus
1213 4916 1263 4979 est,
1283 4909 1431 4964 anselmus
1450 4907 1577 4962 anselmi
1596 4904 1737 4977 archiepi-

57 4997 159 5052 abtatis
184 4997 277 5068 rebus,
306 4998 425 5053 miserus
448 4999 551 5054 ellecit.
575 5001 729 5056 Ecclesiam
753 5019 820 5058 vero
844 5003 873 5058 S.
922 5003 1000 5075 scopi
1016 5020 1114 5075 nepes,
1129 5004 1216 5059 abbas
1233 5003 1325 5059 Sorrcti
1341 5001 1484 5057 Edmuudi
1501 5001 1583 5073 regis
1602 4999 1735 5072 subroga-

57 5089 193 5161 Stephani
216 5093 417 5161 concremavit,
435 5093 516 5164 cujus
538 5098 632 5148 reatus
654 5095 791 5151 talionem
812 5097 872 5167 ipsa
922 5102 967 5151 tus
981 5101 1032 5152 est.
1053 5096 1218 5152 Guillclmus
1233 5113 1300 5151 veru
1320 5094 1532 5152 cantuariensis
1549 5093 1736 5165 archiepisco·

58 5182 106 5237 die
119 5184 236 5254 recepit.
253 5185 321 5238 Nam
335 5185 457 5240 Sabbatu
476 5187 549 5241 cirea
570 5204 725 5258 vesperam,
740 5188 808 5244 dum
823 5206 870 5244 re·
922 5207 975 5261 pus
996 5189 1146 5246 defunctus
1169 5194 1221 5258 est,
1235 5194 1320 5260 atque
1342 5188 1479 5244 licancus
1493 5189 1580 5244 irater·
1598 5185 1736 5259 Stephani

57 5277 155 5331 dicent
176 5279 205 5331 ct
230 5276 378 5348 ingentem
406 5280 531 5349 praedam
563 5282 715 5352 pluresque
746 5284 871 5353 captivos
921 5283 997 5355 regis
1012 5282 1048 5337 ad
1062 5281 1219 5352 regendam
1233 5281 1527 5353 metropolimelectus
1540 5285 1592 5336 est.
1603 5280 1735 5352 Sedquia

56 5385 197 5441 pompose
218 5386 315 5425 secum
337 5371 487 5439 ducerent,
510 5373 704 5428 Gualerannus
725 5391 819 5430 conius
842 5380 872 5432 et
921 5375 1070 5446 episcopus
1088 5375 1243 5431 secundum
1262 5375 1375 5430 decreta
1395 5391 1535 5430 canonum
1560 5375 1594 5429 de
1621 5373 1735 5446 propria

56 5462 194 5519 ilenricus
207 5463 242 5518 do
259 5464 405 5519 Pomereio
422 5480 486 5520 uum
500 5466 666 5537 quingentis
686 5467 823 5523 militibus
837 5469 871 5525 da
921 5468 989 5525 seda
1011 5469 1048 5523 ad
1069 5467 1153 5523 aliam
1178 5468 1323 5524 ecclesiam
1347 5468 1399 5523 nisi
1423 5467 1590 5525 auctoritate
1612 5466 1735 5524 Rotnani

56 5554 157 5610 vicina
177 5555 248 5610 silva
266 5557 372 5628 egressi
389 5561 464 5625 suut,
486 5565 514 5613 et
532 5563 628 5614 contra
646 5559 748 5615 hostile
769 5577 874 5633 agmen
921 5561 1063 5634 pontillcis
1077 5562 1240 5634 promoveri
1255 5563 1363 5635 nequit,
1377 5561 1513 5634 praelatus
1526 5562 1628 5633 praesul
1643 5561 1733 5618 Gueu·

930 2917 1080 2973 lummudo
1094 2919 1271 2973 narrationes
1288 2918 1363 2972 inter
1383 2916 1521 2984 residuos,
1542 2916 1592 2988 qui
1609 2915 1741 2971 vitalibus

928 3580 989 3637 tem,
1016 3579 1047 3628 ut
1073 3573 1140 3628 dicit
1167 3573 1327 3645 Apostolus,
1351 3572 1398 3627 sed
1421 3574 1546 3640 [semrom
1573 3571 1740 3640 inquirimus

91 5676 143 5740 (73)
157 5677 207 5728 tls.
223 5677 295 5731 Utio.
312 5679 398 5730 codex
413 5680 498 5731 habet
515 5679 651 5742 todtvtotu,
672 5681 754 5735 idest
772 5682 882 5751 lectica,
898 5698 951 5743 seu
961 5685 1056 5740 lectus
1069 5687 1121 5757 qul
1132 5688 1166 5741 in
1176 5685 1449 5753 itinerahaiutatur.

1440 5731 1719 5811 tbomhoutfflth

930 3012 1007 3067 auris
1021 3012 1217 3083 perfruuntur,
1233 3011 1268 3067 ab
1288 3010 1485 3084 eloquentibus
1504 3010 1539 3066 de
1560 3010 1617 3065 illis
1636 3008 1741 3081 passim
1828 3042 1831 3047 -
