3750 6046
44 179 93 237 ³28
460 173 617 236 HISTORIA
636 174 902 235 ECGLESth’llCh.
918 203 953 217 -
965 168 1053 234 PARS
1072 174 1104 232 ll.
1120 202 1154 217 -
1170 175 1234 230 tte.
1255 166 1299 228 tv.
1678 172 1730 227 did

46 302 203 360 Ghunntus
217 316 267 357 rex
286 301 440 371 Dacorum,
452 303 485 356 ut
504 301 632 357 diversos
649 303 766 356 eventus
780 298 869 372 patris
880 311 909 385 Α
919 304 998 356 actus
1010 297 1212 355 abominabilia
1226 296 1387 353 factasunt.
1401 290 1602 366 nujuscemodi
1615 291 1732 349 dissola-

47 395 90 452 sui
119 395 281 469 comperit,
303 395 374 452 duos
398 410 491 468 reges,
513 395 635 451 Lacman
660 394 817 451 suavorum
843 399 872 450 et
919 393 961 451 tio
974 393 1091 450 clericos
1103 397 1132 448 et
1140 391 1225 447 laicos
1235 391 1419 457 relaxaverat,
1430 391 1621 460 etutrumque
1631 402 1732 443 sexum

47 489 170 546 Glevum
202 488 371 546 Noricorum
397 487 450 544 sibi
477 487 584 557 ascivit,
611 493 641 543 et
668 504 732 544 cum
760 486 872 559 ingenti
920 488 1086 544 momucm
1100 485 1247 542 lasciviam
1261 483 1457 540 inclinaverat.
1475 481 1656 537 abundantia
1674 479 1732 536 cibi

47 582 181 641 eremita
201 582 338 656 hugliam
357 581 439 638 adiit.
455 580 581 654 benique
601 583 664 654 post
682 581 785 636 multas
803 583 872 636 stra·
921 587 952 638 et
972 585 1055 654 potus
1079 578 1223 637 luxuriem
1244 576 1398 647 nutriebat,
1418 574 1517 633 levitas
1544 579 1574 630 ct
1596 574 1731 631 mollities

48 693 107 749 ges,
125 676 269 734 defuncto
288 673 430 749 Egelredo
446 691 515 747 rege
531 679 559 731 et
578 673 730 731 hdmuudo
751 673 871 730 lmiside
921 673 1013 747 gentis
1037 673 1066 729 in
1090 672 1231 745 flagitium
1253 686 1428 745 quemquam
1452 669 1533 725 facilc
1556 667 1730 741 impellebat.

48 771 106 826 hlio
128 771 208 843 ejus,
229 770 362 842 hugliam
384 768 522 837 obtinuit;
545 773 574 825 et
593 768 652 841 ipsc
676 767 870 840 postmodam,
921 767 1073 824 Destructis
1093 765 1273 823 monasteriis
1292 763 1449 821 monastica
1466 761 1567 836 religio
1583 760 1733 819 debilitata

48 863 160 937 filiique
182 864 247 936 ejus
261 861 446 921 Herelduset
466 861 693 930 hardecunutus,
707 861 870 934 plusquam
920 865 978 931 est,
1003 865 1031 916 et
1052 859 1203 917 canonicus
1225 858 1304 931 rigor
1329 873 1418 930 usquc
1440 856 1477 913 ad
1500 856 1733 913 Narmaunorum

49 955 183 1012 mannis
197 953 337 1030 possedit.
921 959 1048 1028 tempora
1061 958 1212 1028 reparatus
1223 968 1284 1010 non
1295 953 1348 1009 est.
1357 952 1413 1008 Per
1422 950 1542 1024 bugum
1551 949 1733 1024 itaquerctro

81 1049 133 1106 iiis
155 1047 377 1123 tempestatibus
399 1048 554 1105 cantuaria
572 1046 740 1122 metropolis
759 1047 873 1104 obsessa
921 1050 1036 1120 tempus
1054 1046 1313 1105 uansmarinorum
1335 1045 1521 1102 monachatus
1534 1043 1687 1114 deciderat,
1704 1045 1735 1099 et

51 1147 76 1200 st
94 1142 252 1199 combusta
271 1148 325 1212 est,
344 1147 374 1200 et
392 1141 421 1198 S.
441 1141 557 1216 Elfcgrn
578 1141 807 1215 archiepiscopus
827 1141 870 1198 di·
921 1158 1022 1216 parum
1035 1158 1053 1198 a
1066 1141 1252 1199 secularitate
1264 1141 1441 1198 conversatio
1455 1138 1662 1196 monachorum
1675 1136 1732 1193 dif-

51 1237 140 1293 rerais
151 1234 334 1309 suppliciise
346 1234 500 1308 gentilibus
511 1234 596 1292 Danis
607 1235 807 1309 martyrizatus
818 1238 870 1291 est.
921 1235 1039 1294 ferebat.
1060 1235 1162 1291 liabita
1181 1233 1318 1291 fallebant
1333 1250 1366 1289 ac
1385 1230 1568 1305 professionis
1584 1228 1732 1302 vocabulo,

51 1332 128 1387 lunc
147 1329 218 1387 aliae
239 1328 325 1387 urbes
344 1331 535 1385 concremata
554 1332 631 1398 sunt,
651 1335 680 1385 et
698 1329 872 1402 episcopales
922 1330 1011 1388 dediti
1023 1346 1131 1405 ganeae,
1145 1329 1264 1403 peculiis
1279 1325 1439 1385 innumeris
1452 1326 1591 1400 foedisque
1600 1325 1737 1399 praerasi·

52 1440 82 1480 tc
104 1422 290 1480 monachiles
309 1422 438 1478 ccclesiae
461 1438 527 1478 cum
549 1421 630 1479 libris
649 1421 872 1479 sternumentis
921 1424 1088 1481 rationibus.
1102 1422 1257 1496 {liciteque
1272 1421 1343 1479 ordo
1354 1420 1496 1478 Gaillelmi
1511 1420 1588 1494 regis
1599 1419 1734 1477 instincta

53 1518 208 1575 destructae
221 1520 300 1573 sunt.
318 1516 393 1573 Grex
411 1531 524 1588 quoque
542 1515 671 1573 fideliam
690 1532 742 1589 per
761 1516 873 1572 diversa
921 1519 956 1578 ad
971 1517 1102 1575 instituta
1115 1515 1259 1591 regularia
1270 1500 1478 1588 corrigebatur,
1492 1531 1526 1571 ac
1540 1513 1576 1570 ad
1587 1519 1735 1572 consuetu.

53 1612 114 1668 loca
126 1613 174 1667 tot
190 1609 325 1683 procellis
344 1609 467 1682 agitatus
482 1613 535 1680 est,
549 1614 577 1665 et
592 1608 726 1682 luporum
739 1609 873 1667 dentibus
923 1611 1004 1669 dines
1021 1612 1165 1669 beatificas
1179 1610 1335 1684 perductus
1354 1609 1435 1666 valde
1448 1608 1656 1666 honorabatur.
1672 1609 1732 1665 Ali-

54 1710 154 1779 patens
167 1703 259 1760 variis
273 1701 365 1759 modis
378 1701 552 1760 horribiliter
565 1703 718 1760 dilaniatus
732 1706 784 1760 est.
881 1679 1020 1779 Bquenti
1034 1704 1150 1762 abbates
1162 1721 1179 1762 a
1193 1719 1262 1776 rege
1273 1701 1383 1760 noviter
1394 1701 1516 1758 ordinati
1529 1707 1605 1773 sunt,
1617 1707 1646 1758 et
1658 1718 1737 1759 com·

922 1798 1019 1872 plures
1031 1796 1179 1856 coeaobite
1190 1796 1221 1854 in
1230 1794 1410 1854 monasteriis
1420 1793 1530 1852 Gallicis
1542 1797 1736 1868 competenter

53 1874 81 1931 1.
102 1876 220 1934 Sumo
247 1876 429 1931 remanerem
447 1875 608 1967 ventidium
633 1875 672 1929 “d
697 1874 800 1945 Araplos
826 1875 871 1930 ὑὶ·
923 1891 1016 1948 edocti
1029 1896 1105 1949 sunt.
1118 1891 1173 1956 Oui
1188 1888 1595 1964 regtojmmsngtispreteti
1608 1887 1735 1962 discipli·

86 1954 238 2011 “mm
252 1969 331 2010 mm·
350 1953 496 2010 flamm
509 1969 625 2010 mmm·
646 1954 807 2012 (ἴω-ΜΝ
824 1969 874 2010 *⁰oe
922 2001 991 2043 nam
1008 1984 1206 2057 instituebant,
1225 1989 1254 2042 et
1274 1984 1466 2058 religiositatis
1481 1983 1614 2057 exempla
1631 2000 1736 2057 propo·

85 2035 301 2172 mum
313 2033 676 2185 ssfflgffmmm‘
700 2035 874 2103 mmm
922 2079 1038 2137 nebant.
1053 2078 1189 2137 Coenohio
1201 2078 1276 2136 hecti
1290 2079 1366 2136 Petri
1380 2078 1574 2152 apostolorum
1587 2078 1735 2152 principis,

923 2173 1000 2246 quod
1013 2173 1173 2245 anglorum
1190 2172 1300 2246 primus
1319 2173 1417 2230 doctor
1429 2175 1611 2229 contruxerat
1623 2174 1735 2247 hugus·

85 2267 235 2326 Prolixam
250 2264 469 2340 digressionem,
483 2266 545 2336 sed,
557 2263 614 2323 nisi
627 2266 719 2338 fallor,
735 2283 794 2323 non
807 2267 872 2323 inu·
923 2266 1012 2336 tinus,
1034 2267 1161 2323 famosus
1181 2265 1269 2323 abbas
1289 2266 1408 2323 scientia
1429 2271 1458 2323 et
1475 2265 1604 2323 bonitale
1626 2266 1738 2339 pollens

55 2361 132 2418 tilam
148 2359 301 2436 protelavi,
318 2362 349 2416 ct
360 2359 395 2415 de
415 2359 514 2432 priscis
527 2359 683 2416 Annalibus
697 2361 814 2417 collecta
826 2376 873 2417 re·
923 2361 1059 2435 praelatus
1068 2363 1112 2417 cst
1125 2359 1303 2418 Scallandue.
1314 2359 1364 2416 llic
1376 2375 1410 2417 cr
1422 2359 1572 2418 nominato
1586 2363 1737 2419 stemmate

55 2455 162 2526 masni,
179 2460 214 2511 ut
233 2469 320 2510 causa
337 2452 486 2510 manifeste
507 2456 604 2526 pateat
615 2454 741 2510 studioso
761 2453 872 2526 lectori,
924 2455 953 2512 in
967 2453 1143 2512 Narmannia
1156 2459 1251 2525 natus,
1262 2453 1293 2510 iu
1305 2459 1402 2511 moute
1414 2452 1557 2513 llichaelis
1571 2453 1739 2528 archangeli

56 2566 104 2606 car
119 2548 236 2622 duglas
255 2551 384 2621 agrestes
396 2549 425 2603 et
444 2563 519 2621 pene
538 2546 698 2605 illitteratos
712 2548 875 2606 invenerint
923 2551 959 2607 ad
972 2547 1234 2622 periculum·maris
1248 2547 1418 2622 regulariter
1430 2548 1574 2619 educatus,
1587 2547 1624 2606 ad
1637 2564 1737 2606 ernen-

55 2641 226 2712 ilormanni,
243 2657 314 2714 quos
325 2640 394 2698 olim
412 2640 529 2714 optimis
549 2638 775 2698 institutionibus
790 2641 875 2699 soler·
924 2644 1072 2701 dationem
1085 2659 1199 2700 morum
1213 2641 1371 2701 cantuariis
1388 2658 1406 2698 a
1423 2642 1594 2699 Normannis
1611 2645 1655 2700 est
1665 2659 1740 2715 prm·

56 2738 315 2794 teriustrnxernnt
326 2733 477 2807 pontifices
490 2735 624 2792 Romani.
924 2737 1008 2795 latus.
1027 2737 1163 2796 Similiter
1181 2737 1211 2793 in
1228 2736 1291 2793 aliis
1310 2736 1490 2794 monasteriis
1508 2736 1565 2793 cita
1585 2736 1737 2810 magistro·

88 2830 249 2905 Gregorius
267 2828 346 2885 enim
367 2829 397 2886 ct
416 2828 574 2886 bonifacius
592 2829 712 2886 eximios
733 2829 874 2901 domoras,
924 2848 989 2890 ram
1011 2832 1131 2888 mutatio
1153 2831 1228 2887 facta
1249 2836 1303 2900 est,
1325 2846 1391 2904 quae
1411 2830 1583 2903 quibusdam
1607 2830 1685 2887 utilis
1708 2834 1740 2889 et

58 2940 120 2983 cum
144 2923 233 2981 libris
259 2927 289 2979 ct
317 2922 450 2979 omnibus
475 2922 671 2980 ecclesiasticis
697 2925 874 2995 utensilibus,
925 2927 1070 2985 nonnullis
1091 2926 1250 3000 periculosa
1270 2930 1330 2981 tam
1349 2924 1493 2996 magistris
1512 2939 1601 2997 quam
1619 2922 1739 2983 subditis

56 3018 153 3092 buglis
174 3017 329 3085 miserunt,
344 3032 378 3072 ac
391 3020 424 3072 ut
441 3014 621 3072 charissimos
641 3016 716 3073 filios
729 3017 766 3074 ad
787 3033 874 3074 omne
885 3044 913 3119 C
925 3020 1001 3077 facta
1014 3025 1065 3078 est.

57 3111 167 3170 bonnm
194 3110 351 3167 educantes
380 3109 559 3166 erudierunt.
584 3110 690 3167 Deinde
719 3110 876 3168 Vitalianus
959 3110 1171 3171 cantuariensis
1183 3110 1325 3186 cathedra,
1339 3112 1369 3170 in
1383 3127 1439 3186 qna
1451 3112 1554 3171 sedens
1564 3112 1740 3185 Augustinus

59 3222 128 3279 papa
148 3208 287 3277 tempore
300 3202 374 3260 Gavii
388 3207 418 3259 ct
434 3202 552 3276 Egberti
567 3219 681 3278 regum,
700 3205 875 3277 sapientissi·
925 3208 1039 3266 decreto
1060 3206 1190 3281 Gregorii
1209 3224 1292 3281 papa
1310 3207 1426 3280 prefuit
1445 3207 1580 3265 omnibus
1597 3207 1740 3280 episcopis

59 3296 408 3356 mosrirus'l'heodcrum
422 3293 669 3372 archiepiscopum
684 3296 876 3356 ethdrianam
927 3302 1099 3372 Britannia,
1124 3301 1254 3375 deposito
1277 3300 1432 3375 stigando,
1458 3301 1572 3359 decreta
1600 3304 1643 3358 est
1669 3301 1740 3359 lan·

59 3393 193 3450 abbatem
208 3390 241 3447 iu
253 3390 387 3463 Angliam
405 3391 497 3460 misit;
512 3407 636 3464 qaorum
648 3392 750 3464 peritia
763 3392 875 3455 studio·
925 3396 1023 3452 franco
1036 3395 1256 3453 cadomensium
1269 3394 1374 3463 abbati,
1389 3394 1465 3467 regis
1476 3399 1506 3451 et
1517 3394 1647 3452 omnium
1662 3393 1739 3468 opti·

61 3502 112 3559 quc
124 3483 270 3558 Anglicus
282 3484 447 3540 clamatam
459 3483 561 3541 Latina
571 3501 659 3558 quam
671 3485 770 3542 Gracc
782 3485 877 3543 erudi·
926 3493 1038 3546 matum
1057 3490 1118 3562 eJus
1136 3489 1276 3546 benevola
1292 3486 1439 3545 electione.
1460 3486 1509 3544 liic
1528 3503 1562 3545 ex
1582 3487 1670 3546 nobili
1690 3502 1740 3561 pa·

61 3578 134 3636 hone
141 3574 392 3635 aflatimimbutus
401 3576 571 3634 mirabiliter
579 3578 680 3651 riguit.
691 3579 738 3634 liis
745 3578 877 3652 sequenti
925 3583 1035 3640 rentela
1054 3586 1142 3651 ortas,
1156 3579 1249 3654 Papiae
1270 3580 1347 3638 urhis
1366 3580 1454 3638 ltalia
1469 3580 1585 3650 civibus,
1602 3581 1638 3637 ab
1655 3582 1740 3638 annis

62 3676 191 3747 tempore
204 3671 344 3728 florentes
355 3669 475 3727 Albinus
487 3670 574 3728 abbas
586 3677 615 3728 ct
624 3672 761 3729 hoelmus
773 3673 877 3746 presul
926 3675 1054 3732 infantia
1067 3673 1096 3733 in
1113 3672 1215 3732 scholis
1227 3673 1389 3731 liberalium
1402 3674 1508 3730 artium
1519 3673 1629 3730 studuit
1642 3677 1672 3730 et
1689 3690 1739 3731 ste·

62 3768 269 3833 mccesscrunt,
282 3777 406 3838 quorum
419 3764 534 3821 solertia
548 3768 577 3821 et
589 3764 693 3839 religio
706 3766 811 3823 maltos
824 3767 875 3824 do·
926 3769 1065 3826 calatium
1077 3768 1174 3841 legum
1188 3765 1320 3840 peritiam
1334 3767 1369 3823 ad
1379 3767 1481 3839 patriar
1493 3782 1551 3823 suae
1562 3783 1685 3835 morem,
1697 3767 1742 3824 in-

61 3863 195 3927 ruerant,
222 3855 392 3931 scriptisque
416 3857 569 3914 laudabilia
593 3859 733 3916 virtutum
759 3875 875 3916 suarum
926 3861 1052 3919 tentione
1066 3861 1139 3919 laica
1153 3859 1278 3917 fcrvidus
1290 3859 1416 3917 edidicit.
1430 3859 1664 3917 adolescentulus
1675 3877 1739 3919 ora·

61 3955 252 4009 monumenta
263 3950 424 4022 posteritati
439 3950 650 4023 effigiaverunt.
667 3949 723 4009 llos
734 3969 834 4009 omnes
848 3955 877 4010 ct
926 3959 972 4013 tor
992 3960 1142 4013 veteranos
1162 3955 1344 4012 adversantes
1363 3953 1393 4010 in
1416 3953 1575 4010 actionibus
1590 3971 1741 4011 cansarum

62 4045 152 4116 plures
170 4044 247 4101 alios
266 4043 414 4118 perspicax
432 4045 509 4101 Beda
521 4044 652 4102 laudibus
665 4046 774 4117 extulit,
790 4051 818 4103 et
836 4047 877 4103 iu·
926 4050 1093 4124 frequenter
1104 4048 1303 4123 precipitavit,
1319 4051 1447 4105 torrente
1461 4047 1595 4105 facundia
1608 4048 1740 4121 apposite

61 4136 162 4212 ugias
188 4137 352 4194 liberalium
378 4138 498 4210 artium,
524 4155 677 4213 rerumque
701 4144 876 4197 secretarum
926 4144 1047 4201 diceudo
1069 4160 1152 4201 senes
1172 4141 1327 4218 superavit.
1348 4144 1379 4199 ln
1401 4142 1464 4215 ipsa
1485 4146 1566 4199 atate
1586 4141 1741 4200 mutcntias

61 4232 191 4304 perfectis
214 4230 387 4304 aequiparari
406 4231 554 4289 laboravit.
571 4233 755 4290 salutiferum
769 4250 876 4306 panem
927 4254 1059 4313 promere
1079 4238 1188 4309 statuit,
1202 4253 1274 4310 quas
1294 4238 1443 4308 gratanter
1455 4234 1614 4309 jurisperiti
1634 4237 1741 4309 autju·

63 4325 166 4383 leteris
189 4330 221 4381 et
242 4326 313 4382 Nori
330 4326 505 4383 testamenti
529 4328 627 4399 pueris
647 4327 779 4383 Ecclesia
802 4327 875 4384 dila-
926 4331 1001 4388 diocs
1015 4334 1065 4387 aut
1084 4334 1220 4405 pretores
1234 4327 1354 4386 civitatis
1368 4329 1563 4402 acceptabant.
1580 4332 1616 4387 st
1628 4345 1695 4386 cum
1709 4329 1742 4386 in

63 4418 174 4477 dtandc
197 4419 350 4492 confregit,
372 4418 470 4477 abdita
492 4418 522 4477 in
544 4420 776 4494 explanationum
794 4414 1025 4489 librisDexsilio
1047 4424 1125 4480 velut
1144 4423 1224 4481 Plato
1247 4422 1394 4495 quondam
1416 4422 1598 4480 academicus
1614 4421 1743 4493 philoso·
1782 4438 1784 4442 ’

64 4514 121 4584 plus
136 4528 229 4587 quam
244 4528 279 4568 aa
292 4512 438 4583 reseravit,
453 4521 481 4570 et
496 4513 536 4571 sie
548 4519 608 4570 tam
621 4514 698 4587 apud
710 4531 777 4571 suos
789 4532 877 4588 quarn
926 4517 1074 4592 pharetur,
1097 4517 1173 4590 ignis
1192 4519 1318 4573 aeternus
1339 4519 1466 4573 mentem
1488 4515 1549 4587 ejus
1568 4514 1698 4572 incendit
1711 4517 1742 4572 et

64 4606 135 4680 apud
147 4612 266 4664 exteros
278 4621 435 4680 perennem
448 4607 502 4663 sibi
517 4608 688 4665 memoriam
704 4609 875 4682 promeruit.
927 4628 1010 4668 amor
1033 4627 1108 4667 verae
1127 4609 1275 4683 sapientiae
1296 4608 1375 4666 cordi
1400 4609 1461 4681 ejus
1480 4607 1583 4664 illuxit.
1605 4607 1742 4666 Animad·

92 4696 232 4759 Preticsis
252 4700 397 4773 lapidibus
418 4701 448 4758 in
471 4718 554 4759 muro
577 4702 698 4759 coelestis
719 4702 877 4759 Jerusalem
925 4704 1054 4763 vertebat
1071 4721 1138 4761 cum
1158 4696 1333 4772 Ecclesiaste,
1353 4702 1429 4774 qaod
1448 4701 1575 4758 nondum
1596 4700 1741 4759 ecclesias·

64 4793 184 4852 feliciter
202 4793 355 4865 collocatis,
374 4792 550 4868 triticeisque
568 4795 666 4868 granis
686 4795 716 4852 in
734 4797 877 4870 apotheca
925 4799 990 4856 tica
1006 4798 1136 4856 lectionis
1158 4814 1210 4854 usu
1230 4796 1337 4865 didicit,
1356 4795 1426 4868 quia
1447 4794 1548 4852 mundi
1569 4795 1645 4852 bona
1665 4791 1742 4854 rani·

65 4889 117 4946 reri
135 4886 247 4960 toeepu
264 4886 416 4960 diligenter
432 4889 596 4959 reconditis,
615 4889 706 4947 silices
726 4888 756 4945 in
774 4890 876 4963 plateis
926 4897 978 4949 tas.
1007 4892 1169 4966 Repentino
1198 4891 1293 4964 itaque
1323 4889 1413 4946 animi
1439 4893 1608 4962 contemptu
1629 4890 1742 4963 jactans

65 4985 157 5039 mac
168 4986 249 5051 sunt,
265 4986 295 5038 et
310 4982 401 5054 paleae
418 4982 448 5037 in
462 4982 676 5056 sterquilinium
689 4983 834 5056 projectae,
848 4989 877 5041 et
925 4984 1068 5043 mundum
1088 5004 1121 5043 ec
1139 5004 1181 5057 sc,
1201 4983 1400 5057 arripiensque
1424 4981 1571 5055 religionis
1592 4983 1743 5056 professio·

65 5073 287 5132 irreverentera
302 5076 540 5147 pretereuntibus
552 5078 722 5134 conculcate
737 5081 814 5134 sunt.
830 5077 877 5134 Sic
926 5075 1077 5154 nem,jugo
1088 5075 1211 5154 regulari
1219 5076 1345 5136 subdidit
1354 5093 1393 5134 sc.
1402 5075 1595 5134 Coenohiolum
1603 5078 1742 5135 Beccense

65 5168 268 5244 omnipotentis
289 5169 339 5225 liei
356 5169 436 5241 justo
458 5173 542 5239 autu,
563 5175 714 5244 postquam
737 5170 819 5228 electi
841 5167 877 5229 de
926 5174 1146 5231 inNormanaia
1164 5172 1219 5230 loci
1241 5172 1297 5228 situ
1318 5174 1348 5228 et
1367 5174 1534 5244 paupertate
1550 5170 1648 5243 elegit,
1663 5171 1742 5244 quod

65 5262 238 5320 transitoriis
249 5263 287 5320 ad
298 5263 592 5337 aeternamigrerunt,
603 5264 672 5321 dum
684 5265 876 5337 Oechaliam
926 5267 1081 5341 prudentia
1099 5267 1187 5341 ipsius
1205 5265 1478 5339 vigilantissimaque
1496 5280 1564 5321 eura
1585 5264 1741 5336 locupleta·

65 5353 275 5431 descripsimus,
289 5354 386 5413 divino
400 5357 662 5415 ethumanometu
676 5364 877 5431 carentes,per
925 5361 980 5433 vit,
1011 5366 1040 5417 et
1064 5361 1095 5416 iu
1123 5362 1227 5416 sutum
1253 5357 1439 5432 pulcherrimi
1464 5357 1574 5414 ordinis
1599 5356 1741 5430 provexit,

64 5450 192 5524 Qism
206 5450 257 5508 diu
269 5450 435 5508 debacchati
447 5455 524 5524 stant,
538 5452 699 5510 innumeras
713 5458 814 5511 contra
826 5453 877 5510 liei
926 5455 995 5511 dam
1016 5470 1115 5511 severa
1134 5453 1255 5527 mitique
1274 5453 1422 5525 disciplina
1444 5456 1558 5525 regeret
1579 5451 1742 5508 fraternum

65 5539 157 5619 legem
164 5544 417 5618 praevaricationes
424 5548 877 5620 temercpatrataesunt.llumaua
925 5549 1094 5622 collegium,
1106 5544 1268 5621 humilique
1288 5552 1316 5605 et
1332 5546 1396 5604 utili
1415 5546 1679 5602 conciliasanctam
1692 5542 1742 5601 ah·

65 5636 207 5710 trucida,
218 5655 283 5712 qua
294 5639 457 5712 sempersd
470 5641 653 5714 nefasprona
666 5641 877 5713 sunt,suhtrac·
925 5643 1033 5714 batem,
1054 5642 1172 5699 nomiae
1195 5638 1376 5712 herluinum,
1398 5640 1576 5714 neophytum
1601 5638 1739 5707 exsulem,

58 5731 97 5795 ⁴tis
114 5732 277 5795 rectoribus
297 5749 363 5793 cum
384 5733 464 5809 virga
485 5734 654 5807 disciplinae,
672 5751 725 5808 per
743 5736 876 5793 infandos
925 5736 994 5795 dum
1010 5753 1072 5793 sese
1085 5737 1160 5794 vitiis
1180 5741 1207 5793 ct
1225 5736 1336 5794 mundo
1355 5733 1560 5806 mortihcaret,
1573 5738 1606 5788 et
1617 5728 1753 5803 qrotnt'x·
