3750 6046
476 226 583 287 EPlS'f.
599 226 742 284 APOLOG.
761 226 830 283 pne
843 226 1021 283 canonicis
1039 226 1162 284 REGUL.
1594 227 1663 285 ilat

72 352 261 411 confirmatio!
275 352 297 410 0
313 354 417 408 futurae
437 357 466 407 et
479 352 677 409 inestimabilis
697 349 924 435 gloriaeAribus
938 350 1000 406 aliis
1018 350 1088 406 locis
1107 348 1291 421 Evangeliom
1312 349 1418 419 docuit,
1439 350 1572 409 ecclesias
1595 351 1659 407 fun·

72 455 96 504 st
118 448 306 514 admirabilis,
335 452 364 502 et
378 448 451 502 ultra
466 464 550 519 quarn
566 445 621 500 dici
636 445 733 518 possit,
748 445 795 500 de·
846 443 933 509 davit,
960 445 1108 515 episcopos
1136 442 1289 509 ordinarit,
1315 444 1497 516 presbyteros
1522 447 1656 502 institnit.

75 543 120 599 ilis
146 542 375 614 repraesentatio!
408 541 546 596 nimirum
571 541 594 594 si
621 546 661 605 tu,
684 539 733 611 qui
760 540 795 594 de
847 538 916 593 Ecce
933 537 1066 593 animalia
1084 537 1134 594 Dei
1149 541 1243 592 sancta
1262 537 1290 592 in
1310 537 1525 594 similitudinem
1541 539 1661 611 fulguris

72 637 205 710 mplativa
230 637 286 690 vita
301 642 349 691 tua
370 636 442 691 adeo
461 639 490 690 et
501 635 586 690 toties
600 634 740 706 glorieris,
755 632 795 688 ibi
846 631 1018 687 coruscantis
1034 632 1139 686 ardent
1151 635 1179 686 et
1197 632 1303 698 lucent,
1318 632 1423 687 vadunt
1438 632 1467 687 in
1489 634 1663 705 contempla-

72 750 92 800 s,
106 734 135 788 et
160 731 259 785 lilium
276 729 322 784 liei
342 729 372 783 in
386 732 466 783 tanta
479 729 570 799 gloria
584 728 795 799 contemplatus
846 725 963 789 tionem,
989 729 1170 781 revertuntur
1189 725 1219 779 iu
1248 725 1398 793 actionem,
1414 743 1465 781 nec
1480 725 1660 795 minuuntur,

90 840 272 897 nequaquam
292 827 349 878 tam
371 822 641 878 excellentissimam
655 821 795 877 visionem
846 819 896 874 sed
914 824 1056 891 augentur
1072 818 1175 875 merito
1188 822 1217 873 et
1230 818 1260 873 in
1272 819 1472 874 retributione.
1493 824 1527 877 nt
1546 835 1614 876 rero
1632 828 1662 875 tu

73 936 93 990 1,
115 919 187 974 sicut
208 917 314 985 caeoeri,
334 917 382 989 qui
402 916 441 971 ibi
462 933 522 972 esse
546 920 794 987 merueruntapo-
846 911 974 967 semelin
987 912 1092 968 Sancta
1114 916 1279 967 sanctorum
1291 912 1441 981 introiens,
1458 913 1480 968 si
1496 918 1591 970 tamen
1611 914 1662 969 ad-

77 1012 112 1069 ad
134 1013 302 1068 mandatum
316 1010 426 1066 Domini
447 1009 629 1065 conticuisses
636 1026 644 1079 3
663 1008 714 1063 sed
732 1008 797 1079 plus
846 1005 902 1060 huc
916 1005 1037 1074 intrasti,
1053 1005 1172 1061 summis
1191 1005 1374 1076 pontificibus
1390 1006 1475 1061 modo
1495 1004 1662 1078 ingredien-

80 1111 109 1163 et
131 1108 165 1163 de
181 1111 220 1175 te,
234 1107 283 1178 qui
307 1105 360 1160 hoc
373 1104 500 1172 vidisses,
516 1120 602 1175 qnam
625 1103 655 1158 iu
673 1102 730 1166 illo,
746 1101 796 1173 qni
848 1098 935 1167 tibus,
969 1099 1055 1154 modo
1087 1098 1309 1170 egredientibus,
1347 1104 1388 1167 tu,
1414 1099 1543 1172 inquam,
1575 1101 1660 1168 solus,

72 1201 134 1270 ecit,
156 1198 319 1271 gloriareris
339 1216 346 1254 ε
371 1199 526 1270 praesertim
548 1214 612 1252 cum
635 1212 687 1251 iaec
707 1196 797 1251 multa
847 1191 989 1247 sicuttibi
1009 1192 1128 1260 videtur,
1145 1208 1291 1265 nunquam
1314 1209 1344 1247 es
1360 1193 1662 1265 egressus.0ingensl

72 1311 121 1350 ora
135 1295 257 1349 videndo
273 1309 424 1348 conservos
439 1298 502 1346 tuos
514 1291 659 1355 aspernari
666 1290 796 1357 videaris,
848 1307 865 1345 o
885 1289 1041 1361 magnuml
1057 1307 1074 1346 o
1091 1290 1259 1345 sublimato
1277 1291 1497 1362 incomparabile
1511 1291 1664 1348 maritumi

72 1404 155 1444 onim
169 1387 276 1442 visione
300 1390 329 1441 et
346 1385 587 1457 contemplatione
606 1383 659 1439 tibi
678 1383 797 1438 omnino
848 1383 935 1438 semel
955 1382 1056 1440 Sancta
1076 1389 1241 1439 sanctourm
1261 1385 1389 1451 intrasti3
1409 1384 1432 1438 si
1455 1390 1551 1439 tamen
1577 1385 1666 1441 intra·

72 1483 161 1537 nitum
186 1488 237 1535 est.
258 1482 329 1535 ltem
347 1480 382 1534 de
395 1482 460 1535 lesu
476 1479 640 1550 evangelica
653 1477 799 1548 Scriptura
848 1477 894 1545 sti,
919 1479 949 1531 ct
966 1477 1110 1548 deinceps,
1137 1477 1210 1531 sicut
1233 1481 1263 1532 tu
1284 1478 1440 1543 arbitraris,
1460 1494 1518 1533 non
1538 1478 1666 1535 existi.0

72 1598 74 1607 s
103 1577 152 1648 qui
176 1574 340 1647 intemplo,
355 1573 412 1628 sive
427 1574 456 1627 in
471 1576 579 1640 monte,
597 1572 699 1628 sivein
718 1571 797 1627 navi·
847 1569 933 1641 quale
947 1574 976 1625 et
987 1585 1076 1642 quam
1090 1570 1234 1641 singulare
1247 1570 1389 1626 continua
1402 1575 1429 1627 et
1446 1572 1666 1628 interminabilis

72 1669 165 1724 turbas
186 1668 322 1734 docebat;
346 1684 435 1722 caecos
458 1666 649 1735 illuminabat,
673 1666 799 1738 leprosos
848 1663 1286 1735 contemplationisprivilegium
1301 1664 1438 1733 incarne,
1450 1666 1526 1736 quod
1543 1681 1595 1721 nac
1609 1665 1664 1737 ipsi

72 1763 150 1829 nbat,
175 1763 305 1817 infirmos
334 1760 460 1829 curabat,
496 1760 642 1815 damonia
669 1734 954 1830 ejiciebatssllarou,
971 1772 1024 1811 nec
1036 1756 1120 1811 alicui
1136 1772 1316 1812 summorum
1338 1757 1583 1829 pontificum,nec
1596 1758 1666 1831 ipsis

72 1858 104 1925 i.,
127 1855 174 1926 rr),
191 1854 357 1926 paralyticos
377 1853 493 1908 sanabat
515 1853 637 1924 (liunt,
657 1856 707 1923 iv),
734 1852 799 1908 seri·
848 1850 993 1921 apostolis,
1019 1850 1068 1921 qui
1095 1850 1248 1905 Dominum
1274 1851 1302 1904 in
1327 1866 1411 1906 carne
1432 1850 1577 1920 viderunt,
1601 1868 1666 1908 con·

72 1954 88 2005 t
113 1948 269 2004 Pharisaeus
293 1946 531 2019 reprehendebat,
547 1946 622 2001 alios
650 1962 684 2001 ex
719 1950 798 2019 patre
849 1958 959 1998 cessum
977 1942 1433 1999 estiOineffabilisbeatitudinis
1451 1944 1666 2013 virum,sclum

72 2046 95 2099 lo
108 2043 204 2098 dicens
215 2060 285 2113 esse,
302 2042 393 2097 zelum
411 2040 519 2095 babens
535 2038 673 2110 divinum,
691 2056 797 2112 argue-
849 2037 915 2092 solis
929 2036 1091 2092 caelestibus
1106 2037 1243 2109 dignum!
1259 2038 1399 2108 optimam
1415 2043 1526 2111 partem
1542 2039 1667 2111 elegisti,

72 2140 148 2207 pan,
164 2137 235 2205 vm),
849 2130 926 2202 quod
947 2127 1007 2185 sine
1030 2129 1242 2186 intermissione
1271 2132 1356 2203 pleno
1373 2131 1478 2203 gaudio
1494 2132 1591 2200 fueris,
1607 2132 1667 2204 jam

72 2247 87 2285 e
111 2230 162 2285 liei
185 2230 269 2284 tilius
295 2229 387 2284 forma
402 2242 523 2282 summae
539 2227 796 2299 contemplationis,
849 2223 1024 2294 adimpletus
1039 2239 1068 2278 es
1080 2224 1179 2278 latitia
1192 2240 1256 2279 curn
1272 2225 1350 2279 vultu
1363 2225 1424 2293 Dei,
1437 2225 1558 2296 jamjam
1578 2225 1670 2280 delec-

72 2325 224 2397 tperfecta
241 2322 370 2387 actionis,
388 2321 535 2392 utriusque
555 2319 799 2377 vitaeinunasua
850 2315 973 2371 tationes
1003 2316 1032 2370 in
1061 2317 1175 2372 dextera
1198 2318 1259 2389 ejus
1287 2318 1413 2389 possides
1427 2320 1557 2390 usquein
1581 2317 1669 2375 tinem

72 2435 109 2474 na
122 2418 283 2488 exemplum
307 2415 402 2487 gessit,
423 2420 452 2469 et
470 2414 602 2471 omnibns
616 2414 797 2482 Christianis,
850 2410 932 2477 (Paul.
948 2410 1005 2481 xv),
1029 2409 1087 2464 imo
1105 2414 1171 2465 anta
1193 2411 1301 2465 linemi
1318 2411 1387 2482 quid
1410 2427 1479 2483 ergo
1504 2412 1539 2467 dc
1562 2417 1667 2468 caetero

72 2512 184 2584 ›aeaipue
210 2511 267 2566 suis
292 2509 427 2582 apostolis
450 2527 582 2566 normam
596 2513 672 2567 recte
686 2511 799 2566 vivendi
848 2502 900 2559 tibi
914 2505 951 2560 sit
964 2504 1196 2575 exspectandum,
1212 2504 1317 2560 miror:
1333 2504 1409 2577 quod
1428 2506 1451 2560 si
1468 2505 1507 2560 sic
1525 2508 1577 2575 est,
1593 2506 1667 2562 bene

88 2604 118 2657 et
136 2601 219 2656 dictis
242 2601 366 2671 seipsum
385 2598 523 2670 praebuit:
539 2616 596 2655 non
610 2600 723 2655 videtur
739 2616 798 2655 esse
849 2602 903 2663 est,
931 2598 1031 2653 beatum
1053 2614 1092 2666 cs,
1109 2598 1190 2669 cujus
1214 2598 1420 2670 cogitationum
1442 2599 1572 2671 reliquias
1591 2600 1669 2656 diem

72 2707 112 2757 sa,
140 2690 188 2745 nbi
216 2692 278 2760 post
303 2688 457 2754 Christum,
486 2686 534 2758 qni
559 2692 603 2743 est
626 2692 710 2759 caput
735 2706 797 2744 om·
849 2691 958 2746 festum
984 2694 1075 2761 agunt
1102 2691 1219 2747 Domino
1245 2691 1372 2763 quotidie
1396 2694 1480 2763 (Psoi.
1502 2693 1592 2763 mxv).
1615 2694 1670 2751 Sed

95 2783 331 2847 Christianorum,
351 2781 554 2852 apostolorum,
578 2782 662 2837 vitam
685 2782 735 2836 tibi
751 2783 799 2837 de·
850 2783 1002 2839 nefallaris
1016 2802 1022 2838 :
1035 2800 1102 2839 nam
1116 2785 1286 2856 plerumque
1303 2785 1389 2841 Satan
1410 2787 1565 2843 transferre
1589 2804 1620 2843 se
1639 2787 1669 2843 in

72 2893 116 2946 im,
133 2877 200 2950 quia
226 2892 291 2931 cum
313 2875 368 2945 ipsi
389 2875 598 2930 ferventissime
616 2877 757 2932 mandatis
769 2884 799 2935 et
848 2878 985 2950 angelum
999 2878 1070 2933 lucis
1083 2878 1166 2944 solet,
1178 2881 1207 2934 et
1221 2878 1291 2934 dvrm
1305 2884 1347 2946 tn,
1357 2880 1399 2934 vel
1413 2880 1534 2952 quilibet
1550 2882 1669 2939 devotus

72 2972 108 3027 iis
128 2972 189 3041 ejus
211 2970 397 3036 inhaererent,
420 2969 735 3040 profectoc1·edendum
755 2977 800 3028 est
849 2971 975 3027 intendit
990 2972 1175 3043 contemplari
1190 2989 1265 3041 eum,
1282 2968 1440 3044 quilucern
1460 2974 1569 3033 habitat
1590 2976 1670 3031 inae·

72 3064 104 3120 vic
120 3065 206 3119 vitam
225 3079 308 3118 suam
330 3063 413 3133 juxta
439 3062 599 3118 doctrinam
621 3065 743 3136 blagistri
755 3067 798 3121 sui
849 3065 1008 3121 cessibilem
1024 3066 1046 3135 (l
1062 3068 1144 3130 Tim„
1158 3066 1207 3138 rr),
1221 3066 1268 3121 ille
1282 3066 1396 3121 invidus
1418 3068 1516 3124 animo
1532 3068 1569 3125 ad
1590 3086 1668 3126 sum-

72 3158 151 3226 aisse,
176 3160 209 3212 ut
231 3159 365 3227 tanquam
389 3156 463 3211 beati
484 3158 591 3212 mundo
612 3157 696 3213 corde
711 3161 799 3215 Deum
850 3174 897 3214 ma
909 3158 1040 3215 tendenti
1055 3159 1149 3215 subito
1166 3160 1289 3215 accurrit
1300 3163 1330 3215 et
1349 3176 1415 3217 vera
1434 3164 1576 3234 querenti
1596 3163 1669 3236 scip

72 3268 107 3307 un
117 3252 147 3308 in
161 3252 230 3307 Sion
243 3250 413 3322 speculative
424 3249 564 3319 viderent,
578 3250 724 3306 interdum
735 3269 800 3307 vero
850 3268 913 3307 sum
930 3251 1026 3308 dolose
1040 3269 1072 3307 uc
1087 3253 1227 3308 fallaciter
1239 3254 1338 3325 objicit
1353 3271 1360 3309 :
1376 3260 1405 3310 et
1417 3255 1485 3327 quia
1499 3272 1615 3329 semper
1628 3257 1667 3312 si·

78 3345 156 3401 beati
183 3343 381 3399 misericordes
406 3343 632 3399 misericordiam
661 3345 800 3418 consequi
850 3345 926 3400 milis
945 3345 1005 3401 vult
1028 3362 1088 3401 esse
1107 3346 1262 3414 altissimo,
1286 3363 1314 3402 se
1332 3348 1504 3404 altissimum
1532 3350 1668 3421 nequiter

72 3443 142 3507 ntes,
174 3439 372 3510 proximorum
402 3453 501 3492 curam
536 3439 725 3510 praedicando,
752 3457 798 3495 sa·
849 3438 945 3510 lingit,
964 3444 994 3495 et
1010 3439 1393 3512 cordasimpliciumterrea
1410 3442 1504 3498 adhuc
1523 3442 1664 3498 inhabita-

72 3551 90 3601 ι,
109 3533 247 3600 curando,
269 3531 488 3602 evangelizando
507 3538 640 3604 gererent
662 3550 669 3588 :
695 3551 800 3605 nempe
850 3533 928 3589 tione
948 3533 1112 3605 caligantia,
1135 3537 1165 3588 et
1184 3533 1299 3606 spiritus
1319 3540 1348 3590 et
1366 3535 1507 3591 bonorum
1523 3552 1669 3593 summum

72 3628 139 3696 slus,
166 3626 269 3682 Paulus
290 3628 391 3681 lioctor
414 3626 544 3697 gentium
561 3626 591 3681 in
614 3627 669 3682 tide
688 3633 717 3683 et
729 3630 800 3683 veri·
849 3627 957 3683 bonum
972 3627 1159 3700 inquirentes,
1174 3632 1203 3683 et
1216 3627 1311 3683 ubisit
1326 3628 1381 3684 vita
1397 3629 1669 3702 etreritastlagran·

72 3721 118 3793 qui
138 3737 237 3777 secure
252 3724 395 3776 ansusest
408 3719 504 3774 dicere
522 3739 528 3774 :
545 3724 632 3776 Estote
650 3724 801 3778 imitatores
849 3721 957 3778 tissime
999 3721 1213 3793 investigantes,
1258 3722 1442 3778 similitudine
1473 3725 1533 3779 reri
1567 3724 1667 3798 inique

72 3814 142 3867 sicut
167 3818 194 3868 ct
220 3828 267 3882 eqo
295 3811 396 3868 Christi
427 3813 448 3882 (l
478 3810 550 3872 Gor..
579 3810 628 3879 iv),
654 3811 799 3867 interdum
850 3816 971 3887 decipit3
988 3816 1094 3887 quippe
1107 3831 1169 3871 esca
1182 3815 1244 3887 ejus
1254 3815 1354 3886 electa,
1368 3821 1397 3872 et
1417 3811 1551 3873 fiduciam
1570 3818 1665 3885 babet,

72 3905 163 3961 ‚scitur
186 3921 220 3961 ea
247 3922 311 3978 quae
331 3910 407 3961 retro
431 3910 505 3972 suut,
529 3905 599 3959 etin
614 3906 799 3962 auteriorasc
849 3913 928 3986 quod
940 3913 1180 3970 influatlordanis
1193 3913 1222 3969 in
1235 3931 1266 3970 os
1279 3915 1349 3986 ejus.
1377 3915 1445 3970 Vide
1472 3932 1541 3988 ergo
1569 3920 1599 3972 et
1623 3921 1667 3986 tu,

72 4000 140 4056 dens
159 3999 471 4071 &contemplandum
495 3999 551 4053 Deo
568 4003 664 4053 mente
677 4000 798 4068 excedit,
850 4024 887 4063 ne
902 4007 1027 4064 fallaris:
1050 4008 1184 4063 invenisti
1208 4009 1276 4077 mel,
1304 4009 1422 4064 comede
1434 4010 1510 4082 quod
1531 4011 1597 4067 satis
1609 4012 1664 4067 est:

72 4093 132 4149 ium
150 4094 187 4149 ad
206 4092 365 4165 gerendam
381 4093 558 4148 subditorum
576 4109 687 4160 curam,
701 4094 736 4148 ab
751 4093 800 4150 illo
849 4118 916 4157 nam
932 4105 982 4173 qm·
994 4107 1129 4158 amantor
1149 4107 1188 4159 aas
1201 4103 1360 4174 majestatis,
1384 4106 1584 4176 opprimetura
1607 4107 1665 4177 σω.

72 4204 109 4244 no
153 4190 182 4242 et
221 4187 380 4242 inebriante
413 4186 517 4241 divinae
548 4186 800 4258 contemplationis
849 4198 894 4250 ria
909 4197 1010 4267 (prov,
1028 4194 1101 4265 xxv).

72 4279 799 4352 usobriusnccperdensooalestemamicum,quam
887 4290 1013 4345 Fortasse
1039 4289 1111 4344 mibi
1134 4288 1301 4361 indignaris,
1326 4291 1375 4364 qui
1401 4307 1486 4346 ausus
1510 4308 1573 4347 sum
1598 4293 1669 4349 talia

72 4375 169 4430 oritate
195 4374 306 4429 ardenti
333 4374 500 4445 complexus
521 4372 724 4430 delectabiliter
738 4375 798 4445 lam
848 4382 933 4437 verba
945 4383 1078 4451 scribere,
1095 4383 1236 4455 praecipue
1247 4399 1311 4438 cum
1328 4388 1358 4438 tu
1374 4384 1537 4440 intertium
1562 4386 1665 4442 coelum

74 4472 127 4539 ‘ab
156 4485 208 4523 ¹¹⁰0
234 4469 384 4540 negligens
409 4467 585 4538 llf⁰¹l¹¹1¹¹¹¹¹=
613 4467 658 4522 ⁰¹¹5
683 4472 1061 4548 supermundanis
1085 4477 1216 4549 paradiso
1231 4483 1353 4548 evectus,
1371 4478 1447 4533 solus
1460 4482 1523 4551 post
1543 4480 1663 4535 Paulum

72 4578 112 4618 arn
137 4563 309 4618 charitatem
331 4562 428 4618 adesse
454 4578 487 4618 ac
501 4562 652 4634 providere
664 4563 725 4634 jam
739 4565 799 4618 stu·
850 4587 953 4627 arcana
968 4571 1054 4627 verba
1082 4572 1173 4627 soleas
1201 4571 1309 4640 audire,
1323 4588 1384 4643 qaae
1408 4588 1463 4628 noa
1487 4574 1548 4628 licet
1565 4575 1669 4630 bomini

91 4673 98 4711 ι
115 4673 194 4725 uam,
218 4662 249 4711 ut
271 4658 406 4728 scriptum
428 4660 479 4727 est,
502 4660 614 4729 tempus
631 4660 674 4712 est
693 4657 800 4729 ample·
852 4666 966 4737 loquissl
981 4665 1123 4733 Gor.,xnl;
1140 4665 1189 4720 sed
1203 4665 1390 4721 mibividetur
1401 4665 1478 4737 quod
1490 4667 1538 4723 lux
1552 4668 1666 4724 decoelo

72 4792 79 4819 ,
106 4755 136 4806 et
161 4757 272 4822 tempus
300 4756 342 4805 est
368 4752 454 4823 louge
480 4752 542 4806 fieri
567 4752 603 4806 ab
621 4751 800 4823 amplexibus
850 4760 979 4815 aiieote
1004 4760 1232 4827 circumfulserit,
1258 4762 1288 4814 et
1302 4759 1514 4815 illuminatione
1529 4761 1573 4816 sui
1592 4764 1620 4817 te
1634 4762 1664 4818 in

72 4866 94 4910 ‘.,
114 4844 263 4915 111l3idem
283 4845 385 4899 Paulus
405 4844 538 4900 omnihus
561 4847 702 4914 laborans,
726 4850 753 4901 et
765 4846 801 4900 ub
851 4857 957 4909 terrum
973 4853 1167 4925 prostraverit,
1184 4856 1216 4908 ut
1231 4858 1356 4908 tremens
1376 4869 1409 4908 ae
1423 4858 1540 4925 stupens
1559 4854 1667 4927 apertis

72 4938 139 4993 alem
164 4955 254 5011 nsque
279 4938 316 4994 ad
350 4940 494 5011 illyricum
523 4940 708 5011 Evangeliurn
735 4942 800 4996 lesu
850 4946 1473 5020 quoqueoculisparumautnihilvideaslld
1489 4963 1665 5021 manusergu

72 5032 86 5086 i
109 5033 199 5087 active
219 5033 385 5088 seminans:
416 5037 525 5097 Nostra,
565 5034 666 5107 inquit,
691 5049 799 5090 conver
850 5038 1668 5116 traheuduses,elafamiliaribustuiscustodiandus,quia

72 5129 96 5181 in
114 5128 185 5182 coelis
203 5132 241 5182 cst
258 5127 381 5199 (Philip,
403 5128 593 5197 vaticanum
611 5130 754 5200 apostolus
772 5134 802 5185 et
849 5134 1023 5190 necessarius
1047 5134 1097 5190 tibi
1119 5139 1162 5190 est
1182 5134 1314 5204 Ananias,
1329 5136 1387 5207 qui,
1399 5134 1520 5206 jubente
1533 5138 1665 5209 Domino,

72 5219 167 5287 arista,
186 5221 234 5292 qui
253 5226 390 5293 tanquam
406 5222 499 5294 aquila
515 5222 544 5277 iu
558 5223 679 5278 sublime
691 5223 799 5292 volans,
850 5234 878 5284 tc
899 5228 1002 5296 visitet,
1016 5234 1045 5285 et
1070 5228 1120 5283 tibi
1143 5245 1245 5284 manus
1265 5229 1449 5285 correctionis
1470 5228 1609 5303 imponat,
1634 5237 1667 5289 ut

72 5314 245 5369 everberatis
262 5315 351 5371 oculis
369 5316 462 5371 radios
476 5317 535 5372 veri
548 5316 614 5372 solis
636 5317 752 5373 intuens
764 5318 800 5373 de
850 5324 975 5396 squamis
987 5323 1130 5379 nebulosa
1143 5323 1282 5396 caliginis,
1296 5340 1361 5395 quoe
1374 5324 1480 5379 clarum
1499 5325 1551 5382 tibi
1566 5326 1665 5382 lumen

84 5409 221 5465 bominici
243 5411 366 5483 pectoris
394 5411 536 5465 uberrime
564 5411 681 5482 potavit,
708 5417 737 5467 et
759 5429 801 5467 sc·
851 5417 985 5473 hactenus
999 5417 1187 5473 intercludere
1200 5417 1379 5486 videbantur,
1395 5417 1430 5472 ab
1445 5420 1533 5475 oculis
1548 5422 1603 5477 tuis
1617 5437 1666 5477 ca·

91 5502 251 5558 Divinitatis
277 5508 306 5559 et
332 5521 436 5559 arcena
459 5505 615 5561 coelestium
633 5505 734 5576 spiritu
753 5523 798 5561 sa·
851 5511 994 5579 dentibus,
1009 5513 1100 5567 visum
1114 5512 1242 5583 recipias,
1263 5518 1291 5567 et
1314 5511 1423 5583 Spiritu
1436 5519 1533 5569 sancto
1546 5515 1666 5588 implen-

76 5612 100 5652 ω
114 5603 144 5652 et
159 5597 318 5654 intellectus
332 5599 470 5670 repletus,
486 5604 514 5655 et
527 5600 640 5671 speciali
653 5600 801 5674 privilegio
851 5606 898 5674 ris,
915 5612 944 5661 et
957 5610 1073 5677 accepto
1088 5607 1190 5662 divina
1203 5605 1356 5677 Scriptura
1375 5606 1441 5661 cibo
1461 5607 1503 5660 ad
1514 5608 1682 5660 detenden-

72 5734 75 5745 .
99 5692 206 5746 amoris
225 5692 362 5763 praeditus
384 5694 609 5766 contemplando
629 5697 800 5768 penetravit,
852 5700 924 5757 durn
937 5700 1217 5775 cunlorler'vs,quod
1226 5704 1377 5771 unquam
1388 5698 1548 5751 amabatur
1561 5688 1713 5743 munusu-

72 5804 90 5840 u
104 5786 224 5841 scuram
237 5788 377 5843 trairsieos
389 5790 466 5862 apud
479 5791 624 5867 Ephesum
643 5801 673 5853 et
687 5795 720 5854 in
738 5799 807 5876 plu·
858 5776 1748 5871 mromtratnronumnonpate,ssutemeratorum
