3750 6046
86 154 132 208 rso
524 150 681 211 crisconii
701 148 969 210 ecetesnsnci.
985 178 1018 193 -
1031 151 1117 207 PARS
1136 152 1157 206 1.
1172 180 1207 195 -
1221 150 1284 208 ΗΒ.
1304 141 1338 207 it.
1720 158 1769 215 tut

85 278 262 335 testinanter
273 279 310 335 ad
324 281 474 335 bominem
485 279 535 336 nai
547 283 693 352 pergeret,
706 285 736 335 et
748 295 812 334 rrvr
823 278 910 334 libras
960 278 1063 332 sanati.
1089 278 1240 333 namanes
1261 277 1350 348 onim,
1373 271 1422 349 qui
1446 292 1498 349 per
1521 277 1589 334 ndei
1613 280 1778 337 Christianae

86 373 146 427 anri
157 375 188 427 et
197 379 358 446 argentum
368 375 512 430 sutuciens
521 390 619 430 secum
632 373 768 441 deferret,
780 374 910 444 tactaque
962 371 1095 427 virtutem
1120 372 1156 427 de
1182 372 1339 443 Burdegala
1363 371 1434 427 urbe
1459 371 1542 444 ejecti
1564 374 1689 444 fuerant,
1713 376 1778 432 irati

86 467 225 539 motione
246 469 483 541 propitiationem
497 468 547 524 nei
569 484 621 541 per
638 468 700 540 eJus
717 467 841 522 amicum
857 466 911 521 sibi
961 469 1061 521 contra
1074 482 1139 520 suos
1152 482 1223 537 quos
1237 465 1473 538 subjugaverant,
1484 466 1605 522 miseros
1615 466 1778 524 idololatras

87 560 244 616 obtineret.
263 564 298 618 ct
318 562 366 617 itta
381 579 447 618 cum
467 578 580 618 summa
599 561 748 618 velocitate
769 561 912 634 imperata
960 558 1132 627 invaserant,
1152 565 1181 614 et
1198 559 1229 613 in
1245 574 1347 615 eorum
1366 575 1487 632 corpora
1507 563 1670 632 grassantes
1690 561 1777 618 nimis

86 658 288 726 competenter
301 656 424 728 pererit,
439 658 468 712 et
482 672 549 711 cnm
563 655 674 710 duobus
686 654 811 710 millibus
823 655 912 711 octin-
960 653 1025 707 illos
1044 652 1233 708 vexabantrt
1254 652 1422 724 parentibus
1441 653 1538 725 itaque
1557 654 1594 709 ad
1614 654 1708 711 virum
1726 656 1778 714 nei

88 747 181 817 gentis
200 749 347 820 equitibus
364 749 508 804 advirum
527 749 577 806 nei
589 748 726 822 perrexit.
742 747 911 804 perveniens
961 746 1098 817 pertracti
1114 749 1195 814 sunt,
1212 761 1269 817 qno
1286 748 1386 802 orante
1399 751 1429 803 et
1442 746 1637 819 praecipiente,
1653 748 1777 822 maligni

87 846 185 896 eutem
196 842 235 897 ad
249 842 330 899 itlum
343 842 516 898 fiducialiter
529 858 580 914 pro
592 843 643 898 riri
658 842 702 899 sui
715 843 805 898 sainte
816 841 910 915 petiit.
962 838 1065 908 hostes,
1080 855 1132 910 per
1149 854 1198 894 ora
1217 853 1319 895 eorum
1332 856 1399 895 cnm
1419 840 1559 912 sangnine
1574 843 1693 914 egressi,
1708 859 1778 899 nus-

88 936 177 1006 Soper
195 936 279 1007 cuius
301 936 357 992 tide
378 936 479 992 beatus
499 937 541 992 ric
560 936 743 1003 exhilaratus,
758 936 911 992 muitatem
962 947 1047 1003 qnam
1061 937 1295 1004 comparuerunt.

88 1031 198 1099 egroto
222 1030 369 1101 promisit.
394 1031 474 1086 Tunc
499 1030 635 1086 bacatum
662 1045 746 1086 suum
772 1032 911 1085 matronas
996 1026 1155 1094 Quondam,
1170 1026 1239 1082 dum
1254 1027 1687 1086 beatnsbtartialisbtauritaniae
1702 1047 1776 1103 pra·

90 1121 219 1190 tradidit,
232 1139 266 1178 ec
278 1127 312 1179 ut
324 1141 413 1196 super
428 1125 564 1180 maritum
579 1140 664 1180 suum
678 1128 811 1197 poneret,
824 1126 856 1178 nt
869 1139 911 1178 sa·
961 1118 1076 1188 dicaret,
1097 1124 1126 1175 et
1145 1119 1272 1174 maxime
1290 1119 1464 1192 populorum
1489 1121 1655 1192 multitudo,
1674 1127 1706 1178 nt
1726 1141 1776 1180 au·

87 1220 215 1286 caretur,
230 1218 377 1289 praecepit.
395 1222 503 1275 Aurum
516 1221 613 1274 autem
629 1222 659 1274 et
671 1220 824 1290 argentum
837 1217 910 1273 acci·
961 1212 1056 1268 dicent
1074 1227 1141 1268 vera
1165 1212 1310 1285 dogmata,
1335 1217 1528 1283 concurreret,
1550 1215 1709 1288 sigibertus
1728 1233 1776 1273 co·

88 1326 154 1382 pere
166 1310 273 1378 notuit,
288 1310 340 1366 sed
359 1311 457 1368 divina
476 1312 633 1368 secundum
654 1311 767 1367 Domini
786 1328 912 1384 praecep
961 1305 1160 1363 mesdecrerit
1172 1323 1237 1362 eum
1257 1323 1366 1379 magno
1377 1308 1501 1364 militnm
1519 1309 1644 1366 exercitu
1662 1310 1699 1366 ed
1713 1326 1779 1368 eum

88 1409 148 1459 tum
168 1403 312 1460 manneio
331 1406 717 1479 gratiserogivit,N0bi10m
735 1421 802 1461 vero
821 1406 909 1462 ncne.
961 1399 1069 1468 venire,
1086 1399 1170 1472 eique
1190 1404 1397 1473 congruentem
1415 1405 1588 1475 apparatum
1606 1402 1735 1463 ciborum
1748 1409 1777 1463 et

89 1497 196 1553 dictem
211 1504 242 1554 et
254 1515 356 1555 omnes
373 1499 483 1556 itineris
497 1501 558 1572 ejus
572 1500 692 1556 comites
705 1499 867 1571 baptizavit,
883 1503 912 1555 et
961 1498 1046 1566 potus
1062 1493 1248 1550 amicabiliter
1268 1494 1413 1551 exhibere.
1432 1497 1551 1569 Copiam
1568 1514 1637 1571 ergo
1656 1500 1777 1572 piscium

90 1607 191 1647 omnes
207 1592 240 1647 in
253 1592 310 1649 tide
325 1593 512 1650 confirmatos
524 1594 560 1649 ed
573 1594 688 1666 pmpria
702 1593 821 1649 remisit.
961 1586 1132 1658 concupivit,
1149 1592 1178 1642 et
1190 1587 1336 1644 ministros
1349 1588 1379 1644 in
1398 1595 1520 1661 pontum
1539 1592 1666 1663 piscandi
1685 1595 1778 1666 gratia

123 1686 251 1755 interea,
267 1687 435 1758 burdegalae
454 1687 523 1742 dum
536 1687 658 1743 civitatis
673 1688 795 1760 populns
810 1686 845 1742 ad
860 1688 909 1743 de·
920 1695 949 1767 B
961 1679 1048 1735 misit·
1073 1680 1200 1736 Tandem
1225 1681 1414 1753 piscatoribus
1437 1685 1527 1741 multa
1552 1701 1649 1742 secum
1672 1704 1778 1760 genera

89 1779 172 1833 lubra
187 1778 333 1836 idolorum
348 1781 471 1837 venisset
478 1786 507 1837 et
519 1781 649 1852 pontifex
663 1781 748 1837 thorn
760 1786 910 1848 cremaret,
961 1773 1081 1845 piscium
1096 1774 1300 1845 deterentibus,
1319 1780 1350 1832 et
1362 1780 1460 1850 optate
1476 1778 1599 1835 invisere
1615 1780 1714 1836 littora
1728 1798 1776 1837 cu·

88 1872 203 1930 demon
217 1873 439 1947 perquemdam
452 1875 604 1930 flebraeum
623 1875 739 1930 nomine
753 1873 910 1931 Martialem
960 1867 1120 1939 cientibus,
1147 1868 1240 1924 sabito
1261 1871 1416 1943 tempestas
1440 1877 1538 1929 exorta
1563 1877 1606 1929 est
1628 1873 1658 1929 in
1686 1875 1776 1945 mari,

90 1968 113 2022 ei
134 1984 166 2023 ³0
189 1984 377 2040 egressurum
398 1968 477 2036 diiii,
494 1973 523 2024 ei
541 1984 662 2040 magnis
681 1969 800 2024 virtutes
820 1967 911 2023 saucii
960 1977 1024 2033 quae
1047 1961 1115 2032 ipsis
1135 1961 1285 2018 interitum
1305 1968 1334 2019 et
1353 1965 1472 2021 naribus
1490 1967 1675 2040 naufragium
1694 1968 1778 2041 caepit

90 2062 221 2133 puu‘sulis
239 2064 327 2134 atque
349 2061 504 2134 dignitates
523 2063 599 2134 apud
618 2062 710 2117 Deum
731 2067 849 2118 moegiug
863 2077 913 2133 pa·
960 2054 1075 2111 minnt't.
1091 2056 1180 2111 Pot't'u
1195 2055 1346 2113 benedictn
1359 2059 1515 2130 comitissa,
1531 2076 1595 2132 qutn
1614 2076 1679 2116 uum
1699 2062 1774 2116 mui-

91 2155 148 2209 lam
168 2155 374 2227 promulgavit.
395 2155 519 2211 Tandem
540 2158 672 2211 matrona
693 2156 795 2211 urbem
810 2155 910 2226 ingre·
959 2147 1080 2204 titudine
1094 2148 1232 2220 piebised
1245 2151 1326 2206 littus
1339 2157 1417 2207 stans
1431 2155 1625 2225 exspectabat,
1639 2160 1772 2211 metuen-

94 2249 200 2316 diente,
217 2249 347 2305 seniores
364 2249 465 2321 popuii
483 2248 596 2305 obviam
611 2250 638 2305 ei
658 2253 868 2321 processerunt,
884 2253 912 2304 et
960 2240 1030 2296 (ium
1043 2241 1155 2314 trepida
1164 2242 1322 2314 pericnlum
1333 2244 1458 2302 videbat.
1471 2247 1670 2320 Cumqoejam
1683 2250 1777 2322 mergi

97 2342 193 2397 omnis
219 2357 286 2412 qua
312 2359 329 2397 a
352 2343 420 2398 tore
444 2342 596 2399 audierant
615 2348 811 2400 narraverunt.
834 2344 912 2398 nunc
961 2336 1110 2407 coepbacnt
1130 2336 1265 2392 homines
1285 2355 1349 2394 cum
1370 2339 1499 2409 neribus,
1521 2341 1654 2413 religiosa
1673 2344 1778 2399 mulier

97 2436 223 2506 primum
237 2435 402 2508 pontificem
417 2436 557 2492 idolorum
569 2436 606 2492 ad
621 2453 651 2493 se
666 2435 812 2492 comitisse
826 2451 910 2492 roca·
961 2427 1091 2484 attendit
1111 2429 1140 2483 ia
1160 2429 1265 2485 coctam
1284 2447 1398 2500 manoe,
1417 2434 1447 2486 et
1468 2448 1534 2488 voce
1556 2449 1662 2506 magna
1681 2436 1775 2492 ercle·

96 2529 245 2601 nitetque
265 2529 403 2602 praecepit
419 2535 450 2586 ut
466 2546 521 2603 per
532 2531 631 2586 omnia
645 2530 754 2602 templs
766 2534 910 2602 pergeret,
961 2537 1054 2590 mens,
1069 2523 1157 2578 neum
1174 2523 1326 2595 invocavit,
1343 2529 1371 2581 et
1391 2526 1529 2583 continuo
1545 2527 1641 2584 sedata
1656 2533 1778 2601 tempes-

98 2630 134 2687 et,
148 2628 267 2695 excepto
288 2624 397 2695 templo
415 2623 465 2680 nei
486 2623 590 2696 ignoti,
610 2623 774 2680 minutatim
795 2640 828 2680 ea
848 2640 913 2679 eon·
962 2619 1006 2671 tas
1025 2615 1150 2672 cessant.
1164 2617 1319 2674 Piscatores
1338 2624 1515 2676 autemeam
1534 2620 1653 2678 navibus
1672 2627 1701 2679 et
1716 2624 1776 2697 pis·

99 2717 248 2789 ningeret,
268 2716 377 2773 neinde
397 2734 464 2773 cum
485 2717 567 2773 iiiiii
587 2717 752 2774 cmiiiiinis
778 2718 829 2773 iiii
855 2717 911 2774 cie.
961 2707 1043 2765 cibus
1058 2709 1210 2766 erratibus
1226 2710 1383 2770 incolumes
1396 2713 1432 2769 nd
1445 2718 1561 2786 portum
1574 2721 1775 2790 pervenerunt,

100 2810 235 2866 mentium
258 2809 398 2881 exoravit,
419 2813 448 2866 ei
471 2810 502 2866 in
525 2811 585 2883 ejus
609 2811 727 2868 nomine
749 2811 785 2866 ad
806 2812 912 2867 lectum
962 2807 992 2858 et
1003 2804 1097 2859 cuncti
1110 2803 1164 2861 boe
1179 2803 1309 2861 videntes
1321 2806 1485 2863 mirabilem
1499 2808 1589 2865 Deum
1602 2809 1777 2882 glorificate·

100 2903 189 2959 meriti
203 2904 346 2976 pervenit,
365 2920 399 2960 ec
419 2920 591 2977 supereum
612 2904 687 2961 beati
703 2904 848 2977 pontificis
864 2904 913 2961 be·
962 2894 1052 2953 ruat(

101 2998 193 3054 cutum
208 2997 356 3071 imposuit.
372 3000 458 3055 Porro
474 3000 615 3069 membra,
631 3015 696 3072 qua
715 2999 912 3056 contractione
997 2991 1096 3046 bimus
1112 3008 1180 3048 icio
1196 2992 1299 3064 proeaal
1313 3009 1330 3048 a
1346 2993 1514 3051 Mauritania
1527 3012 1657 3054 reversos
1673 2999 1775 3056 Lemo·

101 3108 250 3148 umorum
275 3108 309 3148 ac,
332 3090 432 3148 vitiosa
455 3093 576 3149 febrium
604 3093 774 3166 compagine
800 3093 950 3177 fuerante
963 3084 1051 3140 ticam
1075 3085 1229 3158 repedavit,
1250 3091 1279 3143 et
1300 3087 1366 3143 inde
1388 3089 1424 3145 ati
1445 3089 1539 3146 viuum
1561 3093 1678 3148 nomine
1697 3094 1775 3151 baie·

100 3187 228 3256 sauciata,
242 3188 388 3258 extemplo
409 3185 573 3244 efficiuntur
592 3204 624 3243 ae
643 3187 667 3243 gi
687 3203 836 3260 nunquam
850 3203 913 3259 pro-
961 3194 1026 3234 eum
1043 3180 1095 3251 (35)
1109 3180 1242 3251 perrexit.
1263 3181 1303 3237 ibi
1321 3181 1397 3236 iovis
1414 3181 1526 3239 idolum
1544 3186 1707 3244 uenerabile
1727 3206 1775 3262 pn·

101 3280 157 3350 pria
181 3279 286 3336 virtute
312 3280 435 3337 fuissent
458 3281 576 3353 privata,
602 3283 754 3354 Postquam
778 3282 912 3354 praesaius
963 3273 1044 3345 genis
1064 3276 1136 3345 erat,
1157 3274 1254 3347 ibique
1275 3275 1428 3332 multitudo
1449 3294 1556 3349 magna
1577 3279 1777 3354 languentium

99 3389 190 3430 eomes
210 3374 373 3446 Sigiherius
387 3378 501 3431 sanatus
520 3380 573 3445 eit,
588 3392 652 3432 eum
669 3376 759 3432 inuito
774 3379 912 3449 apparatu
963 3366 1081 3423 disemis
1100 3383 1237 3440 oppressa
1252 3368 1465 3426 infirmitatibus
1481 3372 1608 3443 jacebat.
1623 3376 1710 3445 Tnnc,
1724 3378 1776 3433 ad-

98 3468 192 3540 popuii
209 3468 247 3524 id
264 3471 398 3525 sincium
416 3469 575 3525 antistitem
595 3470 739 3543 proiectus
759 3475 811 3540 iii,
828 3474 858 3526 ei
876 3471 911 3526 ai
962 3460 1095 3517 veniente
1114 3462 1257 3534 pontifice,
1280 3463 1395 3520 damon
1416 3464 1568 3537 obmutuit,
1584 3469 1632 3525 sed
1653 3470 1697 3525 rir
1717 3472 1776 3544 nei,

97 3562 156 3634 ipso
166 3562 241 3618 sacri
255 3561 436 3635 nuptismntt!
450 3564 528 3620 unda
539 3579 605 3620 cum
618 3566 728 3621 cunctis
742 3563 913 3638 sequacibus
962 3556 1128 3627 rogantibus
1147 3557 1255 3626 incutis,
1270 3557 1305 3614 du
1324 3558 1478 3614 simulitum
1492 3559 1572 3616 iilum
1585 3564 1684 3635 egredi
1700 3582 1775 3637 prui-

98 3655 153 3711 §nis
168 3660 360 3728 regeneratus
372 3660 426 3712 egi,
442 3657 562 3729 eopiosa
578 3674 645 3714 pop-0
659 3674 778 3730 precum
800 3664 829 3714 pt
847 3677 910 3732 8¹⁸8·
963 3649 1048 3720 Cupit,
1063 3651 1187 3705 statuum
1201 3650 1383 3723 confringere
1396 3655 1424 3707 et
1437 3653 1587 3709 ViSiniiitnt'
1599 3659 1712 3728 populis
1723 3675 1774 3732 np-

97 3750 199 3806 aarum
214 3750 303 3805 rena
322 3768 374 3823 pro
393 3751 500 3808 soum
519 3751 573 3808 sisi
593 3751 753 3809 celestibus
768 3753 913 3810 beneflciis
962 3758 1074 3814 ceree·
1089 3744 1223 3799 Protinus
1236 3744 1271 3800 de
1291 3751 1382 3800 statuo
1401 3746 1488 3801 exivit
1501 3749 1583 3819 coesi
1601 3749 1684 3821 nicer
1702 3769 1775 3824 rue·

96 3844 202 3912 retutit,
218 3848 249 3900 et
263 3844 361 3900 multis
374 3849 473 3918 postea
486 3845 588 3902 diebus
607 3846 635 3902 in
654 3847 705 3902 nei
721 3847 835 3904 servitio
847 3846 912 3903 teti·
962 3836 1042 3892 tillut
1056 3836 1203 3894 0b³⁰¹¹si⁰¹⁸
1217 3838 1346 3911 militine,
1361 3839 1441 3912 enjus
1461 3840 1557 3914 capilli
1576 3843 1641 3898 tetii
1659 3850 1687 3900 et
1706 3847 1775 3903 den·

95 3936 164 3993 citer
176 3938 262 3994 vixit,
963 3930 1069 3987 sissimi
1091 3948 1181 4005 nsque
1201 3933 1237 3988 ad
1256 3933 1345 4006 pedes
1366 3940 1462 4006 erant3
1478 3939 1506 3992 et
1527 3952 1579 4011 per
1599 3953 1630 3994 os
1650 3938 1725 3996 illius
1745 3959 1778 3999 ac

126 4032 295 4100 Quondam,
311 4049 378 4089 cum
392 4032 569 4104 erigentibus
585 4035 737 4090 hominum
755 4034 917 4091 insolentiis
963 4042 1049 4081 nares
1064 4032 1093 4082 et
1112 4028 1207 4083 ocutos
1221 4028 1379 4099 [flammat]
1395 4045 1460 4084 cum
1474 4029 1562 4087 fetido
1582 4034 1684 4090 ardore
1699 4052 1776 4094 ema·

94 4126 279 4182 denominata
293 4126 392 4182 civitas
412 4128 485 4199 ignis
499 4128 632 4184 incendio
641 4128 702 4200 jam
722 4129 914 4185 consumenda
962 4119 1060 4176 babat-
1083 4120 1211 4193 nonique
1239 4125 1337 4178 abacto
1359 4123 1471 4195 populis
1494 4128 1664 4185 ostendente
1690 4148 1777 4204 quem
1864 4164 1871 4173 -

94 4226 285 4291 cremaretur,
305 4236 337 4276 nc
358 4236 431 4293 pene
453 4222 496 4276 sui
519 4221 666 4279 interitum
689 4239 788 4278 arsura
808 4223 913 4279 minari
964 4212 1115 4270 dominnm
1130 4216 1289 4286 coluerant,
1304 4216 1387 4289 eique
1401 4234 1499 4275 mrsus
1515 4223 1545 4275 ut
1562 4227 1684 4280 statuam
1700 4242 1777 4282 com·

95 4315 250 4385 rideretur,
262 4314 395 4386 religiosa
406 4315 557 4371 Benedicta
570 4316 704 4373 bacatum
719 4316 769 4372 riri
784 4316 833 4373 nei
847 4316 915 4373 flde-
963 4307 1104 4364 minueret
1120 4310 1314 4383 Pt'aessiuifflie·
1330 4313 1507 4369 ⁰0¹¹ff⁸⁰i³¹¹¹
1528 4317 1649 4372 Sittium
1670 4318 1700 4374 in
1713 4320 1776 4392 uui·

95 4408 157 4465 liter
185 4408 249 4481 igni
276 4409 418 4481 opposuit,
443 4415 482 4479 et,
509 4411 749 4483 omnipotentiam
773 4411 914 4467 creaioris
963 4417 1058 4458 rerem
1078 4402 1188 4476 redegit
1207 4407 1236 4459 et
1256 4408 1356 4477 postea
1378 4422 1521 4479 nusquam
1539 4413 1707 4482 comparuit.
1723 4414 1778 4470 Ve-

96 4504 236 4570 oontesse,
251 4503 315 4574 ejus
334 4502 473 4559 auxilinm
491 4503 642 4562 invocavit.
662 4504 794 4561 Protinus
813 4476 952 4560 insen·D
964 4494 1097 4551 necabitis
1118 4503 1217 4553 autem
1239 4498 1388 4571 episcopus
1409 4505 1527 4557 cunctos
1548 4511 1671 4575 egmtos
1691 4506 1726 4562 ad
1749 4526 1779 4566 se

96 4594 476 4669 iiumiiiiopiiumeiiui
496 4598 708 4672 vegiigiiignii
729 4599 914 4655 „0110m0d0
964 4588 1134 4661 congregari
1155 4590 1233 4662 fecit,
1261 4597 1290 4647 et
1312 4593 1386 4649 tacto
1407 4610 1495 4666 super
1516 4611 1565 4651 eos
1586 4597 1668 4669 signo
1690 4603 1780 4658 crucis

96 4694 281 4763 ιρμηηῃι,
964 4682 993 4737 in
1007 4682 1056 4738 nei
1079 4683 1197 4740 nomine
1215 4686 1325 4741 sanarit
1331 4704 1340 4757 ;
1355 4693 1383 4742 et
1401 4693 1517 4744 cunctos
1536 4689 1585 4762 qui
1599 4690 1638 4746 ibi
1653 4708 1780 4753 comma·

128 4785 160 4839 in
188 4784 239 4840 iiio
264 4791 416 4857 tempore,
443 4784 578 4843 instinctu
610 4786 706 4844 divino
737 4786 913 4858 admonius,
965 4792 1033 4831 nere
1051 4776 1222 4834 videbantur
1241 4779 1403 4852 baptizavit.
1420 4781 1488 4837 tude
1508 4799 1638 4842 reversus
1655 4788 1693 4844 ad
1711 4806 1777 4862 pro·

95 4879 201 4951 pmii
215 4878 460 4935 chriiiifliiiiiiii
473 4881 508 4937 ai
522 4881 700 4937 Garumnam
715 4881 835 4937 fluvium
848 4897 914 4954 per.
964 4869 1057 4942 priam
1073 4871 1181 4942 sedem,
1198 4874 1323 4929 oratorie
1341 4876 1468 4931 construi
1486 4876 1553 4934 tecit
1572 4885 1601 4936 et
1620 4881 1780 4955 insignibus

96 4974 179 5042 rexit,
194 4976 226 5029 et
246 4971 276 5028 in
297 4973 358 5028 ioco
371 4974 419 5046 qni
436 4975 604 5031 uanntenia
619 4975 675 5048 (dt)
688 4975 802 5044 dicitur,
818 4976 916 5031 multis
965 4966 1140 5021 ornamentis
1160 4965 1315 5040 diligenter
1334 4969 1488 5027 decorarit.
1509 4971 1603 5030 Unum
1625 4975 1654 5031 in
1673 4977 1780 5037 honore

95 5067 140 5140 qui
155 5067 227 5123 inae
245 5065 452 5138 confluxerint,
469 5069 587 5125 ,grimm
604 5070 653 5126 pei
670 5069 845 5143 praedicaiig
859 5070 914 5125 ibi.
964 5058 1055 5115 sancti
1081 5059 1216 5131 Stephani
1248 5065 1465 5137 protomartyris
1497 5070 1703 5141 consanguinei
1734 5074 1777 5129 sui

95 5175 159 5234 que,
185 5176 241 5234 pio
270 5161 455 5218 „iuiiirima
478 5164 666 5236 occupatione
692 5162 783 5219 divini
810 5164 914 5236 operis,
965 5154 1146 5222 consecrarit,
1168 5161 1197 5209 et
1217 5156 1296 5213 aliud
1317 5157 1346 5213 in
1371 5159 1481 5218 honore
1504 5164 1594 5219 sancti
1613 5165 1690 5221 Petri
1713 5184 1779 5240 spo·

96 5256 185 5312 iiiia,
199 5255 348 5312 mensibus
361 5256 476 5312 mansii,
493 5258 599 5313 Novem
614 5257 785 5313 (iaemoniaci
805 5257 915 5313 catini,
965 5246 1028 5302 stoti
1041 5263 1072 5302 ac
1088 5248 1216 5320 magistri
1236 5251 1279 5306 sui
1300 5254 1452 5325 constituit,
1470 5258 1499 5311 et
1517 5261 1610 5313 totum
1626 5260 1714 5316 altare
1727 5279 1780 5334 per

96 5349 252 5417 constricti,
270 5364 304 5406 ex
327 5350 488 5423 nardegela
510 5350 622 5407 civitate
644 5368 660 5406 a
682 5351 849 5425 parentibus
869 5351 916 5406 de-
966 5341 1116 5397 circuitum
1138 5344 1251 5400 laminis
1273 5346 1367 5402 aureis
1390 5350 1510 5405 vestivit.
1534 5353 1704 5410 constructis
1726 5373 1778 5413 au-

97 5441 184 5516 dacti,
200 5460 220 5500 a
239 5450 338 5501 meto
355 5443 490 5514 Martiale,
508 5444 690 5501 daemonihug
709 5445 834 5517 expulsis
849 5450 916 5501 gunt,
965 5438 1023 5491 teni
1045 5435 1177 5508 nnuiiieis,
1202 5438 1301 5495 nudius
1328 5443 1432 5513 praesni
1458 5450 1568 5501 uertunt
1593 5446 1780 5509 dedicationis

126 5662 175 5733 inti
193 5656 287 5731 Vulgo
302 5680 308 5715 :
321 5662 661 5733 componendorum.

125 5740 176 5807 (eoi
206 5737 291 5790 Forte
315 5754 321 5787 :
346 5740 417 5789 Arrio
442 5740 529 5804 (Aine)
554 5752 639 5805 prope
666 5735 903 5790 Lemortcem.1.e
918 5739 1034 5792 Prorost
1049 5754 1054 5788 :
1072 5739 1227 5801 dusiacum,
1240 5740 1351 5807 ignotus
1366 5742 1455 5795 locus.
