3750 6046
130 192 182 255 ill
822 190 982 253 OiiilEiilCl
1001 192 1129 253 l'leLlS
1763 196 1806 261 Μ

129 322 165 378 ab
186 316 327 377 avunculo
350 336 417 394 rege
438 336 519 377 arma
539 318 647 377 militie
670 319 787 393 accepit,
809 324 839 377 et
859 328 942 394 capto
954 321 1092 407 μωρίη
1116 321 1166 380 sed
1182 320 1262 395 justo
1283 320 1334 379 liei
1350 319 1470 396 judicio,
1486 321 1566 381 inter
1583 320 1730 381 tumultus
1748 342 1810 401 qnos

131 415 208 488 apud
220 415 499 473 tenerchebraicum
511 415 670 484 Guilleimo,
687 414 792 471 comite
806 416 947 486 ldoritolii,
999 415 1229 486 machinabatur,
1260 416 1290 473 in
1320 432 1422 474 manus
1453 417 1554 475 iratris
1581 416 1704 491 incidit,
1735 421 1812 479 etin

131 510 299 567 comitatum
314 511 378 583 ejus
394 509 471 566 dono
486 510 561 581 regis
575 509 707 565 obtinuit.
724 509 867 565 Eustachii
881 526 950 583 quo·
1000 510 1062 582 ejus
1088 525 1201 567 carcere
1227 509 1339 568 debitas
1365 527 1417 584 pro
1442 510 1561 569 nefariis
1586 510 1705 569 actibus
1725 530 1813 589 poen

132 621 189 677 que
214 603 390 661 boloniensis
414 603 538 660 consulis
563 602 661 670 illium,
685 603 720 659 de
743 608 832 660 matre
853 604 948 674 Maria,
999 602 1063 660 luit.

133 697 309 767 tiathildem,
327 713 444 754 uxorem
463 697 554 765 duxit,
572 701 602 752 et
620 698 711 752 totum
730 696 870 754 honorem
889 699 950 771 ejus
1035 699 1112 754 Tunc
1134 698 1221 757 etiam
1242 698 1356 756 Goelius
1376 701 1527 773 loannem,
1550 700 1648 759 illium
1671 700 1813 777 Stephani,

133 792 317 849 haereditario
329 793 396 865 jure
410 791 547 864 possedit.
561 791 686 864 Denique
702 791 822 847 ilenrico
837 808 906 865 rege
920 793 950 850 in
1001 792 1036 848 do
1054 792 1198 862 itellento,
1213 793 1378 867 exploravit,
1393 799 1422 851 et
1433 795 1599 853 venientem
1618 795 1659 853 de
1681 796 1815 871 colloquio

134 890 225 943 castro
238 886 342 942 Leonis
356 902 383 942 ιν
396 887 488 942 Nonas
501 884 662 943 Decembris
674 885 818 954 defuncto,
833 866 950 959 Stepba-
1000 886 1111 944 comitis
1131 886 1238 943 domini
1264 888 1319 956 sui,
1345 888 1394 961 qui
1420 888 1498 962 apud
1523 890 1771 947 bellummontem
1790 892 1815 947 in

134 996 189 1036 nus
201 996 281 1036 mare
292 980 492 1049 transfretavit,
503 981 532 1035 et
540 978 695 1052 incipiente
708 995 784 1035 anno
795 980 951 1036 iiominica
1001 981 1176 1038 liormannia
1188 981 1369 1053 consistebat,
1382 982 1613 1058 comprehendit,
1630 987 1664 1041 et
1675 984 1737 1041 iere
1750 1000 1813 1059 qna·
1859 1004 1861 1019 ¹

134 1073 340 1129 iucarnationis
357 1075 422 1130 1136
441 1072 551 1146 llnglim
566 1078 676 1144 sceptra
696 1072 828 1144 suscepit.
845 1073 951 1129 Deinde
1001 1078 1065 1131 lucr
1087 1075 1232 1132 mensibus
1257 1093 1374 1133 ararum
1396 1076 1591 1135 feneratorem
1615 1078 1651 1135 in
1679 1094 1816 1137 carcerem

135 1168 283 1236 ilenricus,
306 1170 388 1223 aelate
411 1166 560 1237 minimus,
580 1183 597 1221 a
614 1166 738 1239 puerilia
759 1166 951 1223 cluniacensis
1000 1170 1133 1226 coercuit.
1148 1169 1227 1226 Unde
1244 1170 1379 1243 prelatus
1395 1187 1493 1228 comes
1507 1170 1616 1229 obnixe
1637 1170 1817 1231 laboreritut

136 1262 301 1330 monachus,
315 1261 345 1318 in
359 1259 551 1317 adolescentia
564 1276 632 1316 vero
645 1260 847 1317 Glasiouieusis
866 1260 951 1316 abbas
1000 1262 1174 1334 burgensem
1186 1280 1282 1329 suum,
1301 1264 1352 1337 qui
1366 1262 1522 1322 ditissimus
1533 1270 1607 1337 erat,
1623 1268 1753 1335 emeret,
1770 1282 1818 1323 nec

134 1354 164 1411 in
179 1356 283 1428 anglia
295 1356 465 1412 sublimatus
480 1360 523 1410 est
537 1354 604 1427 til),
620 1360 649 1410 et
661 1353 737 1423 inde,
752 1358 816 1427 post
834 1354 946 1410 Gallici·
1002 1372 1070 1411 eum
1084 1355 1120 1412 de
1133 1371 1183 1413 ore
1196 1357 1258 1429 lupi
1275 1357 1395 1415 liberare
1413 1357 1517 1431 potuit,
1536 1358 1595 1416 nisi
1613 1358 1717 1433 plures
1735 1360 1819 1432 plaee-

133 1449 681 1520 mumGilardum,adGuentoniensem
692 1449 953 1521 praesulatumpro·
1001 1453 1055 1505 ret.
1080 1450 1246 1523 ingeniosus
1268 1466 1338 1524 ergo
1358 1466 1453 1508 comes
1472 1450 1637 1509 liodberlus
1659 1468 1729 1509 eum
1746 1452 1817 1511 unu-

136 1547 232 1599 motus
247 1549 300 1600 cst.
1001 1542 1096 1613 leimo,
1112 1543 1275 1601 Ebrcicensi
1287 1544 1401 1615 comite,
1417 1560 1515 1618 pacem
1528 1544 1606 1615 iecit,
1622 1552 1655 1603 et
1670 1546 1817 1614 Amairieo,

171 1638 298 1710 lienique
321 1636 444 1710 genitrix
464 1639 550 1692 tanta
570 1636 670 1709 prolis,
693 1640 726 1691 nt
746 1634 850 1707 pallida
872 1639 952 1691 teue-
1001 1637 1099 1710 nepoti
1118 1638 1190 1710 ejus,
1206 1637 1293 1693 liliam
1307 1654 1399 1707 suam,
1417 1655 1483 1712 quas
1497 1638 1673 1697 uniusanni
1686 1646 1759 1711 erat,
1773 1657 1816 1713 pe·

136 1732 229 1788 brosru
249 1730 349 1787 mortis
368 1736 499 1803 tempora
520 1730 684 1786 medullitus
703 1729 837 1786 meditari
857 1730 950 1801 ampli,
962 1704 990 1776 Β
1003 1731 1085 1804 pigit,
1102 1737 1131 1786 et
1143 1732 1173 1787 in
1188 1730 1238 1787 illa
1251 1732 1403 1789 concordia
1417 1732 1572 1789 liudulfum
1588 1732 1631 1821 de
1649 1732 1781 1803 Concbis,
1793 1740 1819 1791 et

135 1830 200 1896 post
220 1826 323 1881 multas
344 1824 456 1881 divitias
474 1829 559 1896 atque
579 1824 703 1893 delicias,
722 1824 751 1878 in
766 1823 870 1896 quibas
883 1838 949 1895 pec·
1001 1824 1194 1893 Eustachium,
1209 1827 1296 1898 atqrre
1311 1826 1448 1895 Goelium,
1468 1826 1598 1900 aliosque
1617 1826 1817 1900 belligerantes

137 1922 269 1976 catonrm
291 1918 371 1991 copia
393 1917 482 1975 icedat
505 1918 617 1973 animas
641 1922 670 1973 et
690 1916 820 1989 perimit,
842 1916 952 1972 lubrica
1002 1918 1155 1974 marchisos
1176 1918 1298 1992 collegit.
1314 1920 1370 1975 liae
1387 1920 1486 1992 itaque
1505 1936 1576 1993 pace
1599 1919 1691 1992 lacta,
1704 1922 1816 1979 loannes

138 2012 233 2069 saculi
248 2012 454 2079 blandimenta,
468 2010 656 2083 turgidosque
677 2012 764 2066 iustus
783 2014 884 2082 sponte
902 2010 951 2065 de·
1001 2010 1132 2068 redditus
1154 2017 1206 2077 est,
1229 2012 1293 2069 aliis
1314 2012 1445 2086 pluribus
1466 2014 1606 2070 securitas
1633 2018 1665 2071 et
1688 2014 1816 2073 serenitas

136 2106 233 2176 seruit,
250 2122 282 2161 ac
299 2104 518 2161 sanctimonialis
538 2104 614 2177 apud
633 2104 816 2161 ldarcilleium
840 2103 951 2174 eiiecta,
1002 2106 1077 2177 pacis
1104 2105 1230 2163 exhibita
1254 2109 1306 2163 est.
1326 2108 1463 2180 Sequenti
1483 2123 1561 2163 anno
1583 2108 1654 2181 (te),
1677 2110 1815 2181 geminam

137 2200 189 2256 sub
210 2199 436 2258 cluniacensium
458 2198 553 2272 rigido
576 2198 727 2271 regimine,
748 2198 809 2271 regi
831 2197 952 2254 Sabaoth
1002 2198 1123 2271 prolem,
1148 2201 1359 2257 Gualerannum
1374 2207 1403 2258 et
1417 2201 1606 2272 liudbertum,
1632 2204 1737 2273 isabel,
1755 2219 1816 2259 nsor

136 2294 277 2351 militavit.
293 2295 357 2349 liaec
370 2311 423 2366 per
433 2293 667 2367 anticipationem
682 2291 719 2348 de
738 2308 875 2365 generosa
890 2307 951 2346 ma·
1001 2293 1157 2352 itellentici
1173 2295 1297 2365 comitis,
1311 2294 1397 2352 enixa
1410 2300 1462 2367 est,
1481 2299 1520 2365 at,
1533 2296 1631 2353 musis
1652 2296 1814 2371 quibasdam

137 2390 181 2443 tre
200 2390 229 2445 et
246 2388 390 2444 fortunata
408 2386 504 2444 sobole
522 2386 596 2443 dicta
613 2389 689 2442 sunt.
705 2386 786 2441 Nunc
802 2388 901 2441 autem
917 2384 952 2440 ad
1002 2386 1273 2460 intervenientibus,
1293 2389 1452 2446 amalricus
1471 2389 1646 2462 promissam
1669 2390 1725 2448 sihi
1742 2392 1814 2465 puel·

135 2480 309 2538 narrationis
329 2482 443 2551 scriem,
457 2480 534 2536 unde
550 2480 694 2553 paulisper
715 2479 857 2553 digressus
876 2495 951 2551 sum,
1002 2481 1059 2537 lam
1071 2481 1245 2554 desponsare
1258 2482 1419 2555 prohibitos
1433 2486 1486 2539 est.

138 2575 207 2632 libet
220 2576 357 2632 reducere
370 2576 524 2631 calamum.
1038 2572 1243 2629 Somncleutus
1251 2572 1320 2642 dux,
1330 2572 1487 2629 ninimiam
1498 2573 1715 2633 desolationem
1726 2576 1814 2649 patrie

172 2671 230 2726 ilex
243 2669 400 2741 anglorum
416 2668 600 2736 liudbertum,
614 2668 749 2724 comitem
762 2668 797 2723 de
812 2668 952 2736 liellenlo,
1001 2666 1085 2737 vidit,
1113 2683 1166 2722 neo
1187 2670 1288 2723 oonim
1310 2666 1485 2724 liudbertum
1506 2668 1542 2724 de
1557 2668 1685 2725 heliam
1706 2669 1815 2726 ducatus

138 2765 174 2820 ad
194 2763 336 2820 sedandas
350 2763 415 2819 lites
433 2762 582 2818 intestinas
596 2762 626 2817 in
641 2761 847 2817 Normauniam
865 2762 952 2817 desti·
1002 2755 1046 2810 sui
1065 2756 1215 2828 regiomm
1235 2755 1387 2813 defendere
1405 2755 1509 2828 potuit,
1529 2762 1734 2830 transgressor
1750 2758 1814 2832 pseli

139 2858 228 2927 navit,
243 2860 272 2913 et
286 2856 429 2914 liudberto
449 2855 524 2925 duci,
544 2856 663 2929 aliisque
685 2856 849 2927 proceribus
871 2872 952 2911 man·
1002 2849 1161 2921 quodcum
1184 2865 1252 2921 rege
1273 2850 1389 2918 lecerat,
1403 2849 1463 2907 sine
1479 2850 1600 2907 consilio
1617 2852 1686 2924 ejsss
1706 2868 1815 2909 concor·

138 2951 213 3009 davit
237 2958 270 3008 ut
296 2967 403 3025 genero
428 2968 479 3007 sno
501 2954 666 3022 parcerent,
687 2955 716 3005 et
736 2952 834 3004 contra
859 2948 953 3005 hostes
1004 2942 1081 2999 diam
1097 2959 1162 2998 cum
1179 2942 1314 3015 predicto
1331 2942 1475 3000 liudberto
1494 2943 1572 3014 iecit,
1588 2944 1677 3019 eique
1697 2946 1817 3003 dominia

137 3046 213 3102 illius
231 3044 401 3102 dimicarent
408 3062 416 3114 ;
438 3043 565 3117 alioquin
586 3044 674 3114 regiae
695 3042 805 3097 virtutis
828 3041 951 3098 inimici·
1004 3036 1163 3109 patrissui,
1184 3036 1379 3109 episcopatum
1400 3038 1506 3093 scilicet
1526 3038 1704 3111 sagiensem
1724 3046 1753 3097 et
1770 3056 1817 3096 ce·

138 3140 209 3197 tiam
236 3139 383 3196 sentirent.
411 3137 639 3195 benevolentiam
663 3137 759 3209 itaque
784 3135 859 3209 regis
884 3152 954 3209 erga
1003 3135 1073 3201 tera,
1093 3131 1304 3203 quiasuperius
1324 3133 1578 3201 memoratasunt,
1596 3134 1815 3191 annuitiene-

138 3232 321 3290 Eustachium
346 3233 537 3301 advertentes,
563 3230 645 3286 multi
672 3230 822 3298 eiiuemnl,
849 3236 877 3285 et
903 3229 952 3301 qui
1003 3224 1110 3281 raudus
1132 3224 1220 3297 igitar
1241 3225 1331 3294 Serio,
1352 3224 1494 3297 sagiensis
1507 3224 1672 3300 episcopus,
1696 3227 1816 3301 tyranni-

139 3332 223 3384 antea
237 3327 378 3384 nocebant
395 3326 444 3396 illi,
461 3340 647 3396 summopere
666 3323 817 3395 suffragari
836 3323 951 3380 studuc-
1004 3320 1069 3375 dem
1084 3319 1219 3376 liodberti
1231 3319 1306 3376 ferre
1318 3319 1469 3392 indignum
1482 3318 1574 3389 duxlt,
1588 3320 1718 3395 ideoque
1728 3322 1816 3394 potius

137 3425 214 3477 nint.
232 3420 384 3477 iiainaldus
404 3423 506 3476 tamen
520 3423 548 3476 et
564 3418 687 3484 Goellus,
702 3417 807 3491 aliique
827 3423 952 3474 temera·
1003 3414 1039 3468 eb
1056 3414 1221 3487 episcopatu
1234 3413 1377 3482 recedere,
1396 3428 1484 3486 qnam
1503 3412 1556 3469 sub
1575 3429 1611 3470 eo
1631 3414 1743 3489 degere
1759 3432 1815 3472 ma·

138 3515 174 3572 rii
187 3514 367 3588 pertinaciter
386 3514 519 3587 nequitiis
538 3514 714 3580 institerunt,
728 3528 781 3568 nec
795 3528 848 3584 pro
867 3527 952 3583 rega·
1003 3508 1064 3563 luit.
1087 3508 1200 3581 Propria
1219 3507 1285 3564 sede
1303 3507 1409 3573 relicta,
1429 3523 1482 3580 per
1501 3510 1601 3563 extera
1622 3512 1747 3583 vagatns
1768 3514 1815 3580 est,

137 3609 172 3666 lis
192 3608 358 3667 reuerentia
378 3610 495 3682 precatu
514 3608 551 3664 ab
572 3606 751 3664 intestatione
771 3605 870 3679 generi
892 3604 954 3677 ejus
1003 3605 1032 3659 et
1050 3603 1226 3660 liudbertum
1240 3618 1306 3658 cum
1319 3600 1496 3674 adjutoribus
1509 3601 1569 3658 suis
1581 3603 1766 3661 anathemate
1777 3604 1816 3661 ie·

137 3708 325 3771 cessaverunt,
348 3703 398 3759 sed
420 3702 527 3758 notaria
553 3701 714 3759 temeritate
738 3700 829 3757 credes
855 3703 885 3755 et
907 3700 952 3755 in·
1002 3698 1080 3754 riens
1093 3699 1253 3753 exsecratus
1266 3702 1320 3752 est.

139 3796 237 3853 cendia
255 3797 465 3869 perpetrarunt.
483 3796 553 3851 Nam
570 3796 646 3851 inter
664 3796 774 3862 cetera,
794 3809 858 3866 quae
877 3809 951 3865 pre·
1038 3791 1209 3865 Sapedictus
1234 3806 1350 3864 quoque
1372 3790 1415 3847 uir
1439 3789 1614 3864 liadaiium,
1640 3792 1818 3867 Qenaium

138 3890 214 3947 latus
228 3889 382 3946 liainaldus
396 3887 551 3944 crudeliter
563 3888 685 3961 peregit,
702 3887 844 3961 quoddam
858 3887 952 3942 muni·
1003 3886 1147 3953 abbatem,
1160 3885 1322 3957 jucundum
1344 3890 1372 3942 et
1388 3884 1523 3957 facetum,
1542 3884 1761 3960 amabilemque
1778 3887 1815 3943 vi·

139 3982 245 4055 cipium
264 3982 366 4039 hostile
387 3981 570 4053 pertinaciter
592 3980 706 4051 invasit,
731 3983 760 4036 et
782 3996 881 4036 omncs
903 3981 952 4053 qui
1003 3996 1082 4049 rum,
1115 3978 1246 4052 pluribus
1279 3978 1370 4035 modis
1402 3978 1594 4049 mouendi,
1628 3980 1818 4055 hominesque

140 4076 218 4134 intus
234 4081 325 4144 erant,
339 4076 407 4132 dum
422 4074 543 4143 exirent,
558 4075 644 4147 cepit,
657 4077 686 4130 et
702 4073 818 4147 proprio
840 4089 907 4129 ense
923 4074 953 4130 in
1003 4072 1093 4129 sancti
1115 4072 1243 4146 presulis
1263 4072 1373 4130 liertini
1395 4072 1530 4129 indebitis
1548 4072 1750 4132 exactionibus
1768 4092 1816 4149 op·

138 4169 292 4226 viscoribus
313 4169 400 4227 inilxo
422 4168 511 4225 veluti
534 4169 619 4224 bruta
641 4167 777 4223 animalia
800 4166 951 4223 immiseri-
1002 4167 1115 4240 pressit,
1131 4167 1284 4240 ipsumque
1297 4183 1351 4241 per
1366 4166 1542 4223 immeritam
1558 4167 1759 4240 subiectomm
1778 4170 1816 4226 ai·

138 4263 262 4321 corditer
279 4263 410 4337 peremit.
431 4262 570 4319 Omnibus
589 4262 639 4317 hac
654 4261 780 4317 maxime
798 4278 851 4334 pro
869 4278 954 4317 causa
1003 4260 1173 4317 dictionibus
1195 4260 1314 4335 fugavit.
1335 4260 1382 4317 Sic
1404 4260 1509 4333 praesul
1531 4262 1562 4318 et
1581 4261 1684 4331 abbas,
1706 4261 1817 4336 tyranni

138 4358 250 4416 odibilis
273 4359 363 4414 iactus
390 4362 448 4427 cst,
475 4360 505 4412 et
526 4354 676 4412 Eustachio
700 4354 853 4429 insigniter
874 4356 951 4412 inva·
999 4355 1071 4427 jugo
1084 4354 1206 4427 iatignti,
1225 4354 1255 4411 iu
1268 4354 1401 4427 llngliam
1420 4353 1567 4426 ingerunt,
1582 4358 1612 4411 et
1626 4372 1644 4412 a
1658 4372 1732 4429 rege
1744 4358 1817 4415 lien·

137 4453 271 4521 lescente,
286 4455 437 4524 totumque
458 4450 546 4524 patris
558 4450 697 4506 honorem
713 4450 900 4521 nanciscente,
917 4441 992 4515 del)
1004 4448 1063 4505 rico
1078 4447 1267 4521 refrigerandi
1279 4447 1445 4521 benigniter
1456 4448 1580 4522 suscepti
1593 4452 1671 4506 sunt.
1684 4450 1732 4507 iiis
1746 4453 1817 4509 tem-

136 4546 265 4605 Neustria
285 4546 417 4619 expulsus
438 4550 491 4601 est.
518 4546 658 4601 lieversus
680 4549 777 4600 autem
802 4544 837 4600 ad
859 4545 952 4601 natale
1002 4541 1119 4615 poribus
1132 4542 1304 4598 venerabilis
1319 4542 1487 4614 Gundnltus,
1506 4542 1641 4601 liniensis
1658 4544 1817 4621 episcopus,

136 4642 242 4713 solum,
266 4640 415 4698 Guilielmo
439 4638 520 4695 iratri
546 4654 607 4710 suo,
630 4638 732 4712 majori
759 4655 800 4710 se,
822 4637 952 4694 insidiari
1002 4636 1153 4695 deiunctae
1175 4641 1226 4707 est,
1242 4636 1322 4709 cujus
1342 4635 1371 4691 in
1393 4636 1456 4693 loco
1475 4636 1614 4695 liedullus
1626 4637 1717 4696 abbas
1729 4640 1818 4697 eccle·

135 4823 218 4874 nium.
243 4822 315 4873 Venit
336 4822 429 4887 itaque
448 4819 646 4884 ltotllcmoqum,
670 4824 694 4870 et
715 4823 806 4884 posteo
826 4818 953 4870 lexovios
1002 4825 1050 4871 ret.

134 4894 164 4944 in
185 4892 301 4945 Sobboto
321 4892 423 4957 jejunii
448 4891 540 4942 decimi
563 4891 669 4941 mensis.
690 4891 867 4949 lacessitae,
891 4890 952 4940 dum
1288 4881 1361 4933 Deru
1374 4881 1525 4946 Βουοοιτ,
1539 4882 1589 4935 111).
1603 4884 1759 4950 πωλῶ.

135 4965 329 5031 colloqueretur
344 4966 400 5031 ipse
415 4970 439 5015 el
453 4977 536 5015 comm
557 4963 708 5015 Glocestrs'e
726 4962 865 5021 accersas,
885 4965 953 5014 censi
1033 4973 1081 5035 (47)
1106 4972 1168 5024 1100
1192 4973 1222 5023 in
1243 4970 1463 5023 administrando
1484 4971 1677 5026 Glutoniensl
1702 4974 1819 5029 minsis

135 5036 246 5087 nuntius
269 5036 301 5087 de
324 5035 433 5101 lnqlio,
454 5034 544 5086 dicens
563 5032 725 5099 Steplscnum
744 5032 854 5097 srulrem
875 5047 953 5084 suarm
1002 5045 1104 5095 meruli
1125 5044 1247 5108 elogium
1264 5044 1418 5105 uentique,
1438 5042 1514 5109 quod
1533 5043 1637 5111 legitur
1657 5046 1686 5097 ι’.
1706 5048 1817 5100 um,

131 5110 191 5171 jum
206 5121 260 5159 esse
272 5121 366 5171 repom.
381 5107 429 5158 ilis
443 5106 552 5165 auditis,
569 5119 652 5157 comes
667 5104 814 5156 Gloceslrise
832 5102 954 5154 liebertus
1001 5114 1115 5180 pugile„
1132 5118 1152 5166 t.
1174 5116 1195 5176 1,
1214 5129 1240 5181 p.
1261 5114 1456 5169 ¹8:110nrs'eus
1476 5114 1563 5179 irater
1581 5115 1725 5169 theobaldi
1743 5116 1820 5169 consi·

135 5177 232 5239 (iroler
244 5178 388 5238 flothildis)
399 5177 514 5229 reddidit
530 5182 645 5228 oestrum
663 5176 773 5228 eaesis
790 5174 862 5239 quod
875 5173 952 5225 lobe-
1002 5186 1035 5237 u,
1058 5185 1197 5246 nime„
1214 5200 1295 5251 pipo,
1312 5186 1422 5238 umeros·
1443 5186 1524 5251 repis,
1543 5188 1690 5241 mmm
1707 5188 1819 5241 czasla-

135 5248 185 5299 lat.
200 5247 305 5299 iisdem
317 5252 409 5300 narrat
424 5248 459 5299 ad
472 5261 516 5298 an.
532 5248 595 5300 1136
612 5247 761 5299 Mattheus
778 5246 953 5307 parisiensis,
1002 5258 1096 5316 cmi„
1113 5270 1186 5309 anm
1199 5258 1307 5309 pompm
1325 5256 1397 5309 qm,
1411 5258 1603 5319 (amioum
1614 5258 1723 5327 ms...]
1738 5260 1820 5313 m.

135 5318 268 5384 additque
281 5318 316 5371 ad
333 5332 439 5370 annum
449 5321 632 5384 sequentem:
651 5316 795 5369 llsscluldo
808 5316 953 5380 [ratrisuo
1002 5328 1057 5389 ηρ)
1074 5328 1118 5378 „p
1140 5341 1217 5393 qm
1240 5326 1381 5383 annnam
1403 5328 1560 5381 prumam
1575 5330 1678 5395 mua
1698 5330 1819 5383 pamm.

135 5390 224 5442 comiti
236 5390 351 5442 blesensi
365 5390 537 5455 conquerenti
549 5389 621 5454 quod
637 5387 954 5455 irsjustelnplionsinoo·
1002 5399 1054 5454 vu,
1082 5409 1238 5462 morumque
1265 5398 1388 5451 loumlus
1413 5400 1535 5464 opprime
1561 5399 1706 5455 umecta
1737 5402 1819 5467 Heius

135 5466 218 5520 urat,
241 5474 300 5512 cum
321 5466 384 5512 esset
405 5466 481 5511 elota
499 5462 598 5521 minor,
618 5461 670 5511 duo
690 5459 777 5511 millio
799 5470 954 5509 tnesaurum
1001 5468 1133 5521 anappum
1151 5472 1227 5521 mm
1248 5470 1425 5523 summm
1444 5470 1559 5522 muni.
1576 5474 1701 5537 prmum
1719 5472 1818 5525 mun.

135 5530 304 5597 (supensus)
316 5533 417 5597 pepigit
431 5533 573 5583 annuatim
588 5547 597 5582 .·
612 5538 637 5582 et
654 5532 691 5582 sic
709 5531 808 5596 [ratres
824 5530 954 5595 pacificati
1002 5544 1098 5602 Mra,
1121 5541 1192 5607 quoa
1211 5542 1269 5605 eju,
1293 5540 1390 5593 eptam
1408 5542 1539 5593 meren
1555 5542 1652 5595 mm
1671 5543 1769 5613 „eppei
1789 5546 1819 5595 ι’,

133 5600 169 5655 ut
189 5604 300 5655 micent
323 5608 494 5655 recesserunt.
516 5604 621 5653 annuns
641 5616 704 5667 erqo
723 5601 805 5666 ierne
821 5604 954 5666 inteqrusn
1002 5611 1110 5673 mnia,
1124 5616 1177 5665 010,

133 5674 317 5733 Nurmosns'o,
339 5672 393 5724 sies
413 5672 586 5725 Norsnonnis
602 5678 680 5737 ports
698 5675 796 5739 potitus
818 5678 856 5725 est
877 5674 954 5727 illeo-
1285 5676 1358 5727 Dum
1371 5674 1521 5741 Βουουιτ,
1532 5676 1582 5730 llb.
1600 5690 1643 5743 τις
1656 5692 1686 5745 p.
1699 5678 1756 5733 Μ.

132 5746 240 5810 baldus,
258 5750 404 5813 antequam
421 5743 505 5811 irotri
522 5757 570 5799 suo
591 5756 650 5795 eam
661 5756 694 5795 sc
710 5749 843 5811 conspecto
857 5745 955 5799 redde-
1035 5746 1087 5811 (te)
1100 5744 1131 5797 td
1144 5748 1187 5799 est
1199 5744 1269 5798 llus.
