3750 6046
97 186 129 242 ιι
848 176 1035 244 ruerunt).
1241 173 1245 180 ’
1713 163 1716 167 ’
1747 192 1781 256 ιι

97 338 108 353 ιι
128 317 189 376 tua,
204 310 280 364 inter
299 313 412 365 exteros
433 324 548 365 ornnem
568 309 823 366 mansuetudinem
845 316 874 366 ct
891 310 1117 366 familiaritatem
1138 313 1241 382 reperi.
1261 318 1281 369 h
1303 311 1459 371 venerabili
1477 313 1609 385 Mainerio
1630 320 1732 378 abbata
1746 324 1777 378 in

94 426 106 445 ιι
130 399 311 454 monasterio
333 397 468 468 Uticensi,
488 414 515 453 ιι
536 397 628 453 atatis
651 415 721 453 mace
744 415 831 465 auno,
856 398 893 454 ad
917 400 1119 455 monachatum
1142 407 1289 472 susceptus
1313 421 1386 469 snus,
1412 405 1620 479 undecimoque
1644 409 1779 466 Kalendas

93 514 105 534 ιι
127 487 263 543 Octobris
276 489 424 544 Uomiuico
444 488 569 544 clericali
583 489 641 544 ritu
661 493 825 545 tonsoratus
844 506 917 545 serm.
934 490 1042 546 Nourcn
1063 506 1177 562 qtroqne
1196 494 1305 556 Vitatis,
1322 510 1373 564 pro
1392 494 1508 566 anglico
1527 498 1681 569 vocamine,
1701 501 1778 571 qnod

93 602 105 621 ιι
127 578 303 633 Normannis
317 578 460 633 absonum
475 578 654 648 censebatur,
671 578 740 634 mihi
754 579 923 650 impositum
935 586 994 646 est;
1011 580 1089 651 qrrod
1102 580 1137 635 ab
1153 596 1210 636 uno
1223 581 1361 637 sodalium
1377 583 1471 639 Sancti
1490 585 1616 640 linuricii
1634 589 1775 661 rusrrtyris,

93 692 105 709 ··
127 669 213 738 errius
228 672 297 723 trrnc
311 669 483 739 martyrium
495 669 701 737 celebrabatur,
717 672 880 725 mutuatum
893 675 944 725 est.

130 782 142 801 ι
166 758 198 811 ln
212 758 334 829 praefato
352 757 482 814 coenobio
497 774 542 814 err
554 759 647 826 anuis,
661 765 689 814 tc
704 759 828 828 favente,
842 768 1022 816 conversatus
1036 778 1109 829 sum,
1126 768 1154 815 et
1174 780 1190 815 a
1205 763 1313 817 cunctis
1331 763 1466 819 fratribus
1480 772 1508 821 et
1527 765 1776 822 contubernalibus

92 871 105 891 ιι
125 848 222 902 nrrrlto
237 848 301 918 plm
316 863 403 918 qnam
418 848 508 903 marui
522 854 634 903 amatrrs
647 859 676 903 et
688 848 844 903 honoratus
859 864 934 905 sum.
948 851 1040 906 hiatus
1053 854 1081 905 at
1094 850 1212 922 frigora,
1228 851 1396 924 pondusque
1410 854 1466 908 diei
1481 871 1631 926 parnassus
1643 858 1671 909 in
1691 856 1775 910 vinea

91 964 103 977 ··
126 936 241 991 Sorech
265 937 340 992 inter
362 941 427 992 trros
444 937 577 1003 laboravi,
596 942 625 992 et
644 937 807 1008 denarium,
829 954 914 1009 quem
935 939 1075 1011 pollicitus
1094 956 1133 1008 os,
1154 957 1269 996 secturus
1286 943 1354 1013 quia
1372 942 1464 997 fidelis
1482 961 1512 998 as
1531 946 1701 1015 exspectari.
1722 946 1776 999 Sex

89 1048 104 1075 ι
126 1025 259 1091 abbates,
271 1027 338 1098 quia
353 1027 393 1081 tui
413 1028 530 1081 inerunt
547 1027 656 1094 vicarii,
671 1032 699 1081 ut
717 1032 813 1100 patres
833 1032 863 1082 st
874 1027 1024 1099 magistros
1043 1029 1178 1084 reveritus
1193 1047 1267 1097 sum,
1280 1031 1449 1087 hlainerium
1463 1035 1491 1088 et
1509 1033 1668 1097 Serlonam,
1685 1035 1773 1105 lioga-

89 1139 102 1160 ιι
127 1116 207 1169 rium
220 1119 251 1169 et
263 1116 432 1185 Grrarinum,
450 1115 622 1171 lticbardum
643 1121 672 1171 et
688 1117 851 1172 ltanulfurn.
867 1117 917 1171 lsti
936 1133 1039 1188 nempe
1059 1118 1183 1173 Uticensi
1199 1121 1354 1174 conventui
1373 1120 1502 1192 legitime
1517 1122 1707 1192 praefuerunt3
1722 1139 1775 1193 pro

90 1227 103 1249 ιι
128 1209 227 1258 meet
248 1221 300 1276 pro
322 1204 384 1259 aliis
407 1214 544 1277 tanquam
570 1205 709 1261 rationem
732 1205 872 1261 reddituri
892 1205 1090 1278 vigilaverunt,
1112 1207 1189 1263 intus
1212 1209 1386 1263 eleuterius
1407 1208 1552 1264 solertiam
1573 1209 1773 1278 adhibuerunt,

91 1316 105 1341 ιι
127 1293 274 1366 nobisque
287 1295 456 1363 necessaria,
472 1300 500 1350 te
513 1294 666 1351 comitante
679 1301 708 1351 et
716 1295 845 1366 juvante,
859 1302 1092 1366 procuraverunt.

127 1406 143 1430 ιι
167 1382 235 1438 ldus
250 1383 342 1439 Hartii
361 1400 427 1439 oum
445 1400 489 1439 ιιι
508 1400 599 1440 essem
617 1401 769 1452 annorum,
781 1385 864 1456 jussu
879 1384 1004 1441 Serlonis
1018 1386 1111 1453 electi,
1126 1387 1296 1443 Gislebertns
1310 1388 1491 1444 lexoviensis
1509 1391 1613 1460 praesul
1632 1388 1775 1446 ordinarit

91 1494 105 1525 ι
128 1488 180 1527 ma
193 1472 416 1529 subdiaconum.
433 1473 539 1530 Deinde
554 1478 619 1546 post
632 1474 784 1531 biennium
798 1491 835 1531 vu
851 1475 994 1532 Kalendas
1006 1476 1120 1547 Aprilis,
1136 1477 1215 1532 Serio
1230 1477 1502 1548 Sagiensisantistes
1518 1477 1587 1533 mibi
1603 1478 1703 1534 stolam
1718 1480 1772 1535 im·

92 1588 106 1609 u
129 1564 228 1635 posuit
240 1564 365 1619 diaconi.
381 1566 412 1620 ln
426 1580 483 1637 quo
498 1564 587 1635 gradu
601 1581 637 1619 xv
655 1565 737 1620 annis
749 1564 802 1621 tibi
820 1565 942 1621 libenter
955 1566 1123 1621 ministrari.
1138 1566 1243 1622 Deinde
1258 1583 1343 1622 xxxin
1360 1568 1451 1622 aetatis
1470 1583 1542 1622 mere
1559 1583 1644 1637 anno,
1659 1568 1773 1623 Guillel·

96 1678 111 1700 «
132 1671 198 1708 mus
210 1654 440 1726 archiepiscopus
453 1654 627 1726 Rothomagi
645 1672 683 1710 ιιι
702 1655 840 1711 Kalendas
857 1656 982 1710 tannarii
1002 1658 1132 1710 oneravit
1150 1674 1196 1711 nra
1214 1656 1383 1712 sacerdotio.
1405 1656 1509 1712 Eodem
1529 1673 1593 1712 vero
1613 1656 1658 1712 die
1680 1672 1773 1713 ccxciv

96 1768 109 1787 ι·
131 1745 266 1798 dincouos
281 1750 309 1799 rt
323 1762 375 1801 cxx
388 1746 563 1801 consecravit
575 1746 745 1815 sacerdotes,
760 1762 825 1802 cum
839 1746 942 1818 quibua
959 1747 994 1801 ad
1014 1751 1141 1802 ssuctnrn
1161 1749 1248 1802 altare
1270 1752 1351 1802 tuum
1369 1748 1397 1801 iu
1417 1747 1522 1818 Spiritu
1541 1751 1637 1802 sancto
1658 1747 1773 1802 devotus

92 1862 105 1881 ιι
127 1834 254 1903 accessi3
265 1835 386 1907 jamque
401 1851 481 1891 xxxiv
495 1835 578 1890 aunis
593 1851 658 1890 curn
674 1835 819 1891 alacritate
835 1836 939 1891 mentis
952 1835 1002 1891 tibi
1018 1853 1097 1891 saera
1109 1838 1266 1892 ministeria
1280 1836 1403 1892 fideliter
1418 1836 1549 1907 persolvi.
1564 1857 1577 1887 ι

915 2020 961 2076 lli.

130 2174 160 2226 ln
178 2171 234 2226 boc
250 2172 374 2227 Uticensi
387 2172 481 2228 Sancti
497 2173 603 2228 Ebrulft
622 2173 799 2229 monasterio
817 2173 973 2241 ordericus,
988 2176 1130 2246 praecepto
1148 2173 1263 2246 flogcrii
1278 2173 1387 2229 abbatis
1401 2174 1444 2228 sni
1456 2178 1484 2229 et
1500 2181 1600 2246 rogatu
1620 2176 1772 2245 sociomm,
1821 2172 1827 2185 '
1857 2224 1861 2231 .

94 2263 256 2317 annualem
271 2262 424 2317 ilistoriam
440 2262 608 2334 simpliciter
620 2263 738 2320 recitare
752 2262 887 2319 decrevit.

132 2353 181 2406 Est
191 2357 289 2406 autem
304 2368 375 2423 opus
389 2351 517 2406 ilistoriae
533 2351 728 2408 ecclesiasticae
742 2353 800 2407 sire
817 2355 944 2410 Uticensis
955 2353 1075 2409 historia
1088 2354 1273 2424 tripartitum,
1288 2354 1409 2410 divisum
1432 2356 1460 2410 in
1474 2356 1559 2411 libros
1578 2372 1637 2422 ιιιι,
1652 2373 1773 2428 quorum

101 2441 186 2511 primi
206 2441 262 2496 duo
275 2440 470 2512 (sequentibus
482 2441 624 2512 posterius
636 2441 736 2512 additi)
749 2449 861 2511 partem
875 2441 1000 2515 primam
1015 2443 1202 2510 constituunt,
1217 2449 1245 2498 et
1259 2459 1303 2497 res
1319 2443 1460 2499 aChristo
1475 2450 1541 2499 nato
1561 2447 1715 2501 summarie
1728 2447 1776 2501 de·
1835 2500 1843 2507 ,

99 2531 228 2585 scribunt
244 2546 334 2602 nsque
349 2531 384 2585 ad
399 2545 507 2585 annum
522 2532 600 2586 tlte.

132 2622 202 2674 Pars
221 2620 391 2687 secunda,a
412 2619 484 2675 libro
506 2621 592 2675 tertio
614 2621 649 2676 ud
670 2624 784 2676 sextum
807 2639 908 2694 usque,
929 2623 1107 2695 persequitur
1124 2622 1224 2677 bellica
1245 2623 1475 2678 Normauuorum
1494 2627 1573 2695 gesta
1594 2624 1622 2677 in
1646 2625 1774 2692 Francia,

98 2710 212 2780 ¹tnglia,
228 2709 345 2779 Apulia;
368 2710 608 2765 monasteriorum
629 2710 824 2778 fundationes,
844 2713 1044 2784 episcoporum
1065 2719 1094 2767 et
1114 2712 1247 2768 abbatum
1267 2711 1354 2767 totius
1373 2728 1444 2782 pene
1466 2713 1602 2768 Naustriae
1622 2713 1723 2768 scriem
1742 2729 1776 2769 ac

97 2814 143 2852 res
157 2803 264 2869 gestas,
278 2799 424 2871 multaque
444 2801 500 2855 alia
519 2803 620 2856 notatu
641 2800 741 2871 digna,
756 2803 900 2874 precipue
917 2801 970 2857 sub
989 2802 1141 2858 Guillelmo
1163 2803 1183 2858 ll
1206 2802 1289 2870 dirce,
1309 2801 1482 2872 cognomine
1502 2802 1603 2870 Natho,
1618 2801 1777 2858 luculenter

97 2900 291 2965 exponuntur.

134 2985 218 3039 Parta
234 2984 319 3039 tertia
331 2984 465 3056 deniqne,
478 2985 536 3039 sire
550 2984 621 3039 libro
632 2985 755 3056 septimo
767 2985 802 3040 ad
818 2985 949 3040 ultimum
964 2987 1080 3041 tertium
1093 2985 1236 3040 decimum
1249 3000 1352 3057 usqne,
1364 2985 1446 3056 ptura
1460 2984 1624 3039 referuntur
1636 2983 1671 3039 de
1685 2988 1778 3039 morte

98 3074 238 3129 duillelmi
253 3074 455 3145 conquestoris
467 3090 542 3129 auno
564 3075 808 3146 transitusque
829 3074 890 3144 ejus
902 3072 968 3128 tlliis
981 3074 1114 3142 lieberto,
1130 3072 1280 3130 Guillelmo
1293 3080 1321 3128 et
1335 3074 1465 3137 heririco,
1481 3072 1582 3140 itinera
1596 3072 1664 3126 item
1679 3071 1776 3128 lliero·

99 3164 269 3235 solymitono
281 3178 357 3218 anno
374 3165 440 3218 1097
456 3167 485 3218 et
499 3163 583 3218 variis
595 3164 658 3218 aliis
671 3166 787 3219 illorum
804 3171 968 3234 temporum
982 3165 1140 3219 arentibus.

135 3255 173 3308 Ue
189 3252 324 3309 Urdarico
338 3255 436 3308 nostro
450 3254 590 3308 Antonius
605 3252 684 3325 Pagi,
702 3255 736 3308 ad
757 3269 863 3308 annum
886 3254 964 3321 tttt,
979 3255 1083 3309 Annei.
1099 3255 1243 3309 ecclcnust.
1259 3261 1291 3307 ιιο
1305 3257 1331 3321 7,
1349 3251 1386 3305 sic
1400 3251 1529 3305 discurrit
1546 3268 1552 3304 :
1572 3273 1585 3299 ιι
1601 3252 1636 3304 ils
1652 3249 1779 3307 Urdarici

103 3368 114 3387 ιι
136 3344 256 3397 Historia
272 3344 361 3398 multa
373 3343 408 3396 ad
423 3342 598 3414 supplendos
610 3342 729 3398 annales
743 3342 947 3397 ecclesiasticos
963 3342 1084 3397 mutuati
1106 3358 1221 3403 sumus:
1241 3357 1307 3396 nam
1331 3341 1395 3395 licet
1412 3339 1457 3395 hic
1471 3344 1571 3394 auctor
1591 3356 1646 3394 nou
1668 3355 1731 3394 raro
1748 3338 1778 3395 iu

103 3458 113 3482 ι
135 3433 349 3504 chronologiam
362 3435 468 3503 peccat,
485 3433 575 3487 multa
590 3436 687 3488 minen
702 3433 772 3487 scitu
790 3431 956 3503 dignissima
969 3433 996 3486 iu
1013 3431 1137 3487 medium
1155 3433 1260 3504 profmt
1275 3437 1302 3485 at
1317 3432 1427 3484 sincere
1441 3434 1548 3484 narrat.
1562 3429 1699 3485 Existimo
1712 3444 1778 3484 euna

103 3548 114 3565 ιι
135 3526 201 3576 urite
213 3527 336 3576 mortem
351 3538 423 3592 opus
437 3538 519 3576 srrrrm
536 3523 680 3586 revisissc3
698 3522 801 3577 lituum
816 3522 893 3576 euim
908 3521 1030 3593 primum
1048 3522 1160 3589 liniens,
1176 3523 1215 3575 ait
1230 3529 1296 3574 turm
1311 3520 1475 3575 lotharium
1490 3519 1631 3574 dominari
1643 3518 1778 3572 Aleman-

105 3637 116 3658 ιι
136 3615 191 3681 uis,
208 3611 382 3666 ludovicum
407 3611 530 3678 Francis,
553 3612 728 3682 Stephanum
749 3613 847 3682 singlis
865 3615 893 3666 et
911 3611 1091 3667 flarrirnirum
1114 3611 1286 3665 rucrrrachunr
1308 3609 1447 3681 llispauis,
1469 3616 1494 3662 rt
1515 3613 1608 3662 tuanen
1633 3606 1781 3661 lotharius

108 3726 118 3746 ι
139 3686 294 3772 imperator
306 3717 382 3755 anno
396 3703 464 3755 ltt‘l
479 3700 558 3769 obiit,
575 3701 824 3773 eodemqueanno
840 3700 1001 3757 liauimirus
1017 3715 1138 3770 reguum
1153 3702 1304 3769 aragoniae
1319 3699 1434 3764 dimisit,
1453 3703 1480 3751 et
1496 3698 1523 3750 iu
1537 3712 1619 3750 ¹«ruruu
1636 3698 1777 3748 munaste-

109 3814 119 3837 ι
140 3790 209 3844 rium
225 3805 354 3844 resersus
369 3796 421 3845 est.
439 3791 580 3845 Praeterea
594 3789 698 3846 librum
716 3807 798 3845 snum
815 3808 859 3845 xru
874 3792 901 3845 iu
916 3789 1054 3862 Stephani
1070 3789 1145 3858 regis
1158 3789 1322 3859 captivitate
1338 3786 1468 3842 obsolvit.
1485 3808 1498 3835 u
