3750 6046
161 172 232 229 rios
702 160 847 221 nussim
868 152 1165 227 rrarsmsaesusrs
1183 160 1286 219 serso.
1775 176 1839 237 rot

159 299 244 371 liquit
261 294 380 355 eximias
402 314 408 352 ε
433 295 490 360 ille,
512 293 640 365 inquam,
662 291 798 363 Didymus
823 287 973 344 acciturum
983 286 1060 367 Alis
1081 287 1139 341 suis
1160 288 1360 359 inseruerunt3
1380 312 1454 367 quos
1468 296 1572 355 ideireo
1589 299 1731 363 [ibicum
1752 305 1836 379 serip-

162 393 279 465 qnidsm
307 392 437 463 passione
455 390 516 445 risu
534 388 669 460 privatos,
689 385 738 441 sed
760 385 834 439 intus
845 381 972 453 perfecte
1024 380 1058 434 tis
1090 383 1147 437 sois
1173 401 1231 440 non
1251 402 1390 458 propono,
1408 390 1474 462 qaia
1500 392 1711 466 sortasseapud
1735 401 1838 457 aracos

159 486 346 552 illuminatus,
363 486 392 540 in
407 485 525 539 librolle
536 482 642 555 Spiritu
654 482 766 543 Sarrcto,
778 493 864 548 quem
878 477 974 529 rroster
1024 491 1081 529 riou
1095 480 1163 531 suut
1177 482 1263 533 tantas
1284 484 1460 539 auctoritatis
1481 486 1526 541 bis
1551 490 1731 560 temporibus
1752 494 1837 551 latini

162 580 461 651 inei-onymiiissraeea
482 582 511 631 ot
534 576 633 633 Latina
659 578 688 627 et
715 570 849 629 Hebraico
875 569 975 637 lingna
1024 569 1161 637 doctores
1190 572 1262 627 siem.
1287 580 1389 645 essent,
1415 578 1437 633 si
1462 581 1548 635 Greci
1576 587 1682 637 crearit.
1709 585 1836 649 Quodid

160 673 289 729 eruditu,
328 673 483 727 imminui,
519 670 657 743 spiritum
689 670 818 723 sarlatum
854 680 869 715 a
905 661 974 719 Filio
1024 658 1117 731 ipsum
1134 662 1158 715 si
1172 660 1210 717 ita
1233 666 1285 731 est,
1315 682 1491 739 nequaquam
1519 669 1663 729 laudabile
1687 680 1743 741 est,
1765 676 1835 735 satra

159 784 276 840 qnoque
290 767 444 838 procedere
459 768 592 836 potenter
603 762 727 818 ostendit
741 761 838 815 dicens
854 775 861 812 :
878 780 891 807 a
911 756 973 827 Spi·
1024 770 1093 824 paee
1111 754 1185 809 interr
1198 773 1248 811 rios
1273 762 1301 813 et
1314 777 1360 815 ros
1374 760 1481 817 dictum
1505 768 1550 829 est
1561 781 1568 818 :
1584 767 1646 823 Non
1665 770 1736 823 assim
1749 786 1833 840 persa

161 862 233 917 ritus
248 864 362 917 sanetus
375 861 423 931 iqui
444 867 485 913 est
500 859 622 930 Spiritus
643 855 777 921 veritatis,
798 852 974 923 apii-itusque
1025 864 1123 904 llssl'llm
1141 857 1262 921 “millio''
1281 859 1319 908 fs!
1345 857 1415 911 ΒΜ
1442 857 1571 927 (Mi-1¹2
1598 862 1644 921 34]
1670 864 1835 933 ebsPl'fl'Wt

162 956 309 1027 sapientiis
333 972 390 1009 non
419 958 513 1025 potest
537 952 637 1007 audire
663 950 729 1005 l'ilio
750 950 887 1018 loquente
912 960 975 1015 quaa
1024 944 1482 1021 abicaltsps'rotijdorra.,nr,8).»

161 1050 264 1117 nescit,
278 1065 343 1103 arria
358 1049 412 1103 hoe
427 1047 565 1118 ipsumsit
579 1045 654 1116 quod
670 1043 840 1114 prolcrturu
854 1040 933 1101 l'ilio,
946 1038 975 1093 id
1061 1038 1431 1113 Neclritesarchiepiscopus
1442 1045 1698 1103 nicomediensis
1711 1068 1719 1105 ε
1736 1052 1834 1115 «Quod

161 1148 205 1199 esi
218 1143 372 1215 proci-dous
395 1145 467 1199 Deris
480 1142 515 1197 da
530 1143 598 1207 ilco,
627 1137 748 1209 Spiritus
762 1134 886 1190 raritatis
910 1149 973 1203 pro·
1025 1136 1135 1186 nostros
1148 1133 1278 1189 doctores
1291 1136 1470 1193 introducere
1492 1141 1615 1209 volanti,
1631 1143 1726 1214 placet
1746 1145 1833 1211 aiibi;

161 1238 267 1293 cedens
288 1237 448 1304 averitate,
466 1236 629 1291 constitutor
645 1248 763 1287 riranens
786 1230 820 1283 du
847 1227 973 1283 corisoia-
1026 1226 1074 1281 sed
1092 1244 1188 1298 quaero
1203 1230 1225 1283 si
1249 1232 1281 1283 lo
1305 1232 1503 1289 auctoritatem
1520 1234 1634 1291 illorum
1650 1254 1725 1309 quos
1748 1241 1833 1297 uomi-

161 1331 248 1387 iione.
271 1352 285 1381 o
311 1332 374 1385 Hire
400 1332 439 1385 ita
466 1331 612 1401 Didymus.
639 1327 707 1391 Oua
731 1324 846 1395 quidem
871 1322 976 1376 veritas
1025 1321 1109 1389 uasti,
1137 1327 1166 1377 et
1190 1324 1307 1379 aliorum
1334 1330 1495 1385 nostrorum
1523 1329 1683 1399 doctorum,
1711 1348 1779 1389 cum
1800 1336 1833 1391 sis

161 1442 225 1497 quae.
239 1426 285 1485 sit.
307 1442 324 1479 a
345 1442 399 1496 qua
412 1424 478 1495 ipsc
506 1422 635 1494 procedit
661 1419 821 1491 symbulum
842 1415 976 1487 Ephesini
1026 1415 1149 1485 Latinus,
1163 1418 1293 1490 recipias,
1306 1442 1319 1469 u

161 1518 272 1575 aoncilii
286 1519 474 1574 ducentorum
488 1518 697 1588 episcoporum,
709 1512 783 1584 quod
797 1511 884 1565 etiam
898 1511 976 1565 Grae·
1060 1511 1213 1567 buselnrus
1226 1513 1457 1586 llavclbergsnsis
1473 1518 1621 1590 episeopus
1638 1520 1713 1577 dixit
1727 1539 1734 1576 :
1751 1546 1766 1573 o
1781 1524 1836 1595 ligo

161 1628 259 1669 corum
284 1613 368 1668 luisse
388 1616 510 1677 coristat,
530 1610 682 1665 manifeste
703 1606 746 1660 bis
768 1604 859 1661 rer-bis
879 1603 973 1657 detor·
1025 1605 1094 1659 nrrlti
1128 1606 1367 1677 Christianorum,
1403 1610 1510 1675 eroco.
1548 1613 1624 1668 sire·
1644 1616 1755 1679 Latino,
1790 1632 1836 1675 sen

159 1708 251 1764 minat
276 1725 283 1762 τ
306 1707 441 1771 Quamvis
468 1706 497 1761 in
535 1702 691 1759 substantia
718 1717 769 1755 sna
792 1698 827 1753 sit
852 1664 1175 1769 Spirituschjuslibet
1205 1704 1298 1772 gentis
1318 1703 1396 1759 fideli
1421 1705 1589 1773 Christiano,
1615 1709 1728 1765 douram
1753 1712 1836 1767 saneti

160 1801 236 1869 biiii,
261 1805 290 1857 et
312 1800 488 1871 intelligatur
510 1798 538 1853 in
564 1812 686 1868 persona
703 1794 870 1865 proprietas,
891 1792 975 1863 juxta
1023 1792 1143 1863 Spiritus
1179 1794 1348 1865 intercludo,
1384 1800 1494 1855 nrrtlum
1525 1806 1692 1869 eoritemno,
1729 1805 1834 1861 trullum

159 1896 236 1967 quod
255 1894 377 1965 Spiritus
401 1899 454 1960 est,
475 1896 503 1947 et
520 1908 577 1947 non
604 1889 698 1956 Filios,
725 1905 782 1941 nori
808 1893 850 1942 est
874 1892 974 1943 tamen
1022 1886 1133 1957 abjicio,
1150 1889 1523 1963 nccabjiciendumjudico;
1539 1895 1588 1951 sed
1602 1912 1725 1953 omnem
1747 1898 1838 1955 bomi-

160 1990 271 2047 uliemrs
283 1988 318 2043 ab
331 1988 393 2059 ipsu
408 2005 415 2054 ;
429 2004 496 2042 nam
524 1985 646 2057 Spiritus
667 1983 825 2055 appellator
847 1980 973 2035 veritatis
1023 1996 1088 2037 nem
1110 1987 1187 2037 recta
1199 1984 1374 2054 loquentem,
1389 1991 1418 2041 et
1438 2002 1472 2043 eu
1487 2004 1552 2059 quae
1578 1993 1680 2047 eontra
1704 1992 1834 2063 apostoli·

158 2089 187 2139 et
204 2083 306 2137 raritas
330 2082 458 2137 Christus
479 2086 532 2145 est,
554 2080 628 2133 irride
652 2080 682 2133 et
701 2077 736 2131 ab
760 2076 815 2131 isto
841 2075 972 2129 similitor
1021 2090 1085 2129 eam
1100 2074 1260 2133 doctrinam
1271 2095 1328 2133 non
1341 2084 1418 2148 sunt,
1431 2081 1618 2151 scribentem,
1634 2083 1725 2145 libers
1742 2092 1835 2143 ments

157 2176 228 2233 sieut
242 2180 271 2231 et
282 2184 321 2231 ex
335 2178 389 2231 llco
402 2178 484 2231 Patre
498 2172 637 2244 procedit.
652 2192 666 2223 n
684 2173 755 2227 item
775 2169 895 2241 Cyrillns
909 2168 969 2239 epi·
1021 2169 1142 2240 suscipio
1157 2172 1363 2242 stanrpleetor.
1380 2193 1394 2224 s

156 2287 256 2342 scepsis
280 2268 536 2325 Alexandrinorum
565 2268 593 2321 in
623 2264 740 2336 epistola
768 2280 815 2319 rin
843 2262 970 2317 Nestoris
1055 2263 1185 2319 Neelritos
1207 2266 1436 2339 archiepiscopus
1454 2269 1628 2327 Nicomediae
1645 2271 1742 2329 dixit:
1768 2274 1835 2329 ati·

155 2361 519 2435 directaqncesicinoipit.
546 2382 560 2409 a
586 2358 831 2415 Reverendissimo
858 2361 887 2411 et
912 2357 968 2411 ilco
1020 2357 1174 2413 deormitri
1191 2358 1493 2417 invenissehominem
1513 2363 1644 2419 latinum
1660 2368 1835 2425 verscatbo·

155 2458 350 2522 amantissmo,
366 2462 417 2512 ete.
435 2456 462 2511 si
486 2458 540 2519 cst,
557 2453 660 2525 inquit,
677 2454 706 2507 in
726 2451 885 2509 substantia
910 2450 966 2520 spi-
1019 2450 1126 2516 lieum;
1144 2452 1256 2509 catinam
1270 2455 1342 2509 talos
1356 2456 1446 2511 latini
1460 2457 1520 2513 istis
1532 2460 1715 2530 temporibus
1729 2462 1767 2517 ad
1787 2480 1834 2519 nos

155 2552 225 2609 ritus
239 2550 442 2623 spiritualium
459 2553 536 2605 certe
558 2547 726 2618 intelligitur
740 2562 792 2617 per
813 2562 843 2601 se
871 2562 968 2599 seeon-
1019 2546 1162 2601 renirent!
1188 2548 1257 2603 Nam
1287 2548 1310 2603 si
1336 2550 1426 2621 aliqui
1460 2552 1593 2617 veniunt,
1626 2555 1784 2611 ambulant
1807 2559 1840 2615 iu-

155 2645 223 2700 drrm
238 2645 311 2715 quod
325 2644 446 2714 Spiritus
470 2645 523 2705 est,
543 2645 572 2695 et
585 2658 643 2696 non
668 2640 765 2706 Filius,
793 2639 841 2693 sed
868 2642 965 2693 tamen
1018 2640 1130 2711 maguis
1144 2646 1172 2695 et
1192 2642 1221 2697 in
1241 2643 1417 2698 mirabilibus
1431 2662 1516 2717 super
1533 2664 1573 2709 so,
1596 2655 1627 2703 et
1648 2666 1831 2722 nequaquam

155 2742 275 2795 estnon
298 2737 409 2793 alienus
427 2736 471 2795 ,rili
499 2752 532 2789 eo
559 2752 566 2789 ι
595 2734 714 2804 Spiritus
739 2733 816 2787 enim
840 2731 967 2787 veritatis
1018 2733 1238 2801 talia,ncctam
1260 2737 1467 2805 catholicatus
1489 2745 1547 2795 tam
1571 2742 1769 2812 transilisse-d
1788 2762 1833 2801 su-

153 2832 328 2895 nominatur,
344 2834 373 2885 et
385 2830 497 2902 protloit
513 2828 549 2883 ab
563 2846 598 2883 eo
617 2828 687 2883 sicut
701 2826 823 2897 denique
847 2842 880 2881 en
907 2827 966 2881 ileu
1017 2826 1105 2896 perba
1139 2832 1168 2882 et
1195 2830 1389 2886 intolerabilia
1413 2833 1493 2889 nobis
1517 2836 1687 2907 loquuntur.
1712 2839 1840 2895 Proinde.

153 2928 244 2981 Patre.
259 2950 273 2975 u
290 2926 488 2981 lterntoannes
498 2924 719 2993 Clcrysostomus
735 2922 788 2985 (lbi
802 2920 917 2975 liernilia
931 2922 965 2974 ‘35
1017 2920 1147 2977 doctores
1161 2922 1260 2989 nostri,
1274 2942 1338 2979 cunr
1351 2926 1387 2981 de
1400 2926 1457 2983 lida
1472 2932 1575 2983 sanctae
1594 2930 1755 2999 Trinitatis,
1778 2934 1832 2987 siro

154 3023 189 3074 lla
205 3022 370 3090 capessamus
395 3018 517 3087 spiraboli,
534 3032 598 3087 qum
613 3015 651 3069 sic
678 3014 797 3085 incipit:
816 3034 831 3061 a
847 3013 1004 3106 Homer-G
1017 3014 1052 3069 de
1072 3016 1200 3086 symbolo
1216 3018 1284 3073 ilaei
1297 3019 1394 3091 aliqua
1409 3023 1652 3093 conscripserunt.
1678 3024 1702 3081 si
1717 3028 1832 3103 quando

151 3113 218 3169 salis
230 3112 352 3169 Ecclesia
365 3112 479 3181 gatrdet.
498 3113 550 3165 lstc
574 3115 616 3164 ost
636 3108 757 3179 Spiritus
779 3106 935 3177 procedens
950 3124 966 3163 a
996 3130 1003 3148 .
1016 3109 1174 3165 incidenter
1186 3112 1330 3168 occasione
1338 3116 1525 3184 explanandus
1538 3120 1691 3173 sententiis.
1704 3120 1832 3177 dixerant

151 3210 232 3261 Patre
245 3209 274 3260 et
296 3204 376 3272 Filio,
389 3204 438 3275 qui
459 3203 556 3258 dividit
571 3202 686 3273 propria
705 3202 778 3255 derna
792 3206 877 3270 prom
896 3201 965 3255 rult.
1016 3202 1152 3273 Spiritum
1172 3205 1309 3261 Sanctum
1326 3223 1343 3261 a
1368 3211 1449 3265 Patro
1472 3216 1501 3265 et
1514 3211 1582 3265 i‘ilio
1604 3214 1766 3282 procedere
1792 3218 1831 3272 rai

150 3302 221 3357 item
241 3300 270 3353 in
290 3298 411 3353 bomilia
435 3300 469 3351 28
495 3297 526 3351 in
554 3296 610 3351 alia
637 3295 815 3365 expositione
837 3293 964 3364 ejusdem
1016 3298 1168 3365 prolluero,
1185 3315 1244 3353 non
1258 3299 1393 3355 dixerunt
1408 3302 1462 3357 troo
1473 3320 1505 3359 ea
1522 3305 1740 3377 significatione
1768 3326 1832 3380 pro·

150 3393 282 3465 symboli,
298 3408 362 3464 quus
376 3391 415 3447 sic
429 3390 611 3461 incipiti'ttiiz
628 3390 718 3460 Super
728 3388 866 3443 fabricam
880 3387 966 3442 totius
1015 3390 1149 3445 cessionis
1162 3393 1205 3447 rel
1219 3394 1414 3463 protluxionis,
1430 3397 1503 3451 sieut
1516 3396 1620 3455 dicitnr
1637 3416 1656 3455 a
1676 3403 1760 3459 lates
1773 3420 1838 3474 pra-¹

150 3486 278 3543 Ecclesiae
291 3486 384 3557 itaque
399 3484 571 3541 credendum
599 3490 642 3540 est
669 3483 808 3554 Spiritum
835 3486 964 3537 sctrictam
1014 3483 1113 3539 eedcre
1128 3501 1134 3537 :
1151 3502 1216 3539 rinna
1231 3488 1429 3557 quodal'atrc
1445 3491 1713 3565 praeeedit,proprie
1734 3514 1829 3569 proee-

148 3581 355 3637 l’atrisesseet
372 3579 442 3635 Filii.
460 3580 531 3633 item
557 3579 643 3633 istum
672 3577 810 3647 Spiritum
835 3577 963 3630 sanctum
1014 3578 1071 3645 dit,
1100 3582 1129 3633 et
1158 3580 1225 3650 quia
1253 3583 1367 3653 proprie
1400 3584 1535 3654 procedit,
1569 3588 1687 3658 proprie
1715 3607 1829 3665 quoque

146 3674 394 3731 dicimnsPatriet
418 3675 488 3731 Titio
514 3689 575 3729 esse
601 3671 831 3742 caauqnalemmt
859 3686 962 3740 proce·
1014 3672 1295 3743 procederedieitur.
1317 3677 1397 3741 Quod
1425 3685 1558 3735 erotema
1584 3682 1653 3737 l'ilio
1676 3686 1829 3755 procedere

145 3769 262 3823 derrtem
277 3769 312 3825 de
325 3772 412 3825 Patre
425 3771 454 3822 et
468 3768 550 3823 Filio.
561 3768 618 3821 tloe
632 3765 750 3831 credite,
766 3780 800 3818 ne
822 3763 962 3835 colloquia
1012 3766 1055 3820 rel
1071 3770 1243 3839 proiluerea
1262 3770 1343 3827 nobis
1365 3771 1519 3843 aliquando
1538 3774 1646 3833 dictum
1674 3778 1829 3845 invenitur,

146 3862 224 3917 aiala
238 3866 425 3933 corrompant
442 3878 539 3915 mores
554 3866 663 3915 vestros
676 3860 778 3915 tiones.
794 3880 808 3909 u
820 3859 890 3913 item
907 3856 962 3927 ili)
1012 3861 1177 3917 nrrtlatenus
1197 3866 1312 3934 proprio
1337 3864 1450 3934 dicitnr,
1478 3868 1544 3938 quia
1567 3886 1620 3925 nee
1647 3874 1771 3943 proprie,
1792 3876 1829 3929 ita

147 3980 161 4007 u
172 3956 271 4011 Videte
299 3956 405 4026 ultique
429 3956 642 4009 saerarnentum
669 3952 825 4018 Trinitatis,
845 3967 910 4007 ecee
934 3956 962 4005 et
1012 3956 1201 4025 procerlitrel
1223 3958 1367 4029 protluita
1386 3963 1477 4027 Patre,
1498 3962 1603 4035 quippe
1624 3967 1745 4038 proprie
1770 3972 1829 4025 tan·

144 4050 173 4104 in
183 4049 319 4120 Spiritum
332 4054 460 4102 sanetum
473 4048 629 4115 credimus,
644 4048 693 4119 qui
713 4045 835 4117 Spiritus
847 4051 961 4101 sanctus
1011 4051 1141 4119 quamab
1152 4067 1185 4107 eo
1197 4052 1248 4123 qui
1262 4057 1304 4107 est
1319 4054 1415 4124 prima
1429 4072 1512 4111 causa
1532 4064 1561 4113 et
1582 4059 1761 4132 principium
1775 4064 1827 4129 soi,

146 4143 301 4215 procedens
314 4160 331 4196 a
344 4145 427 4198 Patre
441 4146 469 4196 et
482 4142 560 4207 Filio,
577 4141 715 4196 alteritate
733 4138 929 4210 conjungitur.
946 4162 960 4189 a
1010 4144 1152 4213 procedit:
1178 4162 1196 4199 a
1219 4146 1289 4202 Filio
1309 4153 1405 4203 autem
1432 4150 1455 4205 si
1476 4151 1591 4222 qnando
1616 4152 1766 4213 invenitur
1786 4159 1827 4215 rel

181 4256 195 4291 a
222 4236 397 4309 Arrgustiuns
423 4253 537 4309 quoque
561 4235 750 4306 Hipponensis
772 4234 957 4305 episcopus»
1011 4236 1115 4292 dicitur
1140 4240 1292 4309 proaedere
1318 4256 1368 4295 seu
1396 4243 1546 4312 profluere,
1569 4262 1628 4303 nou
1653 4248 1694 4303 ita
1714 4253 1843 4323 propria

144 4331 256 4402 legatus
271 4331 423 4401 provinciis
438 4329 620 4385 Numidiaein
636 4328 740 4391 Africa,
756 4327 958 4393 rirelarns,rt
1011 4330 1115 4387 dicitur
1133 4334 1176 4389 rel
1192 4336 1245 4401 est,
1269 4335 1335 4405 qnia
1357 4337 1433 4406 quod
1451 4354 1467 4393 a
1483 4338 1550 4393 Filio
1571 4345 1624 4407 est,
1651 4344 1732 4399 vela
1760 4346 1827 4403 Filio

143 4424 273 4481 omnium
296 4425 509 4496 Scripturarum
531 4423 692 4495 eloquentia
714 4422 783 4477 Afer
808 4419 957 4476 disertissi-
968 4397 999 4472 Ῑ)
1010 4425 1136 4499 procedit
1150 4427 1192 4483 rel
1208 4429 1337 4498 piroiluit,
1353 4430 1408 4485 boe
1428 4446 1484 4486 uon
1498 4438 1549 4499 est,
1560 4434 1605 4489 rel
1618 4434 1673 4491 boe
1689 4453 1750 4495 non
1763 4440 1828 4495 facit

141 4534 223 4587 sniis,
248 4519 297 4591 qui
325 4518 422 4573 inultis
441 4517 637 4572 africanorum
666 4516 792 4571 conciliis
816 4514 958 4583 inter-luit,
1008 4522 1827 4601 tanquamsprirnaeausa,quiaipsequoqoeFiliusid

140 4613 189 4685 qni
205 4629 380 4683 nonpaucos
408 4612 494 4667 libros
517 4615 617 4667 eontra
639 4611 762 4665 luereses
787 4609 955 4664 liauiebreo-
1008 4614 1085 4684 quod
1104 4617 1448 4686 astatquodl'ilinsest,
1469 4625 1497 4675 at
1517 4622 1666 4692 quodase
1688 4625 1826 4698 Spiritum

140 4724 204 4763 rum
219 4713 248 4761 et
264 4707 472 4761 borretistarnm
485 4704 701 4776 coruscamine
714 4704 743 4758 iu
758 4703 957 4774 explanatione
1007 4710 1136 4762 salictum
1150 4710 1351 4779 procedentem
1365 4728 1414 4767 scu
1436 4714 1627 4783 protlueutem
1651 4720 1752 4787 mittit,
1777 4722 1829 4779 troc

140 4801 249 4855 Veteris
275 4806 303 4856 et
330 4800 396 4855 Nori
422 4800 596 4855 Testamenti
623 4799 713 4853 inulta
726 4798 830 4868 scripta
857 4797 954 4867 edidit,
1007 4802 1268 4872 cronaseipso,sed
1283 4821 1300 4859 a
1318 4806 1402 4861 Patre
1424 4813 1599 4879 tauqoarno
1624 4812 1723 4881 primu
1742 4832 1826 4871 carim

140 4896 221 4966 enjus
230 4896 382 4949 innumera
392 4893 797 4965 voluminaobiqueterrarum
808 4892 836 4947 in
852 4909 956 4963 niagno
1007 4898 1036 4948 et
1049 4894 1207 4966 principio;
1224 4897 1345 4969 ideoque
1358 4899 1431 4955 sicut
1444 4901 1503 4956 dixi
1517 4918 1535 4957 a
1552 4904 1636 4959 Patre
1658 4912 1798 4980 tanquam
1811 4924 1826 4963 a

137 4989 275 5059 leguntur
289 4989 467 5055 alletoritate,
484 4989 542 5059 ipse
564 4986 777 5059 quamplurima
791 4985 955 5041 testiruorria
1005 4988 1099 5057 prrirna
1126 5006 1207 5043 cerusa
1229 4991 1351 5062 Spiritus
1377 4998 1493 5049 sanctus
1521 4997 1640 5068 proprie
1667 5004 1823 5071 procedure

139 5082 360 5154 deproeessione
373 5082 494 5154 Spiritus
507 5081 595 5137 sarlati
619 5098 635 5136 a
660 5081 726 5136 Filio
749 5096 955 5152 usquequaque
1005 5080 1118 5137 dieitur.

140 5178 168 5233 in
183 5177 294 5249 seriptis
309 5177 369 5233 suis
386 5176 613 5233 urranilestissime
629 5176 756 5233 inseruit.
773 5179 842 5233 ttoni
857 5178 954 5233 tliere·
1042 5198 1055 5225 o
1068 5178 1143 5233 tlane
1156 5179 1253 5250 itaque
1262 5182 1471 5251 processionem
1483 5184 1605 5255 Spiritus
1622 5190 1719 5245 saneti
1741 5195 1825 5251 tame

135 5288 249 5343 nysius,
269 5270 442 5339 sraibrosins,
460 5270 590 5337 isidorus,
606 5271 736 5339 Hilarius,
751 5272 840 5327 etalii
854 5288 953 5344 quam·
1005 5273 1085 5327 t'rrtre
1109 5289 1193 5343 quam
1212 5292 1230 5329 a
1253 5274 1323 5329 Filio
1344 5275 1381 5329 iu
1404 5276 1599 5335 distinxerunt
1616 5282 1822 5353 sapientissimi

135 5365 231 5437 plures
256 5364 347 5419 latini
374 5365 513 5419 sermonis
539 5364 678 5432 doctores,
702 5382 815 5421 necnon
841 5368 869 5421 et
897 5366 954 5423 Leo
1004 5364 1175 5435 Graecorum,
1192 5368 1365 5425 ascribentes
1380 5370 1599 5442 propriaram,-
1612 5375 1827 5445 primamne·

134 5460 252 5530 Magnus
263 5456 444 5528 amplissime
456 5458 533 5514 orbis
548 5460 648 5515 Raucae
661 5475 791 5515 sommus
813 5461 952 5531 pontifex,
1003 5476 1064 5515 sam
1078 5462 1279 5532 processionis,
1294 5480 1312 5519 a
1325 5480 1383 5535 quo
1395 5466 1510 5538 proprie
1530 5470 1577 5523 est
1591 5470 1720 5527 eusitius
1733 5490 1817 5545 qens·

135 5552 225 5607 mrrlts
237 5552 271 5607 dc
283 5552 469 5625 processione
484 5552 607 5624 Spiritus
621 5553 708 5609 sancti
731 5571 748 5609 a
769 5554 839 5611 Filio
863 5555 953 5627 serip-
1003 5556 1124 5625 ratione,
1140 5560 1170 5613 et
1189 5574 1275 5630 aquo
1293 5558 1414 5631 Spiritus
1424 5564 1538 5619 sanetus
1558 5568 1602 5619 est
1616 5568 1832 5637 processione,-

142 5674 200 5737 (ὅ)
211 5678 293 5729 llam
306 5677 452 5733 destructo
466 5685 492 5733 st
507 5680 652 5735 atterendo
669 5680 785 5751 Spiritu.
1035 5682 1091 5748 isti
1102 5680 1182 5734 idem
1197 5682 1267 5735 ibid.

125 5748 187 5813 (sili
199 5752 284 5807 Ictum
296 5754 373 5809 ibid.
