3750 6046
45 182 76 231 s:
365 142 375 153 ’
493 171 648 234 ulsrouu
668 172 984 232 ununsusuos-
1000 177 1085 233 rius
1104 179 1124 232 ι.
1140 201 1174 216 -
1190 178 1253 232 rm.
1276 176 1296 230 r.
1701 176 1735 231 se

49 304 98 355 dtis
121 318 230 356 iissem
251 302 378 357 aseendit
399 304 517 355 ettrnus
532 300 634 355 tristam
655 300 723 354 abiit
743 300 862 364 idcelli„
876 299 1036 382 Admisset.
1053 300 1082 352 lu
1100 300 1232 370 sequenti
1251 298 1306 365 ilie,
1323 316 1387 353 aum
1404 297 1439 353 ad
1460 298 1572 352 tartum
1596 299 1737 367 uenisset,

48 412 99 459 εει,
120 400 172 455 tt:
188 399 288 457 llrrrc„
302 412 359 462 riri,
379 399 456 450 tr-et
466 410 484 455 r.
919 395 1059 460 confestim
1080 396 1167 447 omnis
1185 393 1303 464 papulus
1317 395 1412 447 eiulans
1427 408 1487 446 eum
1507 395 1677 461 stupefactus
1697 399 1737 447 est

81 489 246 543 ttettiseidoe
271 495 388 559 rogetus
411 492 454 542 est
476 494 506 542 ut
529 505 635 542 enormi
660 491 800 558 [arip-ret.
821 487 869 541 ltle
919 493 943 543 ct
959 486 1294 541 rrocrrrrentcssulutatmrrt
1307 485 1640 557 cursuruncquteamoc
1654 485 1738 540 turlm

49 599 111 635 rem
137 598 260 636 merirum
283 582 351 637 ca’ci
374 581 577 653 apprehendit,
599 597 657 636 euru
680 586 758 636 cntra
780 580 869 634 oricum
920 579 954 633 od
979 596 1044 634 eum
1069 581 1193 647 accessit,
1210 584 1239 634 et
1260 584 1327 634 erite
1351 596 1416 635 eum
1432 579 1553 651 genibus
1574 579 1742 650 provolutus

50 676 168 739 eturit3
185 684 223 738 rt,
239 690 369 746 εεερεεεεεε
387 678 416 730 in
429 677 517 730 occulos
530 676 596 744 ejus,
614 691 715 729 arenas
736 689 800 728 siras
815 673 869 726 irn-
921 674 993 728 dixit.
1016 692 1022 727 :
1047 676 1168 738 ltnmine,
1194 677 1316 729 miserere
1339 674 1396 743 titio
1417 689 1484 735 inea,
1511 675 1577 743 puio
1601 675 1739 729 lunaticus

51 770 162 840 posuit;
179 775 206 823 et
225 769 261 823 ab
278 785 324 836 eo,
340 771 364 823 si
375 768 482 839 aliquid
500 769 612 828 rideret,
628 771 819 836 interropuott.
835 770 871 819 At
921 773 958 822 cst
970 768 1004 822 ab
1024 769 1148 835 bisantia
1160 773 1185 823 et
1198 768 1267 822 male
1286 770 1404 837 patitur.
1420 770 1584 837 Frequenter
1603 783 1661 822 eum
1681 767 1737 821 de·

52 866 93 915 iile
114 866 183 917 ait:
210 864 294 918 l'ideo
315 864 433 917 tramines
455 866 537 931 quasi
560 863 668 917 arbores
693 861 870 916 ambulantes.
922 878 982 915 rrcon
996 864 1024 915 iu
1046 864 1134 931 mrtem
1156 868 1181 916 et
1197 864 1226 915 in
1248 876 1336 931 rrqacas
1351 863 1432 921 misit,
1448 865 1480 915 ut
1493 861 1570 916 illum
1591 861 1738 931 perderet;

53 960 150 1012 iterium
174 973 274 1010 momen
292 973 372 1026 super
386 957 475 1010 oculos
496 957 551 1024 eius
571 957 709 1025 imposuit.
726 954 772 1009 llle
793 956 871 1024 oepit
922 961 947 1007 et
966 956 1110 1025 discipulis
1126 957 1178 1009 tuis
1190 955 1277 1010 <rotati
1295 961 1394 1009 cremet
1408 970 1461 1010 nou
1476 960 1622 1025 potueruut
1643 970 1740 1009 curare

53 1052 140 1105 itone
160 1057 187 1104 rt
208 1054 350 1104 restitutus
369 1056 419 1112 est,
440 1052 480 1104 ita
501 1055 531 1104 ut
553 1050 625 1103 reterre
648 1049 749 1103 uideret
770 1049 870 1102 mursia.
923 1064 991 1102 eum.
1004 1050 1133 1118 (Isimque
1152 1049 1232 1102 lesus
1251 1047 1331 1102 illurn
1347 1047 1445 1102 etlerri
1455 1048 1597 1118 jussisset,
1614 1052 1643 1102 et
1663 1063 1740 1118 segor

53 1145 125 1198 larse
139 1145 181 1197 ait
204 1143 243 1197 illi
259 1159 266 1196 ε
284 1143 361 1198 l'adc
375 1145 404 1197 in
422 1144 527 1197 domium
543 1148 629 1208 tuam,
645 1148 680 1205 et,
696 1144 721 1196 si
735 1144 763 1195 iu
786 1142 874 1194 cincun
923 1141 1025 1195 allatus
1049 1140 1156 1205 inisset,
1180 1144 1275 1195 statim
1295 1144 1409 1211 spiritus
1436 1143 1611 1195 couturbacit
1633 1157 1693 1196 oum
1716 1147 1740 1195 et

55 1240 202 1298 munieris.
216 1238 322 1290 ricmiri
333 1237 437 1290 diuers
451 1238 560 1299 (Murro,
579 1251 637 1303 riu,
651 1237 752 1304 ibib).
923 1235 1005 1288 elisus
1024 1237 1053 1288 r'n
1078 1240 1151 1288 terra
1171 1234 1345 1289 volutabatur
1367 1251 1505 1304 spumans.
1521 1236 1649 1306 Cumque
1662 1236 1742 1290 lesus

88 1333 218 1399 Fuimus
238 1332 325 1392 lesus,
341 1334 368 1383 in
381 1329 491 1383 castella
508 1328 634 1384 Cesureae
651 1328 773 1398 Philippi
789 1332 873 1385 uenit.
924 1327 1097 1382 dinirrrrnium
1113 1327 1295 1398 increpasset,
1307 1332 1335 1382 el
1351 1327 1427 1382 exire
1441 1327 1475 1382 eh
1492 1345 1537 1395 ee,
1553 1344 1605 1383 nec
1617 1328 1742 1400 amplius

58 1432 80 1477 rt
93 1440 109 1476 a
120 1423 270 1494 discipulis
279 1424 339 1476 suis
351 1424 379 1476 in
395 1423 451 1488 ris,
463 1422 531 1492 quid
546 1422 677 1476 homines
687 1420 875 1492 opinarentur
924 1421 1042 1476 introire
1057 1421 1195 1492 jussisset,
1212 1421 1325 1476 daeman
1347 1421 1480 1491 cluniens,
1494 1422 1676 1494 mtrltumqne
1696 1422 1741 1476 di·

58 1520 89 1569 ·lr
110 1518 156 1570 illo
172 1516 373 1587 interrogarit.
388 1519 424 1572 At
443 1516 486 1570 illi
499 1515 651 1570 ineant:
667 1515 726 1570 Alii
742 1517 872 1569 lacinuom
925 1531 1057 1586 scerpens
1073 1531 1150 1581 euni,
1166 1514 1233 1568 exit.
1246 1516 1278 1569 El
1292 1515 1338 1571 ille
1352 1516 1440 1570 elisus
1454 1516 1488 1570 ed
1501 1519 1605 1570 turrem
1621 1516 1741 1583 corruit,

59 1613 215 1680 baptisterii,
235 1610 290 1663 atii
310 1611 408 1669 Etiam,
429 1610 480 1663 cclii
498 1610 717 1670 serenianum
736 1623 820 1661 marim
843 1623 877 1661 rc
927 1611 964 1662 tta
985 1615 1015 1662 ut
1034 1609 1115 1662 motti
1128 1608 1247 1662 dumont
1267 1611 1331 1677 qula
1351 1616 1475 1663 rnartaus
1495 1614 1542 1663 est.
1558 1612 1632 1665 iesus
1653 1617 1743 1665 autem

60 1704 202 1774 propioris.
218 1705 290 1757 llicit
305 1703 361 1756 illis
373 1704 469 1757 lesus:
488 1702 541 1756 Vas
560 1706 662 1762 auten,
678 1716 756 1770 quern
771 1715 812 1755 sne
823 1676 914 1756 essess
927 1709 1016 1757 teneras
1040 1717 1149 1756 muricum
1173 1701 1243 1770 ejus,
1268 1703 1392 1761 eleuauit,
1416 1704 1546 1773 patrique
1571 1719 1619 1758 suo
1643 1719 1742 1759 sarcum

59 1798 168 1851 certes?
181 1795 356 1866 llespandcus
370 1797 462 1852 Simon
477 1796 570 1849 Petrus
583 1794 655 1848 eicit
670 1812 678 1848 :
697 1797 736 1849 Tu
749 1810 775 1848 es
788 1794 876 1848 Cirris·
927 1795 1057 1849 reddidit.
1079 1794 1185 1849 Deinde
1206 1794 1352 1866 discipulis
1373 1802 1481 1851 secreta
1502 1796 1744 1867 interrogantibus

57 1900 112 1949 las.
128 1890 216 1944 Filius
239 1892 286 1945 llei
305 1891 370 1943 oiri.
386 1888 557 1958 llespaudens
580 1894 671 1943 alutem
689 1891 782 1951 lesus,
804 1889 875 1943 dieii
926 1904 976 1941 rur
992 1904 1048 1941 nou
1064 1887 1223 1958 potuissent
1239 1904 1339 1942 curere
1354 1889 1445 1956 illum,
1462 1888 1554 1943 dixit:
1575 1893 1686 1960 Propter
1699 1892 1744 1944 in·

56 1988 98 2037 εει
113 1986 216 2039 &ntus
234 1998 274 2045 es,
289 1984 382 2039 Simon
403 1983 534 2051 sarriana,
548 1984 615 2052 quur
636 1998 700 2037 caro
715 1988 740 2036 et
761 1984 876 2052 sanquis
924 1982 1110 2037 credulitatem
1123 1987 1250 2036 oestrum.
1267 1982 1355 2036 Amen
1375 1982 1435 2037 dica
1448 1983 1521 2038 uobis
1535 2002 1543 2036 :
1557 1985 1581 2037 si
1593 1983 1744 2038 babuemtis

55 2094 103 2130 miri
119 2077 255 2130 revelarit
268 2076 327 2137 tibi,
342 2075 389 2131 sed
407 2077 489 2131 Pater
502 2091 576 2130 meus
589 2077 679 2145 quiin
694 2076 766 2130 coelb
780 2081 828 2130 est.
842 2078 877 2130 Et
924 2077 1003 2143 tidem
1028 2078 1095 2130 siud
1121 2091 1236 2143 prunum
1269 2077 1384 2145 sirrupis,
1411 2077 1507 2131 dicetis
1533 2080 1620 2130 monti
1647 2078 1710 2132 buic
1733 2097 1741 2132 ε

53 2187 97 2239 epo
117 2171 180 2225 dico
203 2171 258 2224 tibi
279 2165 346 2239 puin
370 2174 398 2223 tu
419 2186 446 2223 es
465 2171 571 2233 Petncs,
586 2175 612 2224 et
633 2184 715 2238 super
737 2169 807 2223 brino
829 2184 876 2238 pc·
928 2171 1026 2224 transi
1049 2170 1131 2233 birras
1152 2176 1177 2223 et
1203 2170 1340 2232 transibit,
1364 2176 1388 2224 rt
1417 2171 1488 2224 coibit
1509 2171 1671 2240 impossibile
1691 2174 1744 2225 erit

54 2274 122 2318 urim
135 2263 278 2333 aerlipaabo
299 2263 443 2318 Εεεὶεεεεηε
457 2278 562 2328 meam;
576 2269 601 2317 ct
622 2269 710 2332 porte
724 2264 809 2328 interi
821 2278 875 2317 nan
925 2262 1017 2323 cabis:
1035 2261 1082 2316 boo
1095 2268 1185 2317 aculem
1206 2278 1290 2331 penus
1305 2278 1357 2317 narr
1372 2264 1482 2331 ejicitrrr
1501 2266 1556 2320 nisi
1570 2279 1621 2334 per
1639 2267 1741 2319 anitio-

52 2358 240 2426 praemrlebunt
258 2355 390 2410 aduersus
403 2371 470 2411 curn.
488 2357 522 2410 lit
540 2356 591 2410 tibi
605 2356 675 2410 dabo
694 2355 782 2410 clicoes
799 2357 878 2423 repni
927 2370 986 2408 rreru
1012 2360 1037 2408 et
1055 2354 1201 2423 jejunium.
1231 2354 1454 2411 Corarcrsuutibus
1479 2356 1536 2409 illis
1562 2359 1590 2410 in
1618 2357 1741 2418 delites.

59 2451 231 2511 inbrumct
252 2450 430 2519 pameneae
450 2451 577 2517 lipareris
595 2464 677 2519 super
699 2455 809 2512 terracin,
826 2451 877 2503 erit
925 2448 997 2502 dicit
1023 2467 1031 2501 :
1057 2449 1143 2503 Filius
1180 2449 1295 2503 luminis
1330 2448 1479 2503 trodmdus
1510 2455 1548 2503 est
1580 2453 1608 2503 in
1642 2466 1742 2505 mansu

57 2544 174 2611 lipsium
194 2550 218 2597 et
242 2546 273 2597 in
297 2543 393 2608 oetier
418 2549 442 2598 et
466 2543 644 2613 quodcunque
664 2545 775 2598 soloecis
795 2558 877 2612 super
926 2542 1063 2596 beluinum
1082 2548 1107 2595 ot
1126 2542 1246 2596 occident
1266 2556 1326 2596 eum
1346 2548 1371 2596 et
1391 2544 1472 2597 tertia
1491 2542 1535 2597 die
1557 2547 1741 2614 reserpendi

55 2646 167 2699 temam,
181 2640 233 2692 erit
254 2638 376 2691 salutum
390 2642 415 2691 et
429 2640 458 2690 in
477 2638 548 2692 ooelr's
567 2638 687 2703 (Mettis,
702 2653 759 2703 xri,
774 2639 875 2704 ts-rs;
926 2638 1152 2690 corrtristatisuut
1161 2637 1325 2690 veliementer
1337 2637 1457 2706 idalii„
1469 2652 1535 2698 xvir,
1549 2640 1628 2702 t-ee;
1644 2640 1740 2702 iterra,

54 2734 154 2791 stare..
177 2747 234 2799 riri,
250 2733 353 2795 27-293
368 2734 442 2791 Luc..
463 2746 501 2795 ει,
523 2732 626 2799 til-20).
642 2731 720 2784 Tunc
742 2731 878 2800 pracepit
927 2745 963 2794 rr,
984 2732 1046 2783 t-ro
1060 2746 1066 2793 ;
1082 2730 1158 2790 Luc„
1174 2745 1210 2796 ix,
1226 2730 1334 2797 es-tr).

56 2824 207 2896 discipulis
229 2825 288 2878 suis
312 2827 343 2877 ut
362 2823 469 2879 nemini
493 2823 622 2879 dicerent
641 2823 705 2895 spuis
725 2823 785 2895 ipse
805 2830 878 2878 essct
962 2825 996 2877 llt
1009 2837 1070 2877 cum
1086 2825 1220 2878 stertissent
1239 2824 1440 2893 Guptiarnuum,
1456 2831 1622 2879 accesserunt
1640 2828 1689 2896 qui
1700 2827 1741 2882 di·

53 2922 136 2973 testis
148 2919 290 2973 Christus.
306 2917 415 2972 Exinde
431 2917 515 2988 coepit
533 2918 613 2971 lesus
626 2915 775 2972 ostendere
791 2917 875 2971 disci-
926 2917 1056 2970 dractona
1073 2917 1251 2986 accipiebant,
1268 2917 1305 2972 ud
1324 2920 1443 2981 Petrum,
1459 2918 1578 2974 dioerrtcs
1592 2938 1599 2974 ε
1615 2921 1744 2988 Manister
1830 2904 1833 2915 ⁸

55 3012 130 3083 palis
143 3011 203 3066 suis
223 3011 291 3082 quie
307 3013 453 3082 oporteret
471 3027 537 3065 euru
555 3010 595 3064 ire
613 3011 832 3082 lerosolymam,
848 3014 914 3112 etc
928 3017 1012 3065 cester
1036 3026 1089 3064 nou
1113 3011 1193 3064 soluit
1216 3010 1402 3065 didrucbrmrt
1421 3015 1458 3066 st
1478 3013 1526 3066 ille
1550 3014 1589 3067 ait
1609 3029 1616 3067 ι
1640 3016 1742 3089 Elisus.

55 3105 149 3159 mritis
172 3103 230 3175 pati
255 3122 272 3158 a
293 3103 451 3159 senioribus
473 3110 501 3157 et
521 3102 627 3159 Scribis
649 3107 678 3157 et
701 3102 877 3175 principibus
929 3106 993 3161 Cam
1014 3105 1142 3158 intrasset
1161 3104 1281 3167 alcmeon,
1293 3107 1424 3173 precessit
1443 3120 1502 3160 eum
1524 3108 1609 3170 lesus,
1626 3107 1742 3163 diceris:

55 3198 252 3265 neoresium,
266 3202 295 3251 et
310 3197 401 3252 accidi
413 3201 442 3251 et
461 3198 541 3252 tertia
558 3196 605 3251 die
619 3212 776 3268 resurgere.
791 3202 876 3251 Assu-
930 3199 1010 3265 llepes
1027 3203 1114 3260 turre,
1129 3214 1147 3250 a
1164 3198 1263 3266 picibus
1278 3200 1415 3268 accipiunt
1430 3198 1562 3254 tributum
1572 3203 1587 3254 ἱ)
1597 3216 1615 3254 e
1626 3200 1692 3269 filiis
1707 3218 1746 3255 an

55 3309 136 3347 mens
158 3308 225 3346 eum
251 3293 351 3346 Petrus
375 3290 538 3361 seperatim,
562 3290 646 3361 caepit
669 3291 751 3345 illum
776 3289 878 3345 allecta
929 3292 962 3345 ub
984 3291 1104 3345 cilonis?
1118 3291 1156 3345 m
1177 3292 1222 3345 ille
1238 3308 1244 3344 ι
1261 3292 1303 3346 Ab
1325 3293 1432 3346 clunis.
1447 3291 1575 3348 Christus
1595 3300 1624 3347 et
1642 3310 1744 3350 mouri·

55 3384 168 3440 amaris
186 3385 349 3456 increpare,
364 3382 460 3438 diceris
477 3400 482 3437 :
498 3383 579 3438 Absit
594 3400 611 3437 a
632 3390 666 3444 te,
682 3385 792 3438 ltominc
802 3385 812 3438 l
824 3400 877 3438 riou
928 3384 996 3438 dum
1007 3399 1134 3451 curulem,
1146 3384 1341 3439 etsecuadnui
1356 3385 1489 3456 spiritum
1499 3386 1573 3441 tilius
1588 3386 1745 3458 reginensi,

54 3482 107 3533 erit
120 3479 175 3533 tibi
188 3479 246 3532 boc.
262 3478 314 3541 Oui
331 3493 491 3544 eosirersus,
506 3475 576 3531 dixit
590 3477 673 3531 Petra
692 3495 698 3530 :
719 3477 794 3534 Vade
807 3483 878 3532 retro
930 3478 969 3531 rel
991 3494 1024 3532 es
1046 3478 1133 3548 stirpe
1156 3477 1241 3533 David
1264 3480 1386 3549 geriitus,
1401 3481 1445 3534 rel
1467 3481 1675 3551 ouiriipatentis
1694 3484 1743 3537 Pa·

56 3591 108 3635 inc,
128 3576 246 3629 Seiano.
260 3570 430 3627 secundatum
452 3570 519 3625 mibi
539 3585 575 3631 m,
591 3573 655 3646 puio
676 3586 730 3625 uon
751 3573 826 3641 sapis
847 3586 878 3625 ea
930 3571 980 3625 tris
990 3570 1126 3625 Verbum.
1137 3571 1262 3644 Vectigal
1274 3587 1355 3642 ergo,
1367 3578 1398 3627 ut
1409 3573 1483 3628 fitius
1493 3574 1581 3644 regis,
1593 3591 1650 3630 nori
1662 3574 1747 3631 debe·

55 3681 117 3736 pus·
129 3666 178 3722 oct
188 3671 262 3726 surii,
277 3664 325 3719 sed
338 3679 398 3734 pue
410 3665 559 3719 bominum.
575 3665 726 3735 Postquam
743 3663 878 3719 [lominus
928 3664 1050 3734 bst,sed
1073 3665 1121 3736 qui
1142 3664 1331 3719 burnilitutcnr
1352 3665 1445 3721 curuis
1465 3673 1743 3739 assunrpserut,oiu·
1807 3660 1810 3665 ’

58 3759 227 3830 rnrstecium
241 3774 301 3811 snm
317 3756 454 3828 passionis
468 3763 497 3813 et
511 3757 727 3812 resurrectionis
742 3757 878 3824 ostendit,
930 3774 996 3812 nem
1017 3757 1157 3828 justitium
1180 3758 1337 3829 adimplere
1361 3759 1483 3815 sotumi.
1506 3761 1634 3816 inomni
1655 3778 1744 3834 regne

58 3855 191 3908 hortatur
214 3869 265 3906 eos
285 3869 344 3905 ιιιιε
370 3868 432 3906 curn
455 3852 536 3906 turbe
557 3853 592 3904 ml
620 3852 796 3922 sequendum
820 3867 878 3906 siros
929 3851 1147 3924 intelligendum
1162 3854 1204 3906 est
1223 3852 1327 3907 liberos
1341 3869 1401 3908 esse
1416 3854 1500 3921 illies,
1515 3871 1572 3910 sion
1585 3856 1745 3927 vectigales.

55 3946 196 4020 pusionis
224 3946 400 4018 excerptum,
427 3946 597 4017 promittens
628 3945 704 4017 quood
732 3961 881 4016 perpessos
929 3946 1002 4000 ltixil
1026 3948 1104 4000 lesus
1126 3947 1207 4001 Petro
1224 3963 1230 4000 :
1247 3947 1338 4002 biberi
1354 3955 1418 4003 sunl
1432 3949 1492 4017 ptri.
1505 3950 1559 4005 Sed
1578 3967 1611 4005 uc
1630 3952 1746 4006 scendu-

56 4038 376 4111 coariteturprnmium
393 4039 515 4109 (liniti,
528 4056 581 4105 rvr,
593 4041 678 4094 eo-es
690 4058 697 4099 ;
711 4041 807 4094 uun..
822 4055 877 4106 rm,
930 4041 1037 4095 liseoms
1055 4056 1107 4101 eos,
1126 4042 1194 4095 rude
1213 4042 1251 4097 ad
1269 4058 1342 4097 mare
1360 4048 1385 4096 et
1405 4044 1480 4097 mitte
1500 4045 1629 4111 liarnum3
1643 4053 1669 4100 et
1686 4062 1747 4102 eum

57 4136 161 4202 [tlt-tt&
177 4136 254 4195 unc„
271 4149 307 4191 ιι.
324 4132 430 4199 ‘tt-27).
927 4136 1036 4203 piscem,
1061 4137 1110 4203 arri
1130 4137 1235 4203 primm
1258 4136 1419 4196 asmrrdorit,
1444 4137 1525 4201 tolle;
1546 4143 1571 4191 rt
1591 4143 1686 4209 aperto
1703 4156 1747 4196 ore

94 4229 157 4283 Post
183 4226 240 4282 dies
266 4243 324 4290 see,
346 4230 490 4296 assumpsit
517 4229 625 4282 Petrum
653 4233 677 4280 ct
702 4228 829 4283 iacobum
855 4234 880 4280 et
929 4227 995 4294 rjus,
1012 4228 1130 4283 inuenies
1148 4233 1296 4294 staterem3
1312 4229 1568 4295 illumiminaret
1587 4236 1688 4303 eispra
1705 4248 1747 4289 mc

53 4325 191 4377 loannem
213 4323 330 4388 {tantm
352 4321 419 4390 ejus,
434 4326 459 4375 et
481 4321 561 4375 ‹licait
584 4321 645 4374 illos
658 4324 684 4375 m
700 4327 815 4376 orantem
836 4337 880 4375 ee·
930 4327 953 4374 rt
977 4328 1001 4375 to
1023 4319 1145 4385 illattb..
1167 4337 1233 4390 xvir,
1254 4324 1356 4391 23-26).
1378 4323 1462 4379 Piscis
1482 4325 1535 4380 iste
1555 4326 1684 4383 Christus
1705 4333 1749 4383 est

56 4416 158 4470 celsum
179 4430 308 4477 seucum,
331 4421 356 4469 ot
386 4417 598 4486 transppurutus
621 4422 658 4469 est
680 4419 744 4470 arcte
769 4430 820 4470 eos.
846 4410 959 4482 EtDiu
994 4415 1075 4482 meri,
1106 4415 1131 4470 id
1158 4419 1199 4469 est
1228 4415 1255 4470 in
1281 4416 1335 4471 rito
1367 4419 1488 4472 nior-teli.
1518 4419 1618 4486 Slater,
1647 4420 1676 4475 id
1704 4426 1749 4477 est

56 4509 227 4580 resplersduit
249 4510 333 4575 [ειείεε
358 4508 415 4577 rjus
439 4511 508 4564 sicut
532 4509 582 4572 sol,
604 4511 763 4564 uestimenta
789 4516 880 4564 aulem
930 4508 1106 4575 didrachmo,
1128 4510 1268 4580 significet
1295 4510 1513 4581 carriessianem,
1535 4528 1599 4582 qiua·
1621 4529 1673 4584 pro
1696 4516 1746 4570 l'e·

56 4605 119 4673 eius
139 4606 218 4671 sucta
239 4610 304 4658 siunt
322 4603 389 4657 albu
407 4605 474 4658 sicut
495 4604 602 4658 otest
618 4618 673 4658 ecco
692 4610 879 4674 apparuerunt
933 4608 974 4655 tro
1002 4600 1086 4655 detur
1108 4603 1188 4672 quasi
1214 4619 1266 4674 pra
1290 4609 1446 4675 preceptore,
1470 4622 1522 4675 pro
1544 4605 1654 4661 Christo
1680 4624 1746 4663 rrro

57 4698 117 4752 iltis
136 4698 241 4766 Hapsus
253 4702 278 4751 et
299 4698 384 4759 litium,
400 4713 461 4751 cum
479 4713 508 4752 eo
529 4698 685 4768 loquentem
699 4703 728 4752 el
743 4714 807 4753 eece
830 4715 881 4752 uu-
930 4696 1010 4767 «lilasi
1038 4712 1088 4766 pro
1113 4699 1193 4768 Agna
1219 4697 1413 4763 inuerecunda,
1437 4698 1486 4768 qui
1514 4704 1660 4768 pesculum
1687 4718 1745 4758 aion

55 4792 111 4846 bes
123 4791 217 4845 lucida
230 4790 409 4845 obumbravit
428 4807 485 4846 eos.
502 4793 538 4846 lit
551 4807 607 4847 ecce
619 4808 672 4846 coe
688 4792 721 4846 de
742 4792 822 4855 rrrcbc,
838 4792 880 4846 di·
931 4788 1005 4843 buit.

56 4900 120 4940 reris
133 4904 141 4941 ε
156 4886 207 4940 llio
227 4891 267 4940 est
283 4885 368 4940 titire
380 4901 455 4941 meus
477 4885 602 4949 dilectus,
618 4887 646 4940 tn
662 4900 716 4955 quo
728 4885 796 4939 mibi
816 4886 880 4942 benc
966 4882 1031 4937 orn
1051 4883 1124 4939 iuter
1142 4885 1286 4955 spostolus
1309 4886 1468 4956 quinetiane
1486 4889 1660 4961 quiscerem
1683 4908 1746 4946 nin·

55 4979 229 5049 rornplacui:
243 4980 332 5050 ipsum
348 4978 452 5034 audite.
469 4979 618 5035 sedimus
634 4979 766 5049 discipuli
778 4981 878 5034 cosme·
927 4978 975 5046 jor
996 4984 1071 5032 esset
1094 4977 1120 5031 ia
1146 4994 1235 5049 iligna
1259 4979 1404 5043 relcuom.
1427 4980 1566 5038 advocans
1585 4984 1664 5038 lesus
1687 5000 1750 5056 per-

57 5075 165 5127 rantin
185 5072 377 5139 sarciemsuam
396 5080 420 5127 et
443 5075 590 5128 timuerunt
612 5073 750 5128 caldelli
769 5075 881 5129 accessit
931 5073 1040 5133 rulurn,
1057 5074 1154 5126 statuit
1176 5088 1242 5126 cum
1266 5074 1292 5127 iu
1318 5074 1413 5129 inedie
1435 5092 1534 5131 eoram
1556 5092 1563 5130 τ
1583 5078 1668 5134 Amen
1688 5080 1748 5135 dico

55 5172 135 5222 lesus
158 5173 182 5220 et
206 5168 294 5234 tetipit
309 5182 363 5225 cos.
378 5167 502 5237 dicitque
516 5167 554 5222 ad
576 5182 618 5220 eos
631 5185 639 5220 :
653 5168 773 5236 surpite,
787 5167 811 5222 ct
834 5183 880 5221 no
932 5167 1014 5227 robis,
1026 5169 1079 5219 ratic
1093 5170 1210 5221 corrrcrsi
1222 5169 1333 5233 sumitis
1348 5176 1372 5222 et
1383 5173 1537 5238 efficiamini
1547 5175 1617 5227 sicut
1625 5174 1749 5243 paruuli,

56 5263 108 5316 lite
127 5262 230 5315 limem.
245 5262 372 5316 mirantes
384 5267 476 5315 autem
495 5261 585 5315 mutos
607 5275 678 5325 suos,
693 5262 825 5315 nemiuem
837 5264 883 5317 rt,
930 5277 981 5314 eran
1006 5260 1144 5315 intrabitis
1169 5264 1196 5314 tu
1221 5278 1332 5330 repaum
1353 5265 1486 5318 calmum.
1509 5267 1666 5335 Ocricunpue
1684 5282 1746 5334 erpa

57 5355 162 5411 deam
179 5356 237 5409 nisi
253 5355 340 5410 selum
361 5357 461 5410 lemn.
476 5357 508 5410 lit
529 5354 752 5410 descendentibus
771 5355 828 5409 illis
847 5356 881 5409 de
931 5353 1114 5408 barmiliuoen't
1136 5371 1163 5409 se
1183 5358 1253 5410 sicut
1269 5359 1402 5427 parrmtus
1422 5360 1480 5420 iste,
1500 5359 1542 5412 tric
1558 5367 1598 5415 est
1614 5360 1702 5430 mrum
1719 5365 1748 5417 iu

57 5454 151 5505 monte
170 5451 300 5521 pracepit
322 5448 515 5507 inaudimus
534 5468 542 5503 c
562 5451 671 5506 Nemini
690 5449 816 5505 dirmitis
837 5452 878 5502 ri·
931 5463 1010 5517 repro
1030 5448 1165 5511 cebium,
1182 5458 1211 5503 et
1236 5451 1436 5522 reliquumque
1454 5453 1565 5507 locutus
1584 5459 1626 5508 eat
1641 5453 1676 5510 de
1693 5454 1747 5511 lin·

56 5547 170 5603 εεεεεεει.
192 5543 275 5599 donec
308 5544 393 5601 Filius
415 5542 531 5599 bominis
557 5560 574 5599 u
603 5546 718 5599 mortuis
743 5549 878 5615 resurpat.
932 5540 1049 5597 militate
1072 5550 1100 5598 et
1123 5543 1352 5612 mansuetudine,
1374 5544 1409 5599 de
1426 5545 1558 5601 novandis
1578 5547 1748 5618 pusillarum

57 5638 137 5693 Tunc
158 5636 369 5711 inquirentibus
391 5636 537 5709 discipulis
557 5637 628 5694 dixit
642 5636 720 5710 qnod
742 5637 815 5694 Elios
831 5654 877 5692 re·
930 5636 1069 5691 sceirdslis
1091 5642 1118 5691 at
1142 5638 1275 5695 iratribus
1294 5638 1420 5712 benigne
1440 5640 1619 5715 castigandis.
1641 5642 1747 5703 llsinds

55 5732 157 5809 pisssi.
171 5733 208 5793 Et
226 5732 509 5805 protoscrinium
526 5733 574 5789 itte
586 5732 620 5789 ds
640 5734 741 5791 lomim
755 5735 879 5805 Baptista
930 5731 965 5788 de
986 5730 1168 5804 indulgentie
1185 5734 1311 5790 tremene
1325 5735 1466 5809 tractarit,
1481 5742 1510 5796 el
1528 5736 1701 5814 prmum
1713 5739 1753 5797 ts
