3750 6046
57 233 125 288 lisa

552 228 723 292 EPlSTOIAE
743 234 785 291 Er
805 232 1008 293 rutundum.
1032 267 1066 276 -
1080 238 1137 293 AN.
1160 237 1240 290 tiso.

1674 235 1741 289 list

58 371 111 409 nec
134 354 284 416 debemus,
308 354 340 407 ut
359 353 476 409 ecclesia
496 354 589 410 Sancti
604 356 679 410 Petri
704 358 739 412 ad
756 357 873 412 Vincula
884 362 970 443 Atur
982 359 1163 427 concessisse,
1176 366 1205 413 et
1217 374 1345 413 annuum
1361 357 1503 413 redditum
1516 362 1631 412 centum
1643 356 1737 412 Bizan-

56 449 182 520 suojure
204 449 310 503 debeat
335 448 510 517 defraudari,
535 466 586 520 per
613 452 768 521 apostolica
793 452 871 506 robis

57 543 162 614 scripta
181 542 359 608 mandamus,
380 546 521 614 quatenus
545 543 715 614 pradictum
737 547 873 616 populum

58 636 186 691 districte
198 637 413 703 commoneatis,
425 643 455 692 ut
468 653 484 691 a
498 638 722 693 contradictione
735 639 781 693 illa
797 639 875 711 peni·

58 735 104 784 tus
119 729 154 784 de
170 732 271 785 cratero
292 736 383 785 cesset
392 746 400 798 ;
423 733 451 784 et
463 731 540 803 qnod
553 732 671 786 ecclesia
692 732 786 788 Sancti
800 732 874 787 Petri

59 824 145 879 habet
160 824 189 877 in
205 823 314 878 caeteris
330 823 388 877 suis
410 824 532 895 capellis,
548 825 577 879 in
599 824 649 879 isla
665 825 691 879 ei
705 825 874 881 subtrahere

62 934 119 972 non
135 922 300 988 praesumat.
315 917 350 970 Et
363 918 386 971 si
409 918 444 972 ab
466 918 630 988 lmjusmodi
653 919 767 975 levitate
783 935 874 975 cessa-

60 1012 142 1077 verit,
162 1010 344 1065 interdictum
358 1013 490 1066 volumus
503 1011 635 1076 relaxari,
653 1015 684 1066 ut
697 1014 725 1067 in
741 1013 876 1084 praedicta

61 1105 176 1158 ecclesia
189 1104 299 1159 Sanctae
315 1105 406 1159 llariae
420 1105 511 1159 officia
527 1105 620 1159 divina
632 1105 715 1160 liceat
728 1105 874 1161 celebrari.

60 1198 193 1269 Alioquin
217 1214 344 1270 paenam,
369 1215 456 1270 quam
483 1199 512 1253 in
537 1199 636 1254 officiis
651 1200 806 1272 patiuntur,
829 1216 876 1255 cos

61 1291 242 1346 decernimus
257 1293 408 1347 sustinere.

98 1387 199 1440 [latum
218 1386 380 1455 beneventi,
397 1403 432 1441 xv
448 1387 590 1442 lialendas
605 1387 717 1458 Aprilis.

445 1500 496 1554 XC.

58 1592 204 1647 Ecclesiam
231 1595 416 1648 flatusenacm
454 1594 502 1647 sub
528 1594 682 1663 apostolica
711 1594 780 1649 sedis
811 1610 877 1665 pro·

925 453 1038 521 tiorum,
1056 470 1127 525 quos
1140 454 1216 508 idem
1231 469 1326 508 comes
1341 469 1391 524 pro
1403 451 1580 506 indumentis
1589 450 1740 506 canonico·

924 564 987 602 rum
997 548 1134 601 concessit
1145 547 1244 613 tibi,el
1255 545 1740 618 pcrteccclesiaetuaa.Nihilominus

925 642 1126 696 confirmamus
1135 641 1260 695 decimas
1273 641 1390 711 insuper
1401 641 1530 694 omnium
1541 655 1639 693 rerum
1652 638 1740 709 ipsius

926 736 1110 806 episcopatus,
1135 751 1197 805 quae
1222 734 1358 789 decimari
1388 734 1502 802 debent,
1536 733 1686 805 primitias,
1712 738 1741 787 et
1816 772 1819 779 .

924 828 1215 883 omniaecclesiastica
1226 829 1290 899 jura
1304 828 1431 899 praefata
1446 828 1613 882 ecclesiates
1628 827 1740 896 integro

925 923 1119 989 concedimus,
1141 926 1171 977 et
1193 923 1362 977 auctoritate
1383 922 1534 992 apostolica
1554 921 1738 987 collocamus3

927 1016 1079 1070 statuimus
1108 1032 1231 1088 quoque,
1255 1022 1286 1070 ut
1315 1015 1482 1086 episcopalis
1507 1015 1587 1069 sedes
1616 1015 1741 1067 llertusor

927 1110 1039 1175 habeat,
1055 1113 1083 1163 el
1098 1110 1192 1181 quiete
1205 1109 1346 1179 possideat
1359 1125 1456 1163 omnes
1471 1107 1609 1162 terminos
1624 1106 1668 1161 sui
1679 1107 1739 1178 cpi·

927 1206 1064 1273 scopatus,
1085 1205 1157 1258 sicut
1172 1203 1272 1257 melius
1287 1219 1412 1273 unquam
1427 1202 1528 1272 aliquis
1541 1218 1592 1255 rex
1610 1206 1741 1272 tempore

927 1296 1131 1352 Saracenorum
1146 1312 1267 1367 regnum
1291 1298 1417 1352 llertusce
1439 1295 1570 1366 possedit,
1586 1294 1627 1349 vel
1650 1294 1740 1365 possi-

927 1391 995 1445 dere
1017 1390 1124 1446 debuit.
1148 1390 1298 1445 Sanclmus
1321 1393 1427 1455 autem,
1453 1392 1486 1444 ut
1507 1388 1593 1460 ipsius
1617 1388 1742 1443 ecclesiae

928 1483 1057 1539 canonici
1079 1483 1129 1539 tibi
1155 1484 1269 1555 tuisque
1291 1483 1501 1539 successoribus
1524 1482 1651 1538 debitam
1673 1483 1740 1537 obe·

928 1579 1081 1644 dientiam,
1105 1584 1133 1633 ot
1156 1578 1347 1633 reverentiam
1376 1578 1560 1647 promittant,
1586 1576 1742 1631 exhibeant
1832 1566 1835 1571 ’

96 1677 207 1727 tectione
230 1676 350 1745 suscipit,
377 1674 485 1743 ejusque
511 1679 626 1741 statuto,
646 1680 672 1728 et
703 1677 879 1743 possessiones
930 1674 1015 1743 atque
1029 1671 1236 1742 professionem
1252 1671 1365 1725 faciant.

96 1757 248 1821 confirmat.

293 1846 465 1916 (beneventi,
485 1847 566 1902 ldart.
586 1849 643 1917 20.)

172 1939 295 2013 linones,
315 1943 429 2011 Espono
447 1942 578 2011 sagrada,
599 1942 673 2007 rull,
694 1942 769 2012 303.]

98 2048 236 2101 hnarasus
255 2046 415 2115 episcopus,
430 2060 527 2099 servus
540 2061 687 2099 serrorum
711 2044 772 2112 Dei,
788 2060 876 2100 rone-

60 2139 144 2195 rabili
164 2139 245 2193 fratri
262 2138 400 2193 Gauraroo
421 2138 583 2194 berlusensi
598 2138 741 2210 episcopo,
756 2139 876 2209 eJ'usque

62 2233 277 2299 successoribus,
305 2231 439 2287 canonice
462 2232 673 2298 substituendis,
698 2233 818 2287 salutem
848 2238 877 2288 et

63 2327 248 2398 apostolicam
268 2326 506 2382 benedictionem.

98 2424 169 2476 Cum
183 2438 216 2475 ex
234 2421 363 2490 injuncto
387 2420 492 2474 nobisa
507 2420 565 2475 lleo
580 2420 752 2491 apostolatus
772 2418 875 2488 officio,

62 2531 118 2585 quo
134 2514 240 2569 cunctis
259 2514 362 2571 Christi
375 2513 516 2582 fidelibus,
527 2519 641 2568 auclore
657 2514 787 2579 Domino,
803 2530 876 2585 prae-

62 2610 232 2675 eminemus,
247 2608 425 2678 singulorum
440 2607 513 2679 paci,
528 2607 761 2679 ottrauquillitati
772 2607 875 2662 debca-

63 2718 128 2756 mus
143 2701 302 2767 intendere‚
315 2702 447 2772 praesenti
460 2718 511 2773 pro
526 2702 641 2756 illorum
653 2702 749 2772 quiete
765 2707 878 2772 oportet

63 2812 116 2850 nos
128 2811 187 2849 esse
200 2795 342 2861 sollicitos,
357 2796 406 2866 qui
421 2795 555 2866 pastorali
570 2794 711 2866 dignitate
728 2800 794 2849 stant
808 2810 878 2864 prae-

63 2889 125 2949 diti,
150 2888 225 2943 elad
249 2888 374 2942 officium
397 2888 555 2958 pontificale
570 2888 704 2959 promoti,
728 2887 784 2942 nisi
800 2888 878 2943 enim

62 3000 124 3049 nos,
142 2999 242 3037 eorum
261 2982 429 3037 utilitatibus
450 2981 641 3048 intendentes,
658 2982 788 3053 ipsorum
799 2983 877 3054 jura,

63 3077 91 3131 in
115 3081 263 3147 quantum,
283 3076 340 3131 Deo
369 3076 560 3147 permittente,
588 3076 737 3146 possimos,
765 3076 877 3146 integra

63 3186 271 3238 conservemus,
286 3173 315 3224 et
330 3170 500 3224 auctoritate
522 3170 673 3241 apostolica
693 3186 743 3225 cos
763 3170 798 3225 ab
821 3170 876 3225 ini-

64 3280 189 3336 quorum
203 3264 353 3318 hominum
367 3262 528 3318 incursibus
540 3263 740 3332 defendamus,
764 3263 800 3318 de
815 3265 876 3317 illo-

63 3374 128 3413 rum
141 3358 229 3413 salute
246 3374 304 3412 non
318 3374 383 3412 rere
394 3359 530 3428 poterunt
545 3373 606 3411 esse
620 3357 745 3424 solliciti,
759 3356 810 3427 qni
823 3357 878 3411 sibi

62 3453 98 3507 ad
113 3451 281 3522 regendum,
298 3452 428 3518 Domino,
442 3454 517 3519 sunt,
527 3450 708 3521 disponente,
719 3449 876 3505 commissi.

63 3547 230 3618 Eupropter,
256 3545 425 3600 venerabilis
445 3545 475 3599 in
502 3544 613 3601 Christo
634 3544 722 3600 frater
744 3544 877 3600 Ganfride

63 3640 205 3712 episcope,
221 3640 275 3694 tuis
289 3640 371 3712 justis
385 3638 625 3711 postulationibus
637 3641 752 3710 gratum
767 3639 876 3710 impar-

63 3735 167 3790 tientes
180 3750 339 3803 assensum,
349 3739 385 3803 lc,
402 3739 430 3789 el
439 3734 638 3788 dertusensem
653 3733 815 3802 Ecclesiam,
831 3732 876 3787 cui

64 3829 122 3884 fleo
137 3832 261 3896 auctore,
286 3843 405 3900 praeesse
421 3827 605 3899 dignosceris,
625 3827 676 3882 sub
702 3827 779 3884 Beati
800 3826 876 3882 Petri

64 3928 92 3977 et
104 3929 196 3976 nostra
206 3922 379 3993 protectione
389 3921 607 3993 suscipimusct
621 3921 768 3992 praescntis
779 3921 877 3992 scripti

63 4017 213 4088 privilegio
238 4015 461 4070 communimus.
488 4017 515 4070 ln
538 4015 639 4087 primis
658 4013 800 4087 siquidem
823 4020 877 4070 sta-

64 4113 188 4177 tuentes,
203 4110 275 4164 utin
291 4110 354 4182 ipsa
371 4110 493 4164 Ecclesia
506 4109 576 4164 ordo
589 4109 751 4177 carronicus,
767 4109 817 4180 qui
830 4126 874 4164 se·

63 4205 189 4259 crrndum
205 4205 263 4274 Dei,
281 4211 309 4260 ct
324 4204 398 4259 Beati
413 4203 563 4274 Augustini
586 4203 736 4274 Regulam,
764 4208 791 4257 ct
805 4218 875 4258 con·

63 4297 230 4352 suetudines
252 4299 376 4354 ecclesiae
402 4298 496 4354 Sancti
523 4297 586 4351 llufl
611 4295 719 4351 ibidem
750 4297 877 4352 noscitur

62 4390 217 4457 institutus,
240 4393 386 4463 perpetuis
409 4391 588 4464 temporibus
608 4389 809 4446 inviolabililer
824 4391 873 4446 ob·

890 1740 917 1812 B
965 1765 1149 1820 Decernimus
1161 1765 1260 1833 etiam,
1278 1770 1308 1819 ut
1320 1764 1349 1819 in
1364 1768 1524 1818 memorata
1543 1765 1659 1818 ecclesia
1679 1765 1741 1819 ncil-

926 1859 971 1913 tus
985 1859 1014 1912 in
1028 1858 1192 1929 episcopum
1216 1858 1347 1929 eligatur,
1361 1857 1416 1911 nisi
1437 1857 1589 1912 canonicus
1604 1858 1743 1913 canonico

927 1952 1027 2007 habitu
1042 1951 1169 2019 indutus,
1191 1951 1338 2022 religionis
1352 1957 1474 2013 amator,
1491 1956 1520 2007 et
1530 1950 1631 2005 litteris
1645 1950 1742 2006 erudi-

927 2048 981 2113 tus,
1007 2045 1056 2117 qui
1080 2046 1160 2116 gregi
1180 2045 1232 2100 sibi
1254 2044 1417 2111 commisso,
1442 2048 1471 2099 et
1495 2060 1617 2115 preaesse
1633 2044 1744 2099 noverit

927 2140 1042 2210 pariter,
1064 2144 1092 2194 et
1115 2138 1259 2209 prodesse.
1287 2139 1573 2192 administrationem
1596 2154 1664 2192 vcro
1683 2138 1744 2208 jam

928 2232 1009 2287 dicim
1023 2233 1149 2287 ecclesiae
1163 2247 1293 2303 personae
1309 2231 1574 2286 administrationes
1588 2231 1641 2284 sibi
1654 2231 1743 2286 credi·

927 2330 979 2395 tas,
991 2344 1048 2381 non
1067 2327 1147 2398 quasi
1163 2326 1347 2381 hereditario
1359 2326 1424 2396 jure
1447 2324 1622 2396 possideant,
1644 2325 1743 2380 sadud

927 2420 1080 2475 arbitrium
1098 2420 1235 2490 episcopi,
1250 2422 1279 2473 et
1293 2419 1424 2484 fratrum,
1439 2422 1487 2473 aut
1501 2419 1531 2472 in
1544 2418 1742 2473 claustrorasi-

927 2516 1025 2583 deant,
1041 2520 1090 2568 aut
1112 2514 1181 2568 alias
1203 2513 1468 2567 administrationes
1492 2528 1557 2566 cum
1583 2512 1744 2567 obedientia
1832 2536 1836 2541 ·

928 2608 988 2662 sine
1001 2605 1395 2677 contradictionesuscipiant.
1412 2606 1449 2660 fle
1464 2612 1567 2660 caetero
1579 2605 1743 2672 statuimus,

928 2705 960 2755 ut
970 2701 1101 2772 hospitali
1119 2717 1279 2771 pauperum
1295 2699 1410 2766 Christi,
1425 2700 1502 2770 quod
1516 2699 1552 2754 ad
1561 2715 1745 2754 communem

927 2795 1120 2866 indigentium
1129 2794 1282 2848 utilitatem
1293 2799 1485 2864 constructum
1498 2797 1551 2860 est,
1564 2799 1624 2848 tam
1638 2793 1745 2864 episco-

928 2905 980 2959 pns
993 2905 1080 2959 qrram
1095 2887 1221 2943 canonici
1235 2887 1413 2941 llertrrsensis
1427 2887 1551 2941 ecclesiae
1562 2886 1597 2940 de
1611 2885 1745 2941 omnibus

927 2982 1163 3053 possessionibus,
1176 2988 1205 3037 ct
1219 2981 1377 3036 redditibus
1385 2981 1443 3035 suis
1456 2980 1581 3035 decimas
1594 2995 1660 3034 cum
1673 2980 1746 3033 intc-

928 3078 1032 3148 gritate
1044 3078 1214 3148 persolvant.
1231 3074 1417 3129 Prohihemns
1431 3089 1557 3145 quoque,
1574 3079 1605 3128 ut
1618 3072 1687 3128 nulli
1700 3090 1746 3127 ec·

928 3171 1087 3225 clesiaslicae
1110 3170 1154 3224 vel
1179 3168 1308 3223 seculari
1329 3184 1460 3239 persona
1475 3168 1566 3234 liceat,
1582 3167 1634 3221 nisi
1651 3171 1745 3222 aucto

927 3264 1008 3320 ritate
1022 3270 1115 3319 nostra
1124 3263 1232 3317 nrirnila
1244 3262 1340 3325 fuerit,
1352 3262 1381 3316 in
1392 3266 1452 3316 toto
1461 3261 1624 3317 bertusensi
1634 3261 1742 3331 episco-

928 3363 994 3429 patu
1011 3357 1117 3428 absque
1140 3363 1201 3422 tua,
1224 3362 1252 3411 et
1275 3371 1469 3410 successorum
1495 3358 1608 3408 tuorum
1630 3353 1743 3409 licentia

928 3452 1061 3506 ecclesias
1082 3456 1258 3517 construere,
1273 3449 1317 3503 vel
1337 3452 1516 3521 *constructas
1530 3446 1684 3517 possidere,
1700 3448 1741 3501 vol
1761 3435 1766 3443 ’

927 3543 1100 3617 parochialia
1114 3543 1167 3597 sibi
1179 3544 1245 3614 jura
1262 3557 1409 3612 usurpare.
1428 3540 1456 3596 Si
1470 3540 1533 3612 quis
1547 3545 1644 3595 autem
1655 3556 1739 3611 paro-

928 3638 1045 3694 chianus
1061 3642 1137 3703 tuus,
1153 3636 1346 3709 possessiones
1364 3640 1392 3689 et
1415 3634 1488 3688 bona
1501 3650 1577 3706 saepe
1592 3632 1675 3689 dictae
1693 3651 1739 3690 cc-

928 3732 1022 3787 clcsiae
1035 3731 1176 3798 minuere,
1196 3730 1240 3786 rel
1263 3730 1377 3784 auferre
1401 3727 1624 3800 presumpserit,
1642 3743 1692 3783 seu
1710 3729 1740 3783 in

926 3827 1022 3897 aliquo
1035 3825 1193 3892 excesserit,
1207 3823 1282 3879 unde
1296 3823 1334 3878 sit
1345 3822 1458 3877 vinculo
1472 3821 1739 3878 excommunicatio

927 3921 971 3976 nis
984 3919 1146 3986 innodatus,
1162 3919 1246 3973 liceat
1261 3917 1312 3972 tibi
1326 3915 1495 3971 auctoritate
1509 3926 1604 3970 nostra
1614 3932 1679 3970 eum
1693 3933 1737 3970 us·

927 4031 983 4088 que
996 4014 1032 4068 ad
1047 4013 1222 4084 condignam
1235 4010 1456 4067 satisfactionem
1471 4011 1608 4065 canonica
1626 4013 1737 4066 seuleu-

926 4110 965 4164 tia
980 4124 1121 4164 coercere.
1138 4105 1322 4163 Decemimus
1335 4120 1416 4176 ergo,
1430 4107 1462 4159 ul
1477 4103 1546 4159 nulli
1559 4104 1677 4160 omnino
1689 4105 1740 4161 bo·

928 4204 1039 4257 minum
1051 4202 1132 4257 liceat
1144 4199 1334 4272 supradictam
1345 4198 1491 4254 ecclesiam
1500 4204 1610 4253 temere
1625 4205 1737 4270 periur-

925 4298 1002 4364 bare,
1017 4300 1066 4351 aut
1080 4296 1141 4367 ejus
1155 4294 1346 4367 possessiones
1361 4293 1485 4357 auferre,
1501 4292 1544 4346 vel
1565 4292 1670 4348 ablatas
1691 4311 1737 4349 re·

926 4391 1027 4456 tinere,
1042 4390 1182 4458 minuere,
1197 4405 1248 4443 seu
1269 4386 1441 4460 quibuslibet
1463 4384 1658 4440 vexationibus
1671 4386 1735 4441 fati·

64 4488 199 4538 servetur.
216 4486 355 4540 Praeterea
375 4501 557 4558 quascunque
574 4485 774 4557 possessiones,
796 4502 872 4556 qliae·
884 4480 914 4553 D
926 4501 1002 4558 gare,
1019 4483 1067 4538 sed
1091 4483 1196 4537 illibata
1216 4481 1322 4550 omnia,
1348 4487 1377 4535 et
1402 4479 1513 4550 integra
1533 4482 1738 4534 conserventur

63 4594 176 4647 cunque
190 4577 267 4633 bona
281 4579 380 4634 eadem
397 4580 515 4635 ecclesia
536 4580 793 4656 inpresentiarum
798 4580 874 4650 juste
925 4594 1034 4644 eorum,
1051 4593 1102 4648 pro
1116 4592 1240 4648 quorum
1256 4573 1466 4646 gubernatione
1491 4577 1519 4627 ct
1534 4572 1741 4628 sustentatione

65 4675 93 4726 ct
115 4672 248 4726 canonico
269 4673 404 4743 possidet,
427 4676 476 4727 aut
495 4674 524 4727 in
550 4674 679 4729 futurum
692 4672 875 4728 concessione
926 4688 1057 4728 concessa
1071 4673 1146 4736 sunt,
1169 4669 1267 4724 usibus
1288 4667 1461 4723 omnimodis
1483 4666 1644 4739 profutura,
1665 4668 1741 4721 salva

63 4765 241 4838 pontificum,
265 4765 414 4837 largitione
427 4782 530 4838 regum
550 4767 593 4822 vel
609 4766 784 4839 principum,
798 4767 875 4821 obla·
926 4766 1000 4821 sedis
1019 4764 1181 4836 apostolicae
1200 4764 1381 4818 auctoritate.

63 4860 143 4915 tione
158 4858 294 4925 fidelium,
309 4875 357 4912 scu
375 4859 436 4913 aliis
451 4859 532 4931 justis
545 4861 646 4921 modis,
658 4866 811 4931 praestante
828 4861 877 4915 llo·
962 4860 990 4915 Si
1005 4876 1060 4931 qun
1075 4859 1173 4930 igilur,
1187 4863 1240 4913 istc.

64 4954 155 5019 mino,
172 4953 275 5024 poterit
287 4952 415 5024 adipisci,
430 4953 516 5009 llrma
529 4954 593 5021 libi,
607 4954 719 5025 tuisque
733 4969 876 5008 successo·
963 4956 1023 5026 Ego
1037 4952 1179 5008 Adrianus
1190 4951 1336 5006 catholicae
1349 4951 1477 5006 Ecclesiae
1491 4950 1652 5022 episcopus.

64 5047 154 5114 ribus,
168 5047 309 5101 etillibata
322 5052 523 5119 permaneant,
533 5048 562 5102 in
572 5048 675 5120 quibus
689 5046 879 5119 haecpropriis
964 5050 1022 5119 Ego
1045 5047 1135 5102 Guido
1159 5046 1307 5118 presbyter
1328 5044 1479 5100 cardinalis
1504 5044 1599 5100 Sancti
1622 5043 1742 5117 Chryso·

65 5140 197 5196 duximus
210 5139 397 5211 exprimenda
416 5141 577 5196 vocabulis:
930 5142 1007 5215 goni.

102 5235 304 5296 Granatellam,
320 5235 467 5291 fabariam
487 5224 553 5291 cum
575 5235 757 5306 pertinentiis
773 5235 840 5304 suls,
853 5240 881 5291 et
966 5238 1025 5309 Ego
1042 5235 1187 5290 lllsbaldus
1209 5233 1356 5306 presbyter
1378 5232 1529 5289 cardinalis
1551 5234 1660 5289 Sancta
1679 5235 1743 5288 Pro·

66 5344 111 5394 ea,
133 5343 198 5399 quta
222 5328 358 5398 predicta
378 5329 501 5384 Ecclesia
525 5330 553 5384 in
574 5329 665 5384 Bitem
687 5333 716 5384 et
735 5328 764 5384 in
779 5331 880 5386 astech
930 5331 1018 5386 aedis.

66 5422 200 5495 possidet.
222 5422 417 5494 Quaecunque,
442 5426 470 5478 et
493 5420 666 5478 venerabilis
681 5424 770 5480 frater
783 5430 883 5480 noster
968 5427 1025 5495 Ego
1037 5420 1495 5494 lmarusTusculanusepiscopus.

67 5517 227 5572 bernardus
253 5517 468 5572 Tarraconensis
498 5517 730 5590 archiepiscopus
751 5518 781 5573 in
809 5518 882 5574 deci·
969 5516 1028 5586 Ego
1043 5514 1159 5570 Gentius
1184 5509 1360 5581 Portuensis,
1381 5511 1536 5567 etSanctre
1557 5510 1746 5586 Ruftlnaeepi·
1827 5516 1830 5521 '

67 5611 165 5678 mitiis,
180 5610 370 5666 oblationibus
384 5617 412 5667 et
427 5611 668 5681 defunctionibus,
680 5629 796 5668 assensu
807 5628 883 5668 com·
932 5625 1044 5682 scopus.

68 5703 284 5775 provincialium
309 5706 517 5777 episcoporum,
541 5709 571 5760 et
593 5705 712 5761 illustris
735 5706 787 5761 riri
810 5709 882 5778 flay-
971 5705 1029 5775 Ego
1040 5702 1102 5758 Odo
1118 5702 1271 5758 cardinalis
1281 5701 1416 5758 dlaconus
1428 5701 1522 5759 Sancti
1536 5702 1649 5775 Georgii
1659 5703 1687 5755 in
1701 5702 1752 5757 llo·

68 5796 171 5858 mundi
184 5800 346 5874 berengarii
364 5800 475 5856 comitis
495 5800 709 5858 Barcinonensis
724 5801 774 5857 tibi
790 5800 882 5858 nosci·
933 5798 1024 5857 labro.
