3750 6046
29 162 33 169 ⁶
108 213 171 311 ⁴ar
835 213 996 275 onnsuci
1015 213 1146 273 ursus
1784 208 1820 269 ss

169 338 342 399 Theodosius
360 355 435 397 anno
453 356 472 396 1.
495 338 544 396 Ric
562 336 670 396 electus
688 338 719 396 in
735 339 992 429 imperatorem
1036 340 1237 398 Constantinus
1258 337 1358 397 Leonis
1384 337 1458 395 filius
1481 334 1563 394 annis
1586 352 1649 393 ιιιιι
1673 335 1818 409 regnavit.

135 435 313 494 Anastasium
336 436 411 508 apud
434 435 559 491 Nicaeam
581 434 723 490 civitatem
746 435 828 506 gravi
853 435 952 506 praelio
1001 438 1082 508 llogo
1097 435 1331 507 Rothomagensis
1345 433 1574 506 archiepiscopus
1589 431 1699 499 floruit,
1714 436 1743 486 et
1760 430 1817 502 epi-

137 531 219 599 ricit;
234 531 358 603 datoque
378 529 431 585 sihi
450 532 646 598 sacramanto,
669 528 808 584 clericum
832 527 896 584 fieri
919 546 952 585 ac
1002 529 1163 601 scopatibus
1187 527 1338 585 Parisicnsi
1361 531 1391 583 et
1410 526 1565 598 bajocensi,
1584 524 1705 581 abbatiis
1727 523 1818 580 etiam

136 625 334 698 presbyterum
349 623 476 681 ordinari
496 624 573 679 fecit.
593 625 656 695 lpse
676 638 755 692 vero,
776 627 809 679 ut
827 638 951 695 regnum
1001 623 1218 680 Cemmeticeusi
1240 626 1269 679 et
1291 620 1490 678 Fontinellensi
1509 619 1635 692 praefuit.
1656 619 1818 689 Carlomag-

137 719 255 792 accepit,
275 735 340 776 oum
360 722 435 775 esset
454 717 625 786 catholicus,
647 717 761 773 morin
783 716 863 789 rogia
880 716 951 772 urhe
1001 734 1054 774 nris
1077 721 1106 773 et
1126 717 1262 789 Pippinus
1283 716 1455 788 majoratum
1478 715 1581 770 domus
1607 712 1816 784 adipiscuntur,

136 813 294 886 imaginem
316 813 396 869 illam
414 811 618 879 venerandam,
642 813 672 866 in
697 827 755 883 qua
773 827 824 867 sex
848 814 952 866 sanctae
1002 816 1031 866 et
1047 811 1195 883 Remigius
1215 811 1301 867 frater
1318 825 1431 878 eorum,
1446 808 1536 880 ejecto
1560 806 1755 879 Rageofrcdo,
1774 822 1819 860 ar-

138 908 240 979 synodi
252 911 334 963 erant
347 905 476 977 depictae,
490 909 545 961 eta
559 905 717 979 Philippico
727 905 821 961 fuerat
832 904 949 977 dejecta,
1001 906 1197 978 chiepisropus
1211 903 1447 976 Rothomagensis
1465 901 1595 958 eflicitur.
1611 900 1818 957 Constantinus

138 1000 260 1074 pristino
274 1000 303 1056 io
318 1001 378 1055 loco
391 999 491 1055 erexit.
504 998 613 1054 Tiberis
626 999 727 1055 florius
745 999 857 1055 dream
867 1014 952 1055 suom
1002 1007 1031 1056 et
1052 999 1201 1055 llabdallas
1215 999 1332 1055 Amiras
1351 1013 1401 1053 rex
1421 997 1643 1053 Sarracenorum
1664 995 1773 1068 pariter
1789 994 1819 1048 in

137 1109 267 1168 egressus
287 1093 376 1148 malta
389 1093 527 1148 Romanae
546 1092 613 1148 fecit
625 1092 709 1149 exitia
721 1092 846 1160 civitati;
862 1092 901 1147 its
921 1097 952 1148 ut
1001 1094 1174 1150 orthodoxos
1187 1093 1315 1149 saeviunt.
1331 1091 1531 1149 Constantinus
1546 1089 1699 1145 concilium
1717 1103 1819 1144 cccxxx

137 1189 167 1244 in
180 1188 226 1244 via
243 1187 301 1244 fata
313 1185 349 1241 ad
365 1203 452 1242 onam
466 1188 496 1242 et
510 1186 596 1242 semis
610 1189 746 1243 staturam
767 1188 950 1255 accresceret,
1003 1189 1203 1261 episcoporum
1215 1186 1458 1257 Constantinopoli
1471 1183 1664 1257 congregavit.

136 1287 221 1354 atque
243 1299 260 1336 a
282 1283 364 1352 porta
381 1280 476 1337 Sancti
495 1280 570 1336 Petri
589 1296 679 1353 usque
697 1281 733 1336 ad
751 1286 869 1352 pontem
889 1280 951 1335 uil-
1037 1287 1119 1339 Anno
1150 1282 1186 1338 ab
1212 1281 1410 1339 lncarnatione
1434 1279 1546 1335 Domini
1570 1280 1633 1348 754,
1655 1276 1819 1349 Stephanus

142 1376 222 1432 vium
246 1391 328 1448 aquae
347 1374 552 1431 descendentes
573 1391 603 1429 se
623 1375 838 1447 conjungerent.
854 1374 954 1430 Mansit
1005 1393 1078 1449 papa
1090 1376 1267 1448 malignitate
1282 1374 1410 1431 llaistulfi
1423 1373 1677 1445 Langobardorum
1693 1370 1792 1443 regist
1807 1400 1818 1412 ·

141 1476 237 1526 autem
258 1469 357 1525 diebus
375 1484 411 1523 vu
432 1468 523 1524 donec
542 1468 694 1541 agentibus
705 1468 820 1524 crebras
840 1466 953 1523 litanias
1003 1470 1118 1541 ligatus,
1137 1469 1168 1525 in
1186 1470 1305 1526 Galliam
1331 1468 1468 1540 confugit,
1489 1482 1506 1522 a
1530 1466 1643 1521 Francis
1661 1464 1818 1521 honorifice

137 1564 254 1632 civibus,
268 1565 364 1620 octavo
379 1563 499 1618 demum
518 1562 564 1619 die
576 1563 739 1618 revertitur.
754 1561 802 1617 His
815 1561 952 1633 tempori·
1003 1568 1149 1635 susceptos
1171 1563 1283 1618 Parisiis
1300 1562 1450 1634 agrotavit,
1472 1565 1500 1616 et
1520 1559 1718 1616 convalescens
1741 1557 1817 1630 apud

136 1659 191 1715 bus
209 1657 292 1713 multi
316 1657 475 1729 Anglorum
498 1656 592 1728 gentis
617 1657 725 1713 nobiles
749 1660 777 1712 et
799 1655 950 1727 ignobiles,
1003 1657 1138 1714 Sanctum
1155 1657 1318 1729 Dionysium
1336 1657 1426 1712 altare
1440 1654 1590 1710 dedicavit.
1610 1652 1775 1725 Pippinum,
1790 1657 1819 1706 et

138 1751 191 1807 viri
215 1753 245 1807 et
266 1750 400 1819 feminae,
427 1749 513 1806 duces
538 1755 567 1806 et
593 1750 709 1822 privati,
735 1750 823 1805 divini
838 1727 1073 1823 *amoristilios
1086 1752 1155 1822 eJus,
1170 1752 1300 1809 Carolum
1323 1757 1352 1806 et
1371 1749 1591 1821 Carlomaguum
1612 1762 1696 1818 reges
1715 1762 1816 1802 conse·

138 1844 286 1916 instinctu,
312 1845 349 1901 de
368 1843 515 1900 Britannia
532 1846 652 1902 Romam
675 1845 773 1901 venire
797 1858 952 1901 consueve-
1002 1845 1213 1917 scamarisque
1232 1844 1428 1900 defensionem
1450 1843 1536 1898 totius
1557 1846 1661 1897 sancta
1686 1840 1818 1896 Ecclesia

139 1943 214 1997 rant.
1004 1945 1102 1996 contra
1115 1942 1230 1995 cunctos
1241 1938 1335 1993 hostes
1350 1938 1412 2009 ejus
1424 1935 1645 1993 commendavit.

173 2035 228 2090 Leo
253 2032 335 2089 annis
358 2048 386 2088 ιι
409 2032 549 2104 regnarit.
572 2032 658 2104 Cujus
680 2049 756 2088 anno
783 2049 812 2090 ιιι
837 2034 954 2090 Carolus
1038 2033 1185 2105 Pippinus‚
1205 2033 1378 2088 Francorum
1403 2048 1464 2102 rex,
1487 2035 1640 2102 postquam
1665 2045 1709 2085 ιιι
1737 2026 1819 2083 annis

137 2127 282 2185 Martellus
294 2127 406 2199 Pippini
418 2125 493 2182 filius
507 2127 600 2198 major
613 2127 713 2182 domus
734 2127 821 2199 regiae
838 2127 881 2195 fit,
901 2143 953 2182 an·
1004 2134 1117 2184 strenue
1138 2127 1277 2198 regnavit,
1298 2142 1346 2182 ιιιι
1368 2125 1510 2182 Kalendas
1531 2123 1657 2180 Octobris
1681 2122 1818 2190 moriens,

138 2238 234 2294 noque
257 2221 390 2294 sequenti
410 2219 625 2292 Ragonfrcdum
649 2225 805 2292 tyrannum
830 2220 955 2276 Vinciaci
1004 2223 1104 2280 Carolo
1128 2221 1186 2276 ulio
1208 2237 1260 2276 suo
1281 2236 1404 2292 regnum
1429 2219 1556 2291 reliquit.
1581 2217 1698 2272 Carolus
1721 2220 1819 2272 auteur

139 2317 216 2372 bello
229 2315 307 2384 vicit,
319 2331 377 2387 quo
390 2314 461 2371 victo
471 2314 649 2386 Andagavim
663 2314 794 2371 obtinuit.
809 2315 955 2372 sarraceni
1004 2317 1122 2388 blaguus
1136 2331 1209 2370 ιιιιι
1227 2315 1309 2369 annis
1323 2314 1463 2385 regnavit,
1483 2316 1512 2368 et
1524 2313 1613 2367 multa
1625 2309 1821 2382 predicabilis

139 2425 205 2464 cum
230 2409 372 2465 immenso
397 2407 526 2464 exercitu
550 2407 825 2481 Constantinopolim
852 2424 953 2464 conve·
1005 2414 1065 2465 tam
1092 2410 1121 2464 in
1147 2408 1341 2465 ecclesiasticis
1363 2408 1447 2463 rohos
1473 2422 1560 2478 quam
1581 2405 1611 2460 in
1636 2403 1821 2460 saecularibus

144 2504 268 2571 aientes,
283 2502 411 2557 triennio
430 2501 574 2556 civitatem
587 2501 728 2569 obsident,
742 2502 830 2558 donec
849 2501 955 2558 civibus
1005 2504 1190 2577 perpetrarit.
1206 2503 1294 2575 llujus
1308 2501 1424 2558 uirtutes
1437 2506 1502 2556 anta
1515 2499 1670 2555 Dominum
1685 2502 1714 2553 et
1728 2497 1822 2553 homi-

140 2598 230 2653 multa
248 2597 384 2653 instantia
397 2595 433 2652 ad
449 2595 605 2651 Dominum
618 2594 818 2663 clamantibus,
835 2595 956 2669 plurimi
1006 2615 1057 2653 nes
1079 2614 1194 2669 magna
1213 2598 1341 2664 fuerunt,
1359 2600 1388 2651 et
1409 2596 1568 2650 multorum
1584 2609 1633 2648 ora
1650 2593 1739 2664 ipsius
1757 2596 1822 2647 acta

140 2707 240 2747 eornm
253 2690 342 2759 fame,
355 2689 473 2760 frigore,
486 2687 704 2761 pestilentiaque
717 2689 853 2760 perirent,
869 2705 900 2745 ac
914 2689 954 2745 sic
1006 2708 1071 2747 oum
1096 2691 1280 2746 admiratione
1305 2690 1444 2758 referunt,
1473 2688 1618 2761 avidisque
1642 2686 1821 2743 auditoribus

31 2798 34 2805 ·
140 2784 252 2855 pertaesi
273 2782 431 2839 obsidionis
448 2781 646 2837 abscederent.
668 2781 799 2855 Regressi
817 2782 955 2854 bulgaro·
1007 2802 1072 2842 cum
1085 2786 1181 2841 favore
1192 2800 1304 2840 summo
1315 2783 1476 2840 concinunt.
1492 2783 1553 2854 lpse
1566 2782 1719 2837 enimcum
1729 2780 1822 2837 nobili

140 2893 206 2933 rum
216 2880 344 2949 gentem,
358 2892 423 2948 qum
437 2890 522 2947 super
532 2875 695 2932 Danubium
704 2879 756 2945 ost,
768 2876 842 2932 hello
855 2891 956 2948 aggre·
1006 2879 1151 2936 Gallorum
1175 2879 1302 2935 exercito
1326 2879 1445 2933 Romam
1469 2876 1608 2948 perrexit,
1636 2874 1752 2930 atinde
1774 2890 1821 2929 re-

140 2971 266 3039 diontur,
281 2975 309 3026 et
326 2969 362 3025 ab
377 2969 430 3025 hac
441 2984 558 3042 quoque
572 2969 636 3025 uicti
650 2969 810 3041 refugiunt,
825 2986 858 3025 ac
872 2986 957 3026 naves
1007 2989 1107 3030 means
1131 2972 1311 3028 Desiderium
1333 2986 1432 3042 regem
1458 2969 1709 3041 Langobardorum
1733 2968 1820 3040 cepit.

140 3081 204 3120 suas
230 3066 374 3136 repetunt.
402 3062 509 3128 Quibus
535 3078 601 3118 cum
631 3063 719 3119 altum
743 3067 885 3136 peterent,
911 3064 956 3119 in·
1008 3067 1132 3139 Papiam,
1155 3067 1280 3139 aliasque
1305 3066 1430 3120 civitates
1456 3064 1544 3119 ltaliae
1567 3063 1620 3119 sibi
1646 3062 1822 3134 subjugarit,

141 3162 261 3232 gruanta
284 3157 378 3213 subita
404 3158 576 3228 tempestato
601 3156 719 3229 plurimi
745 3157 832 3213 otiam
857 3157 956 3225 mersi,
1007 3161 1226 3233 Pompeianiam
1262 3160 1408 3216 destruxit.
1442 3161 1689 3230 Caesaraugustam
1721 3156 1824 3212 bellica

140 3255 199 3309 sive
229 3250 383 3308 confractis
413 3267 466 3322 per
491 3251 588 3307 littora
609 3249 729 3306 navbus
756 3254 823 3306 sunt
851 3250 954 3307 uocati.
1007 3270 1095 3310 manu
1121 3254 1261 3322 obtinuit;
1280 3254 1403 3309 Saxones
1420 3256 1450 3308 et
1469 3251 1604 3325 Hispanos
1620 3254 1705 3322 atque
1722 3250 1822 3305 Sarra·

139 3345 350 3418 Liuthprandus
363 3360 413 3401 rex
425 3344 546 3400 audiens
564 3345 639 3418 quod
656 3344 813 3412 Sarraccni,
830 3345 958 3417 depopu·
1008 3364 1093 3404 cenos
1110 3347 1191 3403 hellis
1206 3347 1345 3421 protrivit,
1362 3347 1547 3419 ethnicasque
1563 3345 1636 3399 vires
1654 3343 1824 3401 Christianae

140 3442 198 3497 lata
220 3439 363 3506 Sardinia,
386 3438 473 3494 etiam
493 3437 555 3494 loca
579 3438 720 3494 foedarant
740 3438 796 3505 illa,
819 3438 869 3493 uhi
892 3455 958 3494 ossa
1008 3441 1118 3497 virtutis
1140 3444 1248 3497 terrore
1272 3438 1442 3510 humiliavit,
1469 3443 1498 3496 et
1520 3438 1656 3495 vexillum
1683 3438 1776 3493 crucis
1795 3437 1825 3492 iu

142 3533 233 3589 sancti
266 3532 420 3604 Augustini
453 3531 580 3605 episcopi
612 3536 731 3603 propter
768 3532 957 3587 vastationem
1008 3535 1125 3591 nomine
1138 3534 1241 3591 Christi
1250 3535 1423 3590 sublimarit.

140 3628 330 3684 barbarorum
353 3625 423 3682 olim
442 3625 588 3695 hunslata,
611 3631 640 3682 et
665 3626 820 3682 honorilice
844 3626 960 3682 fuerant
1045 3632 1099 3687 Leo
1127 3629 1301 3686 Constantini
1326 3628 1399 3684 filius
1423 3627 1551 3683 vannis.
1576 3629 1682 3683 lterum
1707 3625 1825 3682 Carolus

141 3722 266 3787 condita,
278 3720 364 3789 misit,
379 3726 408 3776 ct
420 3720 486 3776 dato
506 3735 610 3791 magno
622 3721 716 3791 pretio
729 3720 849 3792 accepit,
865 3736 958 3792 eaque
1010 3725 1130 3780 Romam
1144 3722 1230 3792 vadit,
1245 3723 1347 3778 deinde
1362 3722 1488 3793 Capuam
1502 3726 1531 3777 et
1542 3720 1673 3794 Apuliam
1686 3719 1786 3776 bellica
1799 3720 1825 3774 vi

142 3817 173 3872 in
186 3815 289 3872 'licinia
304 3814 459 3882 transtulit,
471 3814 569 3887 ibique
583 3831 649 3870 corn
661 3815 771 3871 honore
782 3818 862 3871 tauto
879 3815 957 3872 Patri
1011 3819 1179 3892 penetravit.

144 3910 239 3967 debito
254 3908 389 3965 condidit.
1045 3911 1257 3980 Constantinus,
1276 3927 1341 3967 com
1360 3913 1441 3966 lrene
1464 3913 1558 3965 matre
1579 3926 1640 3980 sua,
1659 3925 1713 3964 ιιιι
1732 3908 1823 3964 annis.

179 4005 327 4075 Circusque
344 4000 607 4074 chronographiam
620 4001 730 4073 Anglici
748 4001 832 4057 Bedee
848 4006 961 4058 secutus
1010 4007 1087 4062 'func
1105 4005 1351 4077 Constantinopoli
1371 4004 1488 4076 quidam
1507 4003 1648 4075 lapideam
1669 4018 1768 4058 arcam
1786 4002 1828 4057 in-

143 4112 217 4164 sum,
238 4097 286 4168 qui
313 4094 424 4167 scripsit
450 4111 542 4168 usqua
565 4094 602 4150 ad
623 4097 674 4150 tel
698 4095 734 4151 ab
757 4095 960 4153 lucarnatiooc
1010 4101 1097 4169 venit,
1122 4105 1151 4157 et
1167 4100 1197 4155 in
1217 4116 1281 4155 eam
1300 4099 1392 4154 uirum
1410 4099 1554 4170 jacentem
1574 4113 1640 4153 cum
1661 4097 1716 4153 hac
1735 4097 1825 4169 scrip·

36 4244 44 4253 ,
144 4189 259 4247 Domini
275 4205 394 4245 annum.
417 4191 479 4261 lpse
504 4187 642 4244 nimirum
664 4189 742 4244 Bada
763 4190 910 4262 presbyter
933 4194 962 4245 et
1011 4197 1097 4251 tura:

144 4283 248 4340 Paulus
262 4282 453 4351 Cassiniensis,
475 4282 615 4354 religione
634 4283 778 4352 monachi,
799 4283 962 4339 eruditione
1047 4288 1169 4346 curatus
1191 4293 1315 4344 meatur
1335 4304 1368 4345 er
1388 4290 1480 4345 Maria
1504 4289 1626 4358 Vtrptne,
1648 4291 1675 4342 et
1697 4287 1777 4342 credo
1797 4288 1827 4340 in

144 4393 250 4450 magna
269 4376 381 4447 imbuti,
397 4377 473 4432 inter
486 4381 588 4432 caetera
608 4376 684 4432 bona
699 4377 792 4433 studia
814 4377 963 4433 historiam
1011 4399 1080 4439 eum.
1102 4383 1157 4442 Sub
1179 4385 1355 4443 Constantino
1379 4389 1403 4439 ct
1423 4385 1497 4440 frene
1517 4382 1759 4453 imperatoribuso
1777 4380 1826 4443 sol,

145 4488 204 4527 suae
218 4470 311 4544 gentis
333 4470 460 4543 quinque
475 4469 553 4526 libris
574 4470 737 4542 ediderunt,
752 4475 781 4527 et
802 4463 1108 4535 luculenterDitarum
1120 4492 1162 4532 me
1175 4477 1287 4533 videbis.

146 4568 366 4638 prompserunt3
391 4563 466 4620 unde
488 4563 594 4620 Goinili
616 4571 645 4620 ot
664 4564 747 4637 Angli
771 4564 963 4638 processerint
1046 4570 1161 4626 Carolus
1172 4570 1209 4626 ad
1223 4571 1295 4626 flues
1307 4569 1444 4642 bajoariae
1457 4586 1508 4642 per
1517 4568 1718 4626 Alemanniam
1736 4569 1826 4638 veuit,

146 4664 173 4715 et
193 4658 318 4731 qualiter
339 4657 451 4714 ltaliam
470 4658 660 4731 Langobardi,
683 4662 770 4732 atquc
784 4659 963 4716 Britanniam
1013 4671 1042 4721 st
1064 4665 1150 4721 tertio
1175 4681 1251 4721 anno
1278 4664 1432 4736 Rajoariam
1458 4663 1591 4720 obtinuit.
1617 4663 1727 4719 Deinde
1750 4664 1826 4720 Scla-

146 4752 231 4824 Augli
244 4751 297 4807 sibi
310 4750 484 4825 subegerint.
1012 4774 1070 4828 vos,
1091 4757 1140 4832 qui
1159 4758 1235 4814 Vulti
1259 4757 1403 4827 dicuntur,
1430 4756 1516 4826 vadit,
1540 4773 1672 4830 annoque
1694 4757 1827 4830 sequenti

146 4847 221 4904 xxv.
245 4847 424 4918 imperotores
441 4848 566 4904 Romani.
591 4849 734 4918 Pipptaus
755 4848 869 4907 Carolus
887 4849 964 4917 Καρ·
1012 4851 1190 4925 Rungariam
1204 4852 1329 4908 vastant.

269 4955 330 4997 aas.
349 4943 526 5013 fmperotores
545 4941 848 5010 constantinopolitani.
1048 4945 1095 5000 llis
1108 4945 1286 5019 temporibus
1300 4944 1443 5001 Adrianus
1461 4951 1490 5002 et
1508 4946 1564 5002 Leo
1577 4962 1630 5018 par
1641 4962 1732 5002 annos
1747 4962 1829 5003 sarm

181 5034 292 5090 Amodo
321 5033 444 5090 aliorum
478 5033 651 5089 documento
683 5034 798 5089 Petrum
824 5033 963 5091 laboriosa
1014 5034 1177 5107 apostolicae
1191 5034 1252 5090 sadi
1266 5035 1454 5107 prefuerunt,
1469 5037 1624 5093 admodum
1638 5036 1720 5092 bonis
1734 5038 1829 5109 operi·

145 5129 315 5200 perscrutari
347 5144 451 5202 cogor,
483 5131 513 5183 et
544 5126 767 5199 descriptionem
800 5133 963 5201 temporum
1013 5128 1067 5184 hus
1080 5128 1110 5183 iu
1124 5128 1276 5201 praesulatu
1293 5129 1442 5198 fulserunt,
1457 5133 1488 5186 et
1505 5132 1635 5187 Ecclesiae
1650 5131 1700 5186 Dei
1716 5131 1830 5202 profue-

147 5222 294 5295 usquead
320 5226 418 5279 nostra
439 5220 576 5295 prosequi
599 5225 731 5294 tempora
758 5221 871 5292 molior,
899 5239 965 5296 qua
1014 5227 1092 5278 runt.
1105 5223 1184 5278 Tunc
1195 5223 1395 5280 Constantinus
1413 5227 1443 5280 ot
1460 5225 1525 5294 Leo,
1545 5224 1676 5298 aliusque
1695 5226 1830 5282 Constan-

146 5316 244 5372 multis
271 5315 414 5387 variisque
436 5314 642 5372 calamitatibus
666 5316 753 5372 modo
780 5319 855 5373 tetra
879 5320 963 5386 sunt;
1015 5317 1093 5372 tinus
1107 5321 1137 5372 ot
1151 5316 1260 5372 dictum
1273 5320 1316 5373 est
1328 5317 1552 5391 imperaverunt.
1573 5322 1740 5392 Atampora
1751 5319 1829 5375 enim

146 5410 217 5467 dum
231 5409 289 5465 duo
305 5410 441 5482 praesules
457 5408 493 5465 de
509 5408 636 5465 Romano
650 5409 819 5481 pontillcatu
833 5411 897 5484 jam
912 5427 966 5483 por
1014 5410 1193 5468 Constantini
1206 5411 1300 5484 llagni
1314 5412 1429 5470 llaleom
1448 5412 1510 5483 filii,
1523 5412 1573 5487 qui
1594 5414 1831 5486 Constantinopo-

146 5501 698 5574 sexannosambitiosecontsndorunt,
714 5506 820 5576 etpost
840 5507 964 5561 mortem
1013 5503 1064 5560 lim
1088 5505 1227 5575 condidit,
1248 5522 1337 5578 usqua
1355 5506 1393 5563 ad
1412 5510 1525 5579 tempus
1542 5507 1720 5564 Constantini
1740 5508 1830 5564 frenes

146 5595 263 5653 Raurici
283 5595 360 5669 regis
373 5594 542 5668 Anglorum,
563 5596 598 5654 de
615 5612 705 5670 regno
725 5596 787 5669 ejus
804 5597 965 5670 Stephanos
1013 5596 1082 5666 filii,
1109 5597 1441 5672 oonsuntinopolttanus
1474 5599 1633 5673 imperator
1664 5601 1829 5657 Romanum

70 5705 73 5711 ·
144 5704 253 5761 napos,
279 5691 310 5745 at
331 5688 471 5747 lutfredus
496 5706 602 5764 gener,
629 5691 668 5749 ad
692 5690 851 5749 multorum
879 5690 965 5749 detri-
1012 5691 1168 5765 imperium
1191 5692 1281 5761 rexit3
1307 5698 1336 5751 at
1362 5691 1473 5767 Illyrico
1492 5693 1649 5768 Iulioque,
1674 5693 1830 5769 multisque

143 5784 258 5863 monh,
274 5781 363 5842 minis
376 5785 406 5843 et
419 5783 506 5847 aruris
518 5782 679 5854 inimicitias
689 5790 889 5852 exercuerant·
1013 5786 1087 5860 aliis,
1101 5786 1268 5849 nationibus
1280 5791 1311 5846 st
1323 5787 1431 5867 linguis
1447 5787 1571 5865 profuit.
1584 5788 1639 5850 Sed
1652 5787 1721 5869 quia
1731 5789 1841 5866 pluras·
