3750 6046
64 108 137 166 11173
572 111 741 168 EPlSTOLAE
759 112 802 168 ET
820 110 1070 170 5155115515.-
1084 113 1140 169 ΑΝ.
1162 111 1239 169 ttst.
1691 115 1760 189 tuit

59 232 143 305 juste
161 234 192 288 et
208 232 345 289 canonice
361 232 495 305 possidet,
510 241 560 290 aut
575 235 604 291 iu
625 237 753 292 futurum
772 253 888 292 conces·
900 250 972 324 Aac
984 237 1189 293 sustentatione
1210 253 1344 293 concessa
1367 240 1444 307 suut,
1467 236 1564 294 usibus
1584 239 1758 296 omnimodis

64 326 148 381 sione
166 327 345 398 pontificum,
361 328 510 399 largitione
525 346 625 401 regum
649 330 692 385 551
716 330 887 402 principum,
938 331 1098 403 profutura,
1112 332 1186 386 salva
1200 332 1273 387 sedis
1285 332 1448 402 apostolicae
1460 333 1627 388 auctoritate
1642 337 1671 390 et
1690 335 1756 391 1155-

66 420 213 477 oblatione
231 420 360 476 fidelium
379 439 427 477 seu
446 422 508 478 aliis
527 423 608 493 justis
627 424 729 492 modis,
745 426 802 480 1155
822 442 887 497 pro·

64 514 153 586 pitin,
169 514 276 585 poterit
296 514 425 587 adipisci,
447 515 530 570 firma
550 516 630 572 vobis
650 518 806 591 vestrisque
825 535 887 574 suc-

938 425 1031 480 cesaui
1045 425 1170 497 episcopi
1184 425 1323 480 canonica
1333 425 1456 496 justitia.

974 518 1005 573 Si
1018 534 1075 591 qua
1087 519 1176 590 igitur
1190 518 1219 573 in
1232 519 1371 586 futurum,
1389 521 1444 574 etc.

65 607 237 676 censoribus,
260 613 289 663 et
309 608 414 662 illibate
432 615 632 680 permaneant.
653 613 685 665 ln
706 611 809 683 quibus
826 613 888 668 haec
973 615 1033 684 Ego
1044 612 1205 668 Anastasius
1219 612 1507 670 catholicaeEcclesiae
1520 613 1666 686 episcopus
1680 632 1718 671 ss.

63 702 193 774 propriis
208 701 342 756 duximus
357 703 544 774 exprimenda
559 704 702 759 vocabulis
719 724 724 760 :

104 796 258 851 Ecclesiam
287 797 380 852 Sancti
409 797 562 853 Salvatoris
591 798 621 853 15
651 799 765 856 51511515
794 803 892 881 11555,

65 889 178 959 515551;
193 889 223 943 15
241 889 380 944 Turicella
401 891 551 946 ecclesiam
575 892 670 947 Sancti
692 893 824 963 Andreae,
838 912 885 952 ec·

65 983 182 1039 51551555
205 983 451 1040 855511115555151
469 985 549 1056 juxta
573 987 715 1058 Bagnum;
739 989 885 1045 ecclesiam

64 1079 178 1133 Sanctae
196 1077 289 1132 uarie
312 1078 342 1132 in
368 1079 500 1134 Reticosa
524 1096 590 1134 cum
612 1081 793 1152 pertinentiis
812 1083 884 1153 suis;

63 1171 218 1226 ecclesiam
237 1171 331 1226 Sancti
349 1172 446 1227 155511
463 1189 527 1245 quae
548 1173 651 1228 dicitur
669 1176 737 1230 Casa
753 1176 803 1231 Dei
818 1193 885 1233 cum

62 1264 247 1336 pertiuentiis
265 1265 336 1332 suis;
355 1270 474 1336 pontem
494 1266 541 1337 qui
559 1267 640 1337 juxta
661 1268 807 1324 eeclesiam
828 1287 885 1326 ves·

62 1363 138 1414 trem
158 1375 243 1430 super
258 1359 391 1414 Rhenum
406 1359 476 1415 situs
491 1366 533 1416 551
548 1376 614 1416 cum
631 1361 689 1416 suis
705 1365 885 1434 possessioni·

62 1451 131 1507 bris.

102 1546 287 1602 Prohibemus
326 1564 439 1619 quoque
472 1552 502 1603 ut
534 1550 630 1605 nullus
666 1551 787 1607 fratrum
821 1559 883 1625 post

973 707 1031 779 Ego
1046 708 1156 763 lmarus
1169 707 1345 762 Tusculanus
1359 704 1511 778 episcopus
1525 724 1563 763 55.
1847 757 1852 786 .-

971 801 1032 872 llgo
1052 800 1183 857 cinthius
1203 800 1366 856 Portuensis
1385 800 1541 856 51855515
1559 802 1670 858 1151555
1693 802 1756 876 epi·

937 910 1040 966 scopus
1053 912 1090 949 ss.
1485 920 1488 927 ·

972 989 1031 1059 Ego
1044 987 1197 1060 Gregorius
1212 988 1307 1059 presb.
1323 988 1400 1043 card.
1417 989 1460 1043 111.
1473 989 1570 1046 calixti
1585 1006 1622 1045 ss.

971 1083 1029 1153 Ego
1042 1081 1131 1137 Guido
1147 1081 1239 1153 presb.
1255 1081 1333 1137 card.
1349 1082 1393 1137 tit.
1412 1082 1441 1138 S.
1457 1083 1616 1155 Grysogoui
1628 1101 1665 1140 55.

970 1175 1029 1247 Ego
1038 1175 1182 1230 llubaldus
1192 1175 1285 1245 presb.
1298 1175 1376 1230 card.
1389 1176 1432 1231 tit.
1447 1177 1560 1231 Sanctae
1573 1177 1707 1233 l‘raxedis
1717 1195 1754 1234 55.
1843 1168 1873 1203 ‘⁶⁴

970 1271 1029 1341 Ego
1044 1269 1207 1324 llanfredus
1222 1269 1317 1341 presb.
1330 1269 1407 1324 card.
1422 1269 1465 1324 tit.
1481 1271 1508 1325 S.
1523 1270 1635 1326 Sabinae
1648 1288 1686 1326 ss.

970 1365 1028 1434 ligo
1041 1363 1188 1419 Aribertus
1201 1363 1296 1434 presb.
1311 1364 1387 1419 card.
1406 1362 1449 1418 tit.
1466 1365 1494 1419 S.
1510 1365 1663 1420 Anastasia
1675 1382 1712 1422 ss.

969 1459 1027 1529 Ego
1040 1457 1130 1512 lulius
1143 1457 1237 1528 presb.
1252 1456 1328 1511 card.
1345 1456 1387 1511 111.
1401 1457 1430 1512 S.
1446 1457 1570 1512 lfarcelli
1584 1474 1621 1513 ss.

969 1553 1028 1623 Ego
1042 1550 1131 1606 Guidc
1144 1550 1239 1622 presb.
1254 1550 1331 1604 card.
1348 1549 1391 1604 tit.
1408 1551 1533 1606 Pastoris
1548 1568 1584 1605 55.

62 1640 174 1695 factam
202 1640 308 1696 ibidem
334 1641 544 1712 professionem
573 1644 680 1716 absque
706 1645 807 1716 prioris
837 1623 920 1702 velss
968 1645 1198 1716 ldgollernardus
1214 1644 1716 1716 5555155551.1118115555511555.

60 1734 294 1805 congregationis
321 1738 481 1806 spontanea
507 1737 694 1808 permissione
719 1755 755 1794 ex
781 1740 883 1796 eodem
966 1739 1026 1811 Ego
1042 1738 1209 1794 Octavianus
1222 1737 1315 1809 presb.
1334 1738 1411 1793 card.
1428 1739 1472 1794 tit.
1488 1738 1517 1794 S.
1535 1737 1648 1794 Ceoiliae
1660 1757 1697 1794 ss.

61 1827 189 1883 claustro
201 1827 305 1883 audeat
317 1827 481 1896 discedere,
493 1829 687 1886 discedentem
699 1849 766 1888 vero
778 1834 883 1906 absque
968 1834 1026 1904 Ego
1039 1832 1170 1888 ltstaldus
1182 1831 1276 1904 presb.
1291 1831 1371 1887 card.
1389 1831 1433 1886 111.
1448 1832 1476 1887 S.
1494 1832 1596 1887 Priscae
1607 1851 1644 1889 ss.

61 1921 213 1976 communi
233 1921 390 1977 litterarum
405 1922 537 1977 cautione
556 1925 650 1978 nullus
662 1926 779 1982 omuino
794 1927 878 1983 susci·
967 1927 1026 1998 Ego
1052 1926 1191 1981 Gerardus
1213 1924 1309 1996 presb.
1335 1925 1414 1980 card.
1442 1924 1484 1981 tit.
1507 1927 1534 1982 S.
1558 1926 1697 1999 Stephani
1721 1928 1752 1985 iu

60 2014 134 2086 piat.
149 2015 202 2070 Sed
224 2015 246 2069 si
266 2014 368 2087 aliquis
392 2016 520 2086 ipsorum
543 2017 668 2073 fratrum
687 2024 767 2075 extra
789 2022 880 2077 claus-
932 2019 1018 2075 Coelio
1035 2022 1133 2074 monte
1147 2036 1184 2073 ss.

59 2114 141 2163 trum
155 2124 240 2163 ausus
250 2109 336 2164 fuerit
350 2109 411 2164 sine
423 2109 560 2181 praedicta
570 2111 686 2167 licentia
698 2129 881 2186 permanere,
967 2115 1026 2186 Ego
1044 2115 1167 2169 loannes
1186 2113 1282 2185 presb.
1307 2111 1386 2168 card.
1410 2113 1582 2169 Sanctorum
1595 2114 1712 2170 loannis
1725 2121 1755 2172 et

60 2202 86 2256 si
115 2201 241 2276 secundo
265 2202 383 2259 tertiove
405 2205 596 2260 commonitus
620 2206 786 2278 resipiscere
808 2208 881 2265 forte
932 2208 1013 2263 Pauli
1025 2207 1068 2264 tit.
1082 2207 1227 2263 Pamachii
1240 2223 1277 2261 ss.

62 2297 282 2368 contempserit,
298 2297 379 2354 liceat
393 2299 483 2370 priori
500 2300 629 2370 ejusdem
647 2301 701 2356 loci
717 2318 881 2358 excommu-
917 2302 920 2308 '
967 2303 1025 2373 Ego
1047 2301 1184 2357 llenricus
1206 2300 1300 2372 presb.
1322 2301 1399 2357 card.
1425 2300 1592 2356 Sanctorum
1619 2303 1702 2358 Nerei
1722 2308 1752 2359 et

59 2389 213 2446 nicationis
237 2392 267 2445 in
289 2392 383 2463 ipsum
407 2396 542 2463 tauquam
563 2394 593 2448 in
618 2395 777 2466 professum
798 2414 882 2453 suum
931 2396 1106 2453 bebillaeiss.

59 2485 237 2539 senteutiam
264 2486 459 2557 promulgare.
483 2488 606 2544 Clericus
625 2505 693 2544 vero
714 2490 773 2545 sive
796 2491 881 2547 laicos
967 2492 1027 2562 Ego
1041 2491 1165 2545 1555555
1179 2489 1274 2562 presb.
1290 2488 1368 2544 card.
1384 2488 1427 2544 tit.
1441 2489 1608 2545 Sanctorum
1624 2490 1751 2546 Silvestri

61 2582 171 2638 liberos
186 2584 360 2639 seculariter
373 2585 499 2642 viventes
512 2587 548 2641 ad
563 2587 780 2644 conversionem
793 2589 879 2645 susci·
932 2590 961 2640 et
975 2583 1085 2640 11551151
1099 2601 1135 2639 55.

60 2676 163 2747 515511
185 2677 294 2749 absque
320 2678 438 2749 alicujus
465 2680 683 2737 contradictione
707 2682 880 2757 ⁴facultatem
967 2680 1026 2748 Ego
1041 2677 1178 2735 Rodulfus
1191 2676 1264 2732 diac·
1279 2677 1353 2732 cord·
1373 2677 1482 2733 Senclae
1502 2677 1595 2734 lauciae
1614 2678 1645 2734 in
1664 2680 1750 2753 Sepla

61 2770 186 2824 liberam
211 2771 346 2827 babeatis.
372 2772 447 2828 Saue
472 2773 603 2830 laborum
628 2781 789 2832 vestrorum
811 2794 881 2850 quos
931 2771 1040 2827 soleas.

61 2865 186 2935 propriis
213 2865 344 2920 manibus
369 2873 419 2922 aut
442 2869 601 2938 sumptibus
623 2870 733 2938 colitis,
762 2871 820 2926 5155
844 2871 880 2926 15
966 2868 1025 2937 Ego
1041 2864 1746 2923 611110(118511111811101θ111111ἓίο1111ῑί51155.

61 2958 248 3013 nutrimentis
263 2965 422 3015 vestrorum
436 2961 602 3017 animalium
622 2962 717 3019 nullus
735 2965 850 3021 omnino
865 2982 918 3065 aC
966 2961 1025 3032 Ego
1040 2960 1120 3016 Oddo
1139 2960 1209 3015 diac·
1233 2959 1308 3014 card·
1334 2958 1429 3014 Sssnssli
1449 2959 1555 3014 Nicolai
1578 2960 1607 3014 in
1628 2961 1749 3018 Calcare

61 3052 142 3107 vobis
167 3052 295 3107 decimas
317 3054 430 3125 exigere
452 3060 616 3127 prasumat.
641 3057 743 3112 Oleum
765 3074 880 3130 quoque
930 3054 1061 3109 Tulliano
1077 3071 1112 3108 ss.

62 3151 203 3213 sanctum,
231 3146 423 3204 ordinationes
450 3148 630 3213 clericorum,
653 3151 702 3222 551
725 3152 762 3206 51
787 3169 887 3208 sacrus,
967 3147 1541 3219 1151.15155551,555555555511515511
1564 3151 1747 3206 5555155115-

61 3241 179 3295 ordines
192 3241 300 3296 1555151
310 3243 508 3312 promovendi,
521 3260 538 3298 a
550 3243 709 3298 dioecesano
722 3246 881 3316 suscipiatis
930 3258 1022 3297 manae
1039 3242 1168 3298 Ecclesiae
1187 3241 1345 3313 presbyteri
1362 3241 1512 3295 cardinalis
1530 3247 1559 3296 et
1577 3242 1747 3312 cancellarii,

61 3334 207 3406 episcopo,
235 3334 377 3406 siquidem
402 3336 563 3391 Catholicus
584 3337 686 3405 fuerit,
707 3343 735 3392 et
755 3339 880 3410 gratiam
929 3351 978 3392 xm
997 3335 1115 3390 Kalend.
1129 3335 1214 3404 Junii,
1233 3334 1389 3390 indictione
1410 3351 1439 3402 55,
1466 3335 1672 3390 iucarnationis
1691 3337 1746 3391 Do·

61 3433 150 3499 atque
170 3428 403 3484 communionem
423 3430 582 3500 5555151155
601 3431 676 3486 55115
691 3431 834 3500 babuerit,
851 3436 881 3488 51
929 3428 1042 3484 minicae
1059 3444 1135 3483 anno
1152 3429 1230 3497 list,
1245 3427 1425 3499 pontificatus
1443 3442 1510 3482 5555
1525 3426 1635 3483 domiui
1652 3432 1746 3484 Anas·

62 3536 98 3576 ea
113 3521 247 3593 gratisne
265 3522 369 3594 absque
388 3523 527 3594 pravitate
546 3523 640 3596 aliqua
658 3525 782 3581 voluerit
800 3525 878 3581 exhi·
929 3522 991 3577 tasii
1004 3523 1036 3577 tv
1048 3538 1141 3594 papae,
1156 3537 1231 3577 auno
1247 3521 1350 3593 primo.

60 3615 143 3670 bere.
159 3615 290 3687 Alioquin
304 3616 386 3671 liceat
397 3616 477 3671 vobis
490 3617 665 3673 Catholieum
678 3635 879 3691 quemcunque
1285 3633 1391 3689 Lxxtx.

60 3708 220 3765 malueritis
243 3710 321 3765 edire
343 3710 515 3778 antistitem,
544 3712 594 3782 qui
619 3712 755 3768 nimirum
781 3720 880 3770 uestra
928 3731 1048 3784 mrem
1061 3730 1290 3784 esmonasspmm
1300 3727 1329 3784 s,
1344 3727 1496 3784 Salvator&
1508 3729 1682 3785 venetiarum
1695 3731 1746 3785 sup

59 3802 151 3859 fultus
189 3804 373 3874 auctoritate,
411 3804 487 3876 quod
525 3805 684 3877 postulatur
720 3806 877 3879 indulgeat.
963 3811 992 3866 S.
1012 3811 1086 3864 Petri
1106 3811 1271 3880 protectione
1292 3810 1408 3879 suscipit
1429 3810 1576 3878 51555555
1596 3810 1746 3880 5115115515
1796 3822 1799 3827 ’

60 3896 192 3952 Obeuute
217 3914 286 3953 vero
306 3902 346 3967 te,
370 3914 446 3952 noue
474 3897 601 3967 ejusdem
625 3899 680 3954 loci
706 3900 810 3972 priore,
834 3902 878 3956 vel
964 3891 1115 3960 6011111111·

60 3995 181 4046 tuorum
206 3991 333 4063 quolibet
351 4008 557 4060 successorum,
580 3993 675 4047 nullus
693 3993 733 4049 ibi
751 3995 879 4066 quelibet
1184 3980 1335 4054 (Laterani,
1351 3981 1415 4037 Maii
1428 3983 1484 4052 22)

59 4084 256 4155 subreptionis
271 4085 373 4140 astutia
394 4101 444 4141 seu
464 4085 597 4140 violentia
612 4089 807 4158 preponatur,
823 4088 879 4144 uisi
1053 4076 1200 4149 lC⁰RNffl¹2
1215 4076 1339 4131 3⁶⁶²&ae
1354 4076 1470 4139 Venti&
1485 4076 1551 4147 XIV,
1568 4077 1625 4148 94·l

59 4195 146 4251 quem
164 4179 267 4234 fratres
281 4179 425 4234 communi
445 4196 584 4234 consensu
603 4186 652 4234 aut
670 4180 791 4236 fratrum
813 4199 878 4254 pars
963 4183 1129 4237 1555555555
1151 4180 1310 4252 episcopus,
1335 4195 1432 4234 servus
1451 4196 1597 4235 servorum
1622 4180 1681 4248 1151,
1699 4182 1743 4237 di·

59 4272 169 4327 consilii
193 4272 328 4340 sanioris,
352 4273 510 4328 secundum
531 4274 580 4328 1151
602 4274 733 4329 timorem
756 4279 784 4330 et
800 4275 876 4332 beati
926 4274 1003 4329 lectis
1016 4274 1081 4328 filiis
1093 4274 1215 4330 6555555
1227 4272 1314 4345 551551
1328 4273 1452 4328 ecclcsiae
1473 4273 1568 4329 Sancti
1589 4273 1744 4330 Salvatoris

58 4367 210 4438 Augustini
237 4366 391 4437 Regulam,
423 4367 600 4439 providerint
631 4368 807 4439 eligendum.
837 4363 957 4437 AdDin
977 4369 1104 4423 Rivoalto
1125 4367 1186 4422 5115
1206 4368 1323 4439 ejusque
1343 4366 1487 4434 fratribus,
1509 4371 1567 4422 tam
1591 4367 1742 4438 preasenti-

58 4461 121 4516 herc
144 4461 231 4515 etiam
257 4460 419 4531 adjicientes
448 4461 609 4527 statuimus,
631 4466 661 4516 ut
682 4462 753 4516 nulli
782 4463 875 4519 archi·
926 4462 979 4516 bus
994 4478 1079 4534 quam
1093 4461 1195 4516 futuris
1210 4461 1376 4516 canonicam
1390 4460 1479 4515 vitam
1492 4459 1665 4532 professisin
1679 4476 1742 4532 per·

59 4555 192 4627 episcopo
211 4556 253 4609 vel
274 4554 415 4627 episeopo,
436 4560 485 4610 aut
505 4555 588 4609 alicui
610 4555 730 4610 omuino
746 4573 876 4627 personna
926 4559 1056 4627 petuum.

57 4649 101 4704 fas
116 4648 152 4702 sit
164 4647 193 4702 in
208 4648 342 4719 praedicta
357 4648 474 4703 ecelesia
493 4649 585 4703 sseatoe
607 4648 699 4704 llariae
717 4649 875 4707 exactiones

57 4741 161 4809 facere,
182 4759 234 4796 uec
252 4741 382 4813 55155151
397 4741 529 4796 fratribus
547 4742 715 4813 gravamina
734 4742 873 4815 irrogare.

57 4835 242 4907 Sepulturam
258 4851 370 4907 quoque
389 4835 478 4906 ipsius
493 4835 547 4890 loci
561 4835 680 4891 liberam
696 4853 756 4891 essa
773 4853 874 4894 conce·

56 4934 160 5002 dimus,
177 4936 208 4988 ut
220 4949 320 4990 eorum
335 4934 426 5005 quise
440 4933 497 4989 11115
512 4933 625 5005 55551151
641 4933 872 5004 deliberaverint,

56 5026 200 5083 devotioni
221 5031 399 5082 5155155555
418 5027 568 5097 voluntati,
588 5027 644 5082 uisi
662 5028 738 5083 15515
757 5044 872 5084 excom·

55 5121 197 5177 municati
218 5121 263 5176 vel
282 5120 428 5176 interdicti
451 5121 516 5190 sint,
532 5122 626 5176 nullus
648 5121 778 5193 obsistat,
798 5123 873 5177 salva

54 5219 154 5271 tamen
164 5215 274 5286 justitia
287 5215 413 5270 matricis
426 5215 563 5270 ecclesiae.

91 5309 275 5365 Decernimus
288 5325 357 5380 ergo
369 5315 399 5365 ut
410 5309 481 5364 nulli
491 5309 609 5364 omnino
625 5308 775 5364 bominum
790 5309 873 5365 liceat

53 5403 147 5475 ipsam
167 5403 313 5458 ecclesiam
336 5407 443 5458 temere
462 5401 639 5474 perturbare,
654 5406 704 5457 eut
723 5402 784 5473 ejus
804 5420 871 5475 pos-

54 5496 196 5552 sessiones
206 5497 328 5562 auferre,
341 5496 385 5551 vel
398 5496 505 5552 ablatas
519 5496 652 5565 retinere,
669 5496 809 5565 minuere,
822 5513 872 5553 seu

54 5590 229 5663 quibuslibet
245 5590 446 5646 vexationibus
464 5590 586 5662 fatigare
598 5607 604 5657 ;
618 5590 668 5646 sed
684 5591 781 5647 omnia
798 5590 870 5649 iute-

48 5700 104 5757 gra
118 5689 319 5742 conserventur·
329 5700 429 5742 eorum
441 5700 497 5760 pro
516 5687 877 5766 quorumtguborntttione

961 4650 1002 4705 ild
1019 4649 1072 4705 hoc
1088 4649 1250 4705 universalis
1271 4649 1402 4704 Ecclesiae
1420 4664 1487 4703 eura
1509 4648 1623 4704 nobisa
1644 4648 1741 4722 previ·
1831 4722 1834 4727 ἢ

925 4760 987 4800 5555
1005 4744 1135 4799 uranium
1150 4743 1292 4798 bonorum
1307 4743 1364 4798 Deo
1384 4742 1538 4798 commissa
1555 4746 1608 4810 est,
1625 4746 1657 4797 ut
1671 4742 1739 4798 reli·

924 4837 1019 4908 315555
1039 4836 1191 4910 diligamus
1214 4853 1349 4908 personas
1372 4841 1401 4892 et
1421 4835 1657 4907 beneplacentem
1683 4837 1740 4893 [teo
1847 4844 1850 4849 ’

923 4931 1092 5003 religionem
1116 4931 1208 4986 modis
1227 4930 1361 4986 omuibus
1382 4946 1541 5010 propagare
1563 4930 1737 4986 studeamus.

923 5029 980 5082 Nec
992 5028 1069 5082 euim
1085 5028 1139 5084 1155
1152 5029 1250 5099 gratus
1265 5026 1418 5097 aliquando
1432 5026 1584 5081 famulatus
1597 5025 1741 5098 impendi·

924 5127 979 5189 tur,
996 5120 1101 5176 nisiex
1124 5120 1268 5176 charitatis
1292 5119 1388 5175 radice
1413 5119 1571 5192 procedens
1585 5136 1602 5175 a
1616 5121 1740 5192 puritate

923 5215 1070 5288 religionis
1090 5215 1177 5270 fuerit
1197 5219 1386 5270 conservatus.
1410 5215 1578 5286 Eapropter,
1593 5214 1689 5270 dilecti
1710 5214 1740 5270 15

923 5309 1044 5364 Domino
1058 5308 1119 5378 lilii,
1137 5307 1238 5363 vestris
1252 5308 1335 5378 justis
1360 5307 1601 5378 postulationibus
1613 5309 1739 5366 clemen·

922 5405 967 5457 ter
981 5402 1145 5469 annuimus,
1160 5407 1189 5457 et
1201 5401 1347 5473 praefatam
1365 5400 1461 5457 Sancti
1479 5401 1630 5458 Salvatoris
1648 5403 1739 5458 eccle·

921 5497 1004 5565 siam,
1026 5497 1056 5552 15
1077 5512 1133 5568 555
1152 5495 1249 5551 115155
1274 5495 1429 5569 mancipati
1449 5495 1516 5550 estis
1535 5495 1684 5564 obsequio,
1702 5495 1741 5548 ’51

922 5592 1070 5666 exemplar
1081 5590 1307 5665 predecessoris
1315 5589 1418 5647 555151
1428 5587 1529 5642 isiacis
1543 5583 1768 5637 5555555555·

929 5689 1077 5768 cusentii,
1091 5689 1148 5751 sub
1159 5686 1340 5763 1551155151
1345 5689 1384 5760 et
1395 5683 1510 5739 555555.
1523 5667 1720 5747 arescusae
1730 5671 1798 5707 aaa·
