3750 6046
61 194 119 253 tet
495 188 654 251 ltlsrotttt
674 192 941 252 actuastlts'rtct.
955 220 990 235 ·-
1005 193 1091 251 Putes
1109 194 1140 250 ll.
1160 226 1195 237 -
1212 194 1274 253 Llli.
1294 194 1327 251 V.
1695 192 1747 253 idi

63 320 215 379 inhiantes
229 338 330 379 exosos
341 321 472 391 babebat,
488 326 519 378 et
531 322 649 379 detectis
662 321 885 394 sophismatibus
895 335 925 408 Α
934 324 1223 396 Carnutum,largiter
1234 325 1453 381 administrante
1465 324 1655 383 sufficientem
1664 341 1751 398 appa·

65 416 217 489 malignis,
229 433 266 472 ne
279 416 404 473 insontes
412 415 590 488 deciperent,
601 416 697 488 palam
706 416 883 472 confutabat.
934 423 1031 473 ratum
1044 418 1134 473 Adela
1149 418 1305 487 eomitissa,
1319 418 1482 475 celebravit.
1497 420 1574 474 Tunc
1587 419 1673 475 tertia
1685 435 1750 490 pro·

62 510 244 582 Religiosam
255 510 462 567 Guindesmotb
477 512 599 567 matrem
609 526 691 565 suam
705 525 819 582 semper
834 511 886 566 bo·
933 511 1019 567 factio
1032 510 1258 568 Occidentalium
1272 512 1301 568 in
1314 513 1470 569 Jerusalem
1484 513 1559 568 facta
1577 516 1629 583 est,
1645 514 1750 570 multo·

62 604 188 671 nonsit,
203 608 234 659 et
254 604 285 660 in
309 604 451 672 omnibus,
468 607 498 659 nt
519 603 610 658 tidelis
626 602 712 670 filius,
726 604 780 674 piae
801 603 883 659 matri
934 620 1055 678 rumque
1068 604 1193 661 maxima
1207 606 1389 679 conglobatio
1403 606 1536 674 millium,
1551 606 1672 678 pedibus
1687 608 1746 662 suis

61 698 276 754 obsecundavit.
293 699 356 753 liae
370 697 498 752 nobilem
511 713 545 752 ex
558 697 722 753 Trecassino
736 694 883 752 territorio
935 701 1104 771 Bysanteum
1118 705 1239 755 stemma
1254 700 1418 772 proculcare
1431 700 1748 769 minitantium,contra

61 791 231 864 prosapiam
256 791 346 858 duxit,
376 791 488 863 Deoque
514 790 629 859 devota,
656 790 717 846 fere
741 805 776 844 xv
801 790 884 845 annis
933 794 1053 849 Thraces
1071 810 1224 865 progressa
1236 798 1288 849 est.
1304 795 1446 850 Caeterum
1459 794 1616 866 justissima
1630 794 1678 851 liei
1691 793 1747 850 dis-

63 886 239 941 maritosuo
254 884 433 941 inriduitate
448 884 612 956 supervixit.
627 883 701 939 Felix
721 900 804 951 anus,
819 899 884 956 quae
935 886 1038 959 positio
1078 892 1197 943 conatus
1233 888 1495 960 concupiscentium
1521 889 1656 944 invadere
1685 904 1749 945 rem

64 978 204 1052 usquein
218 978 332 1034 senium
351 977 409 1034 lida
422 977 519 1032 sobole
540 977 569 1032 in
585 976 681 1032 mariti
694 976 818 1032 tbalnmo
836 976 883 1048 pie
934 980 1057 1052 proximi
1082 982 1125 1036 sui
1148 982 1283 1037 frustrata
1308 985 1366 1052 est;
1391 982 1467 1038 uodo
1490 983 1613 1054 superba
1635 983 1751 1055 conglo-

63 1076 225 1127 sustentata
238 1076 291 1140 est,
312 1078 342 1127 et
361 1070 467 1126 ibidem
487 1071 693 1126 consolatorem
716 1069 759 1124 sni
780 1069 883 1125 tulissi·
934 1075 1055 1129 meratio
1068 1074 1286 1130 ambitiosorum
1305 1074 1377 1130 nibil
1397 1092 1508 1145 eorum,
1522 1092 1586 1148 quie
1605 1076 1749 1132 ineassum

63 1183 149 1221 mum
166 1166 277 1233 videns,
299 1164 399 1220 viatico
418 1166 533 1235 sumpto
554 1163 688 1219 defuncta
709 1166 763 1220 est.
780 1163 885 1219 llinca
934 1172 996 1222 rata
1016 1166 1120 1237 fuerat,
1144 1168 1247 1239 adepta
1276 1172 1329 1224 est.
1357 1169 1462 1224 Eodem
1488 1186 1564 1225 anno
1590 1170 1666 1225 iufra
1692 1173 1749 1225 tres

64 1260 142 1315 dulci
157 1259 219 1315 tilio
235 1262 400 1314 reverenter
413 1259 447 1314 ad
462 1257 604 1312 tumulum
619 1257 797 1326 devectaest,
811 1263 840 1313 et
854 1256 884 1313 in
934 1261 1120 1333 septimanas,
1144 1260 1249 1334 quibus
1271 1267 1396 1317 cometes
1417 1262 1544 1330 emicuit,
1558 1263 1698 1320 ansoldus
1713 1264 1749 1321 de

64 1353 181 1426 gremio
202 1351 338 1419 ecclesia,
350 1352 430 1422 juxta
443 1355 604 1408 consortem
625 1351 690 1419 tori,
705 1367 808 1423 corpus
822 1351 884 1423 ejus
933 1354 1051 1422 llanlia,
1077 1354 1192 1411 stimulo
1219 1355 1307 1410 divini
1334 1356 1446 1412 timoris
1473 1363 1613 1429 punctus,
1637 1358 1748 1415 curiam

64 1447 448 1518 bonorificesepultumest.
934 1454 1040 1503 sanctia
1056 1448 1151 1504 ftariae
1174 1448 1322 1505 humiliter
1344 1449 1423 1519 adiit,
1448 1457 1477 1507 et
1502 1467 1553 1523 pro
1577 1451 1748 1523 quibusdam

98 1540 262 1597 Prndictns
284 1539 376 1607 miles,
399 1539 523 1595 tirocinii
546 1539 589 1594 soi
618 1543 763 1612 tempore,
788 1539 884 1612 probis
934 1541 1177 1611 contentionibus,
1199 1558 1271 1614 quas
1293 1544 1391 1597 eontra
1416 1544 1572 1599 monachos
1595 1544 1747 1613 habuerat,

62 1634 174 1691 actibus
193 1633 321 1701 emicuit,
336 1637 365 1689 et
383 1632 487 1688 relictis
500 1633 584 1701 notis,
599 1633 735 1689 affinibus
748 1639 776 1688 et
791 1632 883 1688 charis
933 1651 999 1690 cum
1023 1634 1119 1690 multis
1141 1634 1255 1690 fletibus
1273 1635 1332 1691 Deo
1351 1641 1450 1707 sponte
1474 1636 1618 1693 satisfecit.
1642 1637 1749 1695 beinde

63 1728 260 1801 parentibus,
285 1729 361 1784 inter
385 1730 498 1783 exteros
523 1726 638 1783 insitam
666 1727 718 1782 sibi
750 1702 1031 1784 virtutemsscorem
1055 1728 1165 1783 cunctis
1185 1728 1341 1784 baronibus
1365 1729 1432 1795 suis,
1456 1729 1504 1802 qni
1528 1729 1558 1785 in
1580 1730 1749 1787 dormitorio

64 1823 209 1879 exercuit.
240 1822 351 1879 ltaliam
385 1821 481 1893 itaque
508 1821 645 1892 expetiit,
675 1820 884 1893 fortissimoque
934 1822 1141 1878 monachorum
1158 1822 1326 1895 congregati
1345 1822 1477 1890 aderant,
1494 1823 1590 1878 omnia
1613 1840 1677 1898 qnae
1695 1825 1747 1881 Pe·

61 1917 126 1972 drici
156 1915 315 1972 Gniscardo
339 1915 470 1982 sociatus,
497 1914 633 1970 Groeciam
660 1914 771 1984 invasit,
799 1919 830 1970 el
854 1916 884 1970 in
933 1920 995 1971 trus
1008 1916 1164 1989 paterejus
1180 1922 1208 1972 et
1221 1918 1304 1989 llugo
1325 1933 1358 1973 ac
1379 1920 1511 1989 Paganus
1531 1923 1560 1974 et
1573 1916 1748 1988 anastasim,

61 2010 213 2080 conflictu,
235 2026 292 2082 quo
311 2009 423 2065 tilerias
447 2008 603 2081 imperator
623 2008 882 2081 Constantinopoli·

61 2110 149 2160 tanus
164 2104 258 2159 victus
275 2104 399 2176 fugerat,
422 2103 556 2158 nobiliter
574 2102 730 2159 dimicavit.
748 2105 813 2159 l’ost
833 2103 883 2158 ali·

61 2199 139 2270 qnod
158 2204 277 2270 tempus
294 2196 397 2253 obnixa
425 2196 563 2268 petitione
581 2197 668 2268 patris
689 2212 836 2269 regressus
854 2196 884 2252 in

62 2291 198 2358 Galliam,
216 2306 336 2346 uxorem
349 2289 431 2345 duxit
443 2290 569 2345 nobilem
587 2296 617 2345 et
635 2289 709 2345 bane
725 2290 882 2362 morigera·

63 2383 883 2456 tarnpuellam,nomina0delinam,liedullleognumento

62 2478 225 2544 betiricini,
239 2477 427 2533 liadantensis
439 2477 583 2549 oppidani,
598 2478 694 2534 filiam.
712 2477 883 2550 frugalitate

63 2590 113 2628 sua
125 2571 266 2627 militaris
283 2571 327 2626 vir
339 2574 455 2627 ctrnctos
477 2571 530 2627 sibi
544 2572 720 2626 cohaerentes
734 2570 770 2625 ad
784 2570 884 2626 bonas·

62 2671 150 2723 tatem
164 2665 349 2738 provocabat,
363 2664 606 2737 parcimoniaeque
625 2664 755 2721 modesta
769 2665 881 2720 restric-

63 2760 138 2815 tione
167 2758 349 2831 regularibus
377 2758 462 2814 etiam
487 2759 614 2831 personis
637 2758 799 2831 exemplum
821 2774 884 2829 por·

63 2853 209 2909 tendebat.
239 2853 392 2924 Nunquam
422 2869 507 2924 poma
534 2852 563 2908 in
590 2852 725 2907 viridario
746 2852 881 2922 comedit,

62 2963 216 3020 nunqnam
228 2963 296 3001 uvas
310 2946 341 3001 in
354 2946 447 3016 vinea,
463 2962 515 3001 nec
531 2946 673 3002 avellanas
686 2946 715 3001 in
732 2945 799 3001 silva
814 2963 881 3018 gns·

934 2015 963 2065 et
977 2010 1136 2066 Rodbertns
1150 2009 1224 2065 tilius
1242 2011 1400 2078 liubelinoe,
1415 2017 1444 2068 et
1457 2013 1580 2068 llerveus
1599 2011 1673 2067 filins
1691 2013 1748 2068 fle·

934 2104 1038 2171 roardi,
1052 2112 1078 2159 et
1101 2103 1163 2159 Ode
1184 2104 1260 2160 iilius
1278 2105 1422 2172 Grralouis,
1439 2122 1472 2160 ac
1487 2105 1573 2162 Falco
1594 2108 1624 2160 et
1644 2105 1747 2161 Riobe·

933 2197 994 2253 rins
1012 2197 1063 2252 tilii
1085 2197 1234 2265 fulcherii,
1250 2197 1357 2269 aliique
1378 2198 1510 2254 homines
1533 2199 1577 2253 sui
1598 2198 1750 2270 cujuscun-

934 2303 990 2359 que
1014 2286 1187 2343 conditionis
1213 2288 1279 2354 sint,
1304 2287 1446 2344 dederant
1466 2287 1511 2343 vel
1534 2289 1629 2345 daturi
1652 2296 1746 2359 erant,

934 2382 1010 2437 unde
1019 2380 1165 2437 servitium
1179 2398 1262 2437 suum
1276 2398 1333 2438 non
1348 2384 1502 2450 amitteret,
1517 2382 1645 2438 Ecclesia
1658 2383 1707 2439 nat
1718 2389 1749 2439 et

934 2475 1044 2530 Sancta
1064 2475 1158 2530 llariae
1179 2475 1286 2530 llanliae
1311 2476 1464 2545 eoncessil3
1486 2476 1534 2531 tali
1556 2482 1648 2548 pacto,
1670 2476 1748 2534 atsi

934 2569 1037 2641 aliquis
1059 2584 1092 2623 ex
1114 2567 1182 2639 ipsis
1201 2585 1253 2640 pro
1274 2568 1402 2641 quolibet
1423 2574 1501 2625 reatu
1523 2570 1642 2626 feudum
1662 2587 1748 2629 suum

933 2662 1073 2734 perderet,
1090 2661 1209 2717 ecclesia
1223 2662 1386 2718 nullatenus
1399 2663 1588 2736 eleemosynae
1601 2665 1678 2721 dono
1691 2665 1748 2738 pri·

933 2759 1024 2811 vetur.
1042 2756 1102 2827 lpse
1122 2772 1237 2828 quoque
1251 2756 1391 2812 Ansoldus
1410 2756 1562 2823 decimam,
1577 2775 1662 2830 quam
1679 2761 1748 2815 liar·

933 2849 1029 2904 sendis
1044 2866 1125 2904 soror
1145 2850 1207 2920 ejus
1227 2849 1255 2905 in
1278 2850 1418 2922 mariagio
1443 2851 1592 2920 babuerat,
1614 2857 1643 2909 et
1656 2853 1747 2910 beatae

931 2942 1025 2999 ttaria
1046 2946 1114 2997 anta
1133 2942 1242 2998 obitum
1265 2959 1347 2998 snum
1370 2943 1545 3013 reddiderat,
1567 2962 1618 3019 per
1636 2947 1748 3020 virgam

63 3043 140 3097 tavit.
162 3040 317 3097 manicis
336 3039 530 3107 solummodo,
554 3039 591 3095 ad
607 3056 815 3111 mensamque
832 3057 881 3112 ap·
934 3053 1020 3109 quam
1040 3037 1070 3091 in
1090 3053 1177 3092 manu
1190 3036 1306 3093 lucrinis
1321 3038 1451 3093 monachi
1465 3044 1494 3093 et
1514 3039 1672 3113 presbyteri
1688 3044 1748 3098 tra·

63 3135 262 3206 ponebantur,
283 3134 414 3190 sumebat
431 3133 519 3204 buris,
535 3134 633 3189 dicens
651 3133 801 3188 brutorum
821 3133 881 3188 ani·
934 3131 1057 3200 diderat,
1085 3131 1233 3197 coacessit,
1257 3136 1289 3185 nt
1313 3131 1432 3185 liberam
1455 3136 1519 3204 post
1539 3133 1649 3190 obitum
1672 3135 1747 3190 Petri

62 3229 182 3285 mallum
198 3245 274 3297 esse,
286 3244 345 3283 non
355 3228 494 3294 hominis,
508 3227 661 3283 comedere
676 3227 814 3300 quidquid
823 3228 883 3283 fors
933 3225 1044 3297 nepotis
1057 3224 1101 3280 sui
1117 3224 1237 3279 ecclesia
1249 3224 1391 3280 decimam
1416 3225 1545 3299 recipiat.
1559 3228 1662 3282 Aream
1678 3245 1748 3300 quc·

61 3327 249 3395 suggereret,
262 3322 371 3394 absque
385 3321 614 3378 consideratione
625 3321 680 3376 loci
693 3325 723 3377 et
735 3320 881 3393 temporis.
934 3334 990 3390 que
1007 3319 1149 3373 molarum
1164 3317 1194 3372 iu
1208 3317 1276 3373 silva
1293 3319 1358 3373 bole
1373 3318 1453 3373 dedit
1465 3319 1576 3375 Sanctae
1589 3321 1694 3389 llariae,
1706 3321 1748 3377 ita

61 3416 161 3489 begali
181 3415 330 3472 connubio
351 3418 513 3484 contentus,
536 3415 693 3471 castitatem
716 3415 838 3483 amabat,
854 3421 883 3470 et
934 3415 965 3467 ut
978 3428 1010 3467 er
1024 3411 1144 3484 singulis
1159 3411 1242 3466 molis
1256 3411 1312 3466 duo
1327 3411 1436 3466 denarii
1450 3412 1555 3467 dentm
1569 3415 1605 3469 ad
1621 3414 1750 3470 lumina.

61 3511 269 3567 obscenitatem
290 3509 415 3565 libidinis
434 3526 501 3575 non,
522 3513 553 3563 ut
572 3509 671 3578 laicus,
688 3508 800 3580 vulgari
821 3525 883 3564 ver·
932 3505 976 3562 ria
1001 3506 1148 3573 eeclesiae,
1173 3509 1202 3559 et
1227 3504 1357 3576 quisquis
1383 3505 1450 3560 inde
1474 3506 1607 3562 fraudem
1632 3508 1744 3580 fecerit,

60 3603 182 3660 bcnmte
202 3602 395 3674 vituperabat,
418 3602 478 3670 sed,
495 3609 524 3657 ut
545 3602 645 3658 doctor
666 3602 880 3670 ecclesiasticas,
932 3599 1058 3672 quinque
1072 3598 1179 3655 solidos
1195 3597 1346 3669 persolvat.
1359 3601 1451 3654 Antea
1470 3615 1572 3671 nempe
1592 3616 1644 3672 pro
1665 3606 1746 3658 reatu

60 3696 287 3769 allegationibus
305 3697 400 3769 palam
414 3695 634 3752 condemnabat.
648 3696 760 3767 lejunia
781 3701 809 3750 et
822 3712 882 3751 om-
931 3691 1096 3763 hujusmodi
1116 3691 1265 3763 sexaginta
1285 3691 1468 3747 solvebantur
1487 3693 1580 3749 solidi.
1594 3694 1660 3764 Sed,
1677 3694 1747 3768 quia

60 3808 126 3847 nem
143 3791 355 3847 continentiam
378 3791 471 3845 carnis
493 3790 523 3844 in
538 3790 671 3845 omnibus
691 3789 834 3857 laudabat,
852 3794 884 3845 at
931 3787 976 3842 lex
995 3784 1182 3841 ecelesiastica
1205 3784 1302 3840 mitior
1319 3790 1362 3840 est
1380 3802 1468 3858 quam
1490 3787 1642 3856 saecularis,
1662 3788 1747 3860 quin·

59 3887 118 3958 ipse
134 3884 259 3941 viriliter
274 3885 303 3939 in
319 3900 349 3938 sa
363 3900 415 3955 pro
428 3882 544 3939 modulo
558 3883 623 3938 laici
637 3882 789 3938 reficiebat.
804 3886 826 3938 Α
840 3900 882 3938 ra·
932 3878 1070 3952 quaginta
1093 3878 1222 3951 quinque
1245 3878 1327 3934 solidi
1349 3878 1545 3951 indulgentur,
1569 3885 1597 3936 et
1619 3881 1746 3954 quinque

59 3981 135 4052 pinis
147 3977 320 4034 omnimodo
334 3976 506 4043 abstinebat,
517 3992 638 4048 stansque
652 3992 698 4031 res
711 3976 807 4031 labore
820 3992 882 4048 par·
930 3973 1116 4045 accipiuntur.
1134 3973 1241 4028 lterum
1260 3972 1356 4045 itaque
1376 3989 1473 4030 rernm
1490 3974 1672 4031 donationem
1685 3975 1746 4050 ipse

59 4079 99 4128 tas
115 4070 223 4127 callide
238 4070 378 4125 servabat.
396 4070 523 4124 Decimus
543 4068 737 4140 etprimitias,
753 4069 880 4126 eleemo-
932 4072 961 4123 et
997 4066 1116 4123 Odelina
1147 4084 1217 4122 uxor
1249 4067 1335 4139 ejus,
1373 4070 1402 4122 et
1437 4069 1494 4124 dno
1524 4069 1575 4124 lilii
1607 4069 1669 4141 ejus
1698 4071 1748 4126 Pa·

59 4181 219 4239 aquasque,
243 4181 259 4219 a
282 4162 538 4236 predecessoribus
560 4162 640 4218 datas
660 4163 711 4218 Ilei
730 4162 880 4232 ministris,
930 4166 992 4217 trus
1018 4164 1047 4216 et
1076 4161 1210 4216 liedulfus
1238 4178 1325 4234 super
1351 4178 1432 4218 aram
1460 4163 1490 4218 S.
1515 4163 1612 4219 Mariae
1636 4180 1691 4237 per
1715 4163 1748 4219 li·

59 4260 192 4332 legitime
214 4257 360 4314 reddebat.
381 4257 578 4312 Discolisvero
600 4256 881 4329 ctjoeosisnebnlo·
930 4254 1014 4308 brum
1051 4254 1191 4309 missalem
1229 4255 1451 4327 imposuerunt3
1495 4256 1630 4328 praesenti
1672 4273 1744 4328 quo-

60 4356 144 4410 nibus
159 4369 213 4407 eeu
236 4349 444 4418 meretricibus,
459 4368 515 4406 non
531 4351 625 4406 solrim
637 4350 808 4405 munuscula
823 4367 880 4406 non
931 4364 987 4420 que
1021 4349 1182 4418 spectaculo
1213 4348 1307 4403 cuncti
1339 4349 1442 4404 milites
1472 4350 1582 4405 llanliae
1612 4349 1748 4406 interfue-

59 4448 209 4520 erogabat,
224 4446 275 4501 sed
298 4461 381 4500 snum
397 4445 483 4500 etiam
503 4443 678 4500 consortium
701 4447 731 4499 et
744 4443 882 4500 lentiliare
892 4438 922 4510 D
933 4445 1010 4497 runt.

59 4540 237 4613 colloquium
252 4537 422 4609 denegabat.
439 4540 475 4593 Er
500 4537 631 4610 legitima
646 4538 778 4609 conjuge,
793 4554 881 4610 qnam
965 4536 1041 4589 Tunc
1065 4534 1207 4591 ausoldus
1225 4537 1340 4591 Petrum
1360 4534 1586 4609 primogenitum
1601 4535 1746 4591 haeredem

60 4633 309 4691 adolescentulam
321 4632 553 4704 desponsaverat,
567 4634 597 4688 et
610 4632 742 4702 religiose
756 4631 786 4686 in
801 4632 881 4687 omni
930 4629 1019 4685 totius
1046 4628 1229 4701 possessionis
1254 4646 1312 4684 snae
1337 4629 1492 4696 constituit,
1524 4634 1553 4683 et
1577 4629 1635 4700 ipse
1661 4645 1745 4701 puer,

61 4728 204 4785 modestia
220 4726 344 4783 docilem
361 4726 535 4797 reddiderat,
550 4731 661 4798 septem
675 4724 749 4781 tilios
769 4728 798 4781 et
811 4725 881 4780 diras
931 4723 1064 4779 Guisleno
1085 4723 1243 4778 llarolienai
1267 4727 1414 4778 caraxante
1437 4725 1467 4778 et
1490 4729 1680 4795 praeconante,
1696 4722 1747 4778 ho·

60 4824 133 4879 litias
153 4821 271 4889 babuit,
291 4837 416 4893 quorum
436 4820 553 4876 nomina
576 4820 637 4875 bac
660 4824 749 4874 sunt:
771 4820 880 4888 Petrus,
931 4817 1060 4888 magiam
1073 4821 1102 4872 et
1114 4817 1277 4873 fidelitatem
1290 4817 1498 4875 Manilianorum
1514 4817 1644 4888 equitum
1666 4832 1746 4873 rece·

60 4918 211 4983 liedulfus,
237 4914 395 4981 Guarinus,
422 4914 582 4982 Lisiardus,
608 4913 713 4980 fluido,
740 4912 881 4968 Ansoldus
931 4911 982 4983 pit.
1001 4910 1040 4966 tbi
1053 4927 1156 4982 nempe
1172 4911 1325 4966 adfuerunt
1337 4910 1505 4967 Guillelmns
1518 4909 1634 4966 ansoldi
1646 4909 1746 4980 trater,

61 5015 88 5066 et
115 5012 221 5082 llug03
252 5009 338 5065 bieria
368 5011 397 5064 et
426 5008 652 5077 Guindesmotb3
688 5007 724 5062 de
758 5022 881 5078 quorum
932 5010 961 5061 et
988 5004 1147 5060 Radbertus
1175 5021 1264 5076 nepos
1294 5005 1367 5076 ejus,
1389 5003 1542 5060 Guibotdus
1570 5004 1652 5061 miles
1673 5004 1748 5060 lilius

61 5114 166 5162 eventu
183 5103 338 5159 historiatis
351 5102 456 5174 pagina
476 5102 534 5156 suis
548 5101 577 5156 in
593 5101 661 5157 locis
674 5101 755 5173 plura
770 5116 880 5155 nieme·
932 5098 1043 5154 Radulfi
1064 5097 1222 5166 llaliuicini,
1236 5103 1265 5153 et
1283 5100 1365 5171 llugo
1380 5096 1417 5153 dc
1437 5096 1563 5166 itarolio,
1579 5098 1639 5155 Ode
1660 5100 1748 5172 Paga·

62 5215 123 5255 rnre
139 5198 260 5272 po'erit.
932 5208 986 5247 nus
1005 5191 1080 5246 filius
1098 5191 1234 5264 lingonis,
1252 5195 1281 5246 et
1300 5191 1475 5247 Gislebertus
1493 5192 1569 5248 lilius
1589 5192 1747 5262 trumonis,

95 5298 185 5349 Anno
196 5292 233 5347 ab
255 5291 452 5346 incarnatione
472 5288 584 5345 bomini
605 5291 683 5358 ttou,
700 5288 731 5344 in
750 5288 808 5343 tine
829 5289 880 5344 Fe·
932 5285 992 5341 Odo
1006 5286 1083 5342 filius
1096 5285 1238 5353 Gualonis,
1251 5290 1280 5340 ct
1291 5284 1343 5340 ulti
1359 5285 1421 5357 ejus
1438 5286 1539 5342 Petrus
1552 5289 1582 5341 et
1601 5287 1747 5356 arnulfus,

63 5385 182 5451 bruerii,
195 5383 446 5457 qnandocometa,
462 5381 664 5453 longissimum
677 5381 785 5436 crinem
801 5380 882 5436 emit·
933 5380 1018 5436 Fulco
1041 5378 1116 5433 filins
1139 5378 1288 5448 fulcherii,
1307 5384 1336 5434 et
1355 5378 1413 5434 duo
1432 5384 1553 5452 nepotes
1574 5380 1636 5452 ejus
1648 5380 1750 5435 lustre—

64 5488 138 5550 tens,
155 5476 329 5535 inocciduis
344 5477 474 5550 partibus
486 5475 629 5546 apparuit,
644 5475 827 5531 buamundus
842 5476 883 5531 fa·
932 5474 985 5529 dua
1000 5476 1029 5527 et
1047 5472 1115 5540 Odo,
1129 5471 1293 5528 Grimoldus
1311 5473 1425 5529 Almani
1440 5473 1525 5541 lilius,
1541 5478 1569 5530 et
1589 5473 1748 5531 Gualterius

63 5590 161 5629 mosas
174 5572 244 5639 dur,
261 5576 326 5643 post
336 5574 447 5642 captam
458 5567 653 5636 Antiochiam,
668 5568 698 5624 in
713 5568 817 5625 Gallias
832 5585 880 5625 ve·
933 5566 1065 5623 l'ntconis
1077 5565 1162 5622 filius.

65 5668 127 5737 nit,
151 5673 182 5723 et
206 5665 424 5734 Constantiam,
451 5663 526 5735 regis
555 5663 729 5719 Francorum
761 5663 883 5735 Philippi
968 5659 1248 5734 Smpedictusheros,
1262 5665 1326 5735 post
1340 5661 1451 5719 obitum
1470 5662 1571 5734 patris,
1585 5678 1650 5719 nnn
1667 5661 1751 5716 annis

64 5762 164 5833 bibat,
185 5776 309 5822 uxorem
331 5757 421 5829 duxit,
435 5764 464 5817 et
483 5756 597 5837 nuptias
612 5757 793 5819 honorabiles
808 5757 883 5836 apud
933 5755 1056 5835 patrium
1083 5755 1130 5831 jus
1151 5756 1284 5835 legitime
1296 5757 1612 5829 rexit,monactiisque
1627 5751 1771 5809 'inomni-
