3750 6046
28 198 31 203 '
89 182 141 241 bic
785 173 943 233 oebcutct
963 172 1091 229 vitatis
1720 174 1772 230 000

92 304 268 366 libroicensis
287 321 402 378 quoque
417 319 512 360 comes
531 302 666 359 eumdem
684 300 848 373 bogerium,
864 303 984 385 nt-Aet
997 298 1057 355 sine
1077 298 1251 354 confessione
1267 314 1300 354 ac
1318 297 1421 354 viatico
1437 302 1568 354 mortuus
1581 301 1636 355 eet.
1657 299 1770 355 Beldm·

89 407 156 475 pote
169 405 303 473 nepotem
316 415 411 467 suum,
426 398 586 453 consulatus
605 395 648 451 sui
667 394 813 450 heredem
833 411 901 449 con·
955 409 1009 448 nus
1023 397 1129 459 autem,
1144 407 1233 464 gener
1247 392 1386 464 lladulphi
1403 392 1439 447 de
1457 391 1591 461 Cauchis,
1609 391 1640 448 in
1654 392 1770 449 dextero

90 495 192 550 stituit.
207 493 262 550 Sed
276 492 371 548 divina
391 489 545 563 dispositio,
561 505 625 560 ques
639 488 756 543 nutibus
769 486 903 543 humanis
951 486 1073 542 humero
1090 485 1202 541 Domini
1223 501 1335 541 crucem
1354 485 1485 558 sumpsit,
1500 488 1530 541 at
1550 484 1656 542 Urbani
1687 502 1770 558 papae

89 604 149 644 non
168 586 326 658 subjicitur,
346 584 423 641 aliud
444 582 575 656 providit.
595 582 674 638 ldem
685 580 799 652 juvenis
814 580 901 636 mori·
948 583 1030 652 jussu
1053 579 1206 637 secundam
1226 583 1327 636 contre
1348 578 1476 635 ethnicos
1497 578 1765 653 peregrinationem

90 681 143 736 bus
162 679 286 753 egregiis
306 678 442 751 pollebat,
456 680 486 731 et
498 675 607 731 cunctis
627 674 769 730 sodalibus
787 690 819 729 ec
834 673 900 729 sub·
952 673 1083 745 arripuit.
1097 675 1128 729 ln
1140 672 1189 728 illo
1201 672 1303 729 itinere
1315 688 1400 745 super
1413 688 1513 728 omnes
1533 688 1685 745 compares
1699 688 1767 730 suos

86 774 171 846 jectis
187 772 337 829 clientibus
351 776 379 827 et
396 768 495 824 vicinis
509 768 663 824 admodum
683 766 814 823 amabilis
831 773 901 822 erat.
952 766 1091 822 exstintus
1111 771 1163 836 est,
1179 768 1209 822 et
1224 764 1327 822 virtute
1345 765 1478 821 cruciferi
1500 765 1619 838 opificis,
1635 769 1723 838 prout
1737 766 1769 823 in

90 866 214 923 ctericos
228 869 257 922 at
269 863 425 921 monachos
440 862 575 934 diligebat
594 866 623 916 et
641 863 836 932 competenter
854 859 903 914 ho·
952 860 1062 915 somnio
1087 860 1247 930 speculatus
1269 858 1373 925 fuerat,
1398 857 1521 930 gloriose
1549 857 1684 915 suffultus
1712 863 1769 917 eet.

90 959 217 1016 norabet.
238 956 371 1014 Pretiosis
391 953 531 1022 vestibus,
555 953 657 1026 quibus
679 952 794 1025 superbi
817 951 903 1008 nimis
951 953 1032 1009 Prius
1047 953 1125 1008 anim
1138 954 1241 1024 Reges,
1250 951 1280 1007 id
1294 956 1337 1008 est
1348 951 1467 1021 Edisse,
1478 951 1663 1009 nobilissimae
1678 951 1768 1023 urbis,

90 1053 274 1118 insolescunt,
289 1049 332 1106 uti
351 1047 569 1121 dedignabatur,
590 1053 618 1101 et
638 1046 668 1102 in
683 1045 762 1101 omni
776 1061 835 1101 esse
850 1061 902 1101 suo
952 1046 1010 1103 dux
1027 1046 1118 1102 factas
1137 1047 1189 1113 est,
1202 1047 1231 1101 et
1244 1050 1308 1117 poet
1321 1044 1430 1117 aliquot
1448 1060 1547 1114 annos,
1562 1045 1696 1103 defuncto
1712 1046 1769 1103 co·

91 1161 152 1201 sese
177 1143 305 1200 modeste
326 1157 427 1214 regere
447 1140 601 1197 nitebatur.
625 1138 777 1204 Quondam
798 1138 902 1193 milites
952 1138 1063 1195 defrido
1075 1139 1163 1195 fratre
1176 1154 1237 1207 suo,
1251 1137 1300 1194 diu
1314 1153 1405 1210 regno
1417 1139 1577 1195 ierusalem
1592 1139 1699 1211 potitus
1712 1142 1767 1196 esi.

90 1236 175 1293 otiosi
187 1235 272 1292 simul
290 1234 319 1290 ιιι
337 1234 402 1289 aula
419 1233 540 1290 conchis
554 1230 695 1287 ludebant
714 1236 742 1287 et
754 1231 901 1301 colloque·
952 1231 1001 1288 llic
1016 1235 1113 1288 contre
1125 1247 1253 1304 paganos
1265 1230 1412 1288 multoties
1423 1231 1569 1303 praeliatus
1589 1236 1642 1301 est,
1660 1232 1769 1289 multis·

90 1330 203 1398 bantur,
219 1333 247 1384 et
259 1342 357 1384 coram
369 1326 486 1383 domina
501 1324 644 1382 Elisabeth
658 1324 694 1380 de
711 1323 829 1379 dirersis
842 1322 903 1379 the·
951 1342 1008 1399 quc
1029 1324 1191 1397 triumphis,
1213 1324 1436 1381 adminiculante
1458 1326 1528 1392 Deo,
1554 1325 1694 1398 gloriatus
1713 1330 1767 1383 est.

90 1424 224 1492 metibus,
247 1427 278 1478 ιιι
297 1438 362 1477 mos
383 1426 425 1477 est
446 1419 620 1491 hujusmodi,
635 1418 900 1474 confabulabantur.
952 1419 1089 1490 Rogemus
1100 1434 1167 1475 vero
1181 1417 1286 1474 eodem
1299 1433 1376 1474 enno
1389 1434 1446 1490 quo
1458 1417 1727 1491 hecvbutusrant,
1737 1420 1768 1476 in

90 1517 167 1574 Tunc
184 1515 301 1589 quidem
320 1530 419 1570 eorum
434 1513 505 1568 dixit
519 1529 527 1567 ι
543 1531 557 1565 ι
573 1513 667 1584 Nuper
679 1511 737 1566 vidi
756 1511 902 1567 somnium
951 1513 1055 1569 lectum
1067 1511 1211 1582 decubuit,
1223 1514 1252 1568 et
1266 1511 1369 1567 devote
1380 1511 1537 1583 complexis
1550 1511 1580 1568 in
1593 1529 1627 1569 eo
1640 1528 1767 1585 quicque

90 1626 146 1683 quo
159 1608 241 1665 valde
253 1607 449 1665 territussum.
461 1605 599 1661 Videbam
613 1603 764 1660 bominum
776 1603 806 1659 in
818 1619 903 1660 cruce
952 1604 1031 1661 fideli
1050 1605 1109 1660 viro
1127 1607 1303 1676 competunt,
1323 1603 1389 1660 Idus
1407 1603 1470 1660 lind
1490 1603 1581 1678 [toto]
1599 1605 1635 1661 de
1657 1605 1768 1662 mundo

89 1703 191 1771 fixum,
205 1701 240 1757 de
253 1706 311 1757 toto
324 1715 441 1771 corpore
454 1698 600 1766 liventem,
615 1713 734 1770 seseque
749 1698 828 1768 quasi
842 1672 941 1768 preeB
953 1697 1094 1770 migravit,
1109 1701 1138 1753 et
1153 1712 1218 1752 cum
1231 1697 1309 1752 luctu
1328 1697 1485 1754 multorum
1502 1698 1680 1756 castellionis
1700 1715 1768 1755 cum

91 1795 224 1868 angustie
244 1793 330 1849 nimis
352 1795 547 1864 torquentem,
571 1807 675 1863 meque
696 1789 818 1845 terribili
841 1790 904 1845 visu
954 1790 1117 1863 perentibus
1129 1789 1188 1846 suis
1201 1790 1336 1862 sepultus,
1352 1790 1483 1863 quiescit.

89 1888 285 1962 aspicientem.
298 1907 312 1937 n
320 1885 399 1942 Talia
409 1883 608 1957 narranti,qui
618 1884 738 1940 aderant
751 1883 902 1939 dixerunt:
953 1895 1005 1950 xv,
1030 1894 1202 1965 conspiratio
1228 1892 1333 1949 conani
1358 1893 1396 1949 aa
1422 1893 1583 1950 eradendam
1608 1895 1771 1965 nolimve

93 2002 108 2031 κ
127 1982 185 2038 lloc
201 1979 342 2035 somnium
363 1994 447 2050 greve
467 1982 510 2033 est
531 1993 564 2032 ac
584 1977 722 2044 terribile,
745 1980 774 2032 et
794 1976 905 2033 videtur
1189 1973 1326 2028 mnitatem
1339 1974 1399 2043 regi
1411 1974 1528 2042 Anpiia.

92 2071 481 2143 horrendumiieijudlcium
499 2070 550 2126 tibi
568 2070 776 2141 portendere.»
792 2069 902 2126 baldui·
988 2070 1093 2126 Eodem
1113 2074 1242 2142 tempore
1255 2070 1517 2128 constantinienses
1537 2070 1676 2127 ilenricus
1695 2071 1768 2128 clito

90 2183 145 2225 nus
159 2169 265 2234 eutem,
282 2164 427 2221 Eustachii
439 2163 566 2219 Boloniae
581 2163 691 2219 comitis
708 2162 793 2232 filius,
809 2163 901 2220 dixit:
953 2169 1068 2220 strenue
1092 2163 1226 2236 regebat,
1252 2162 1419 2235 rigidusque
1446 2166 1543 2219 contre
1569 2163 1673 2220 fratres
1701 2180 1769 2221 suos

93 2282 107 2313 ι
118 2262 150 2316 Et
161 2275 215 2333 ego
227 2258 357 2330 nuperin
367 2258 474 2313 somnis
486 2256 617 2313 ridebam
632 2256 784 2313 bominum
795 2258 902 2324 tesam,
954 2256 1135 2330 persistebat.
1154 2257 1225 2312 Nam
1239 2260 1337 2312 contm
1350 2256 1452 2313 ducem
1465 2255 1628 2312 inimicitias
1640 2256 1771 2329 agitabat

90 2354 121 2409 iu
143 2368 225 2409 cruce
244 2351 430 2424 pendentem,
445 2349 496 2404 scd
517 2349 625 2405 clarum
645 2353 674 2405 et
694 2350 857 2422 pulchrum,
870 2365 903 2405 ac
953 2366 1004 2422 pro
1019 2349 1125 2420 injusta
1139 2349 1281 2420 captione,
1302 2365 1389 2422 qaam
1404 2348 1510 2404 nudius
1526 2348 1636 2418 tertius,
1650 2354 1684 2405 ιιι
1696 2366 1769 2422 pree-

90 2445 162 2502 mihi
179 2444 310 2501 alacriter
326 2443 479 2512 ridentem,
495 2443 671 2516 dexteraque
688 2459 740 2498 sua
754 2459 800 2499 me
817 2443 903 2499 bene-
953 2443 1060 2499 dictam
1080 2448 1132 2511 est,
1151 2442 1186 2497 ab
1208 2442 1258 2498 illo
1279 2458 1425 2515 perpessus
1444 2442 1547 2498 iuerat.
1570 2443 1641 2515 Regi
1663 2442 1769 2499 nihilo·

88 2539 243 2607 dicentem,
259 2537 432 2610 signumque
444 2537 536 2592 crucis
549 2552 635 2608 super
647 2539 734 2606 ceput
746 2551 843 2592 meum
855 2535 903 2591 be·
959 2535 1055 2591 minue
1065 2534 1177 2607 anglia
1191 2534 1280 2591 hostis
1292 2539 1353 2591 erat
1365 2552 1418 2607 pro
1434 2537 1511 2591 terra
1522 2535 1621 2591 matris
1630 2552 1701 2606 sure,
1713 2552 1770 2609 qua

91 2630 217 2704 nigniter
229 2630 391 2687 facientem.
406 2651 420 2679 u
434 2631 564 2685 detentas
578 2645 647 2685 tero
666 2629 879 2700 responderunt
894 2647 901 2685 ι
953 2645 1004 2684 rex
1026 2628 1163 2684 eumdem
1175 2628 1206 2684 in
1217 2629 1319 2701 Anglia
1342 2627 1542 2698 fflmebiverat,
1564 2633 1595 2685 et
1610 2628 1768 2700 liudberto,

93 2745 107 2774 ι
129 2724 189 2781 Τιιιι
213 2723 372 2780 ostensione
395 2722 513 2779 dulcedo
537 2738 650 2794 magnae
673 2722 770 2794 gratia
790 2721 904 2778 videtur
955 2722 1100 2778 heimonis
1121 2721 1190 2791 filio,
1212 2721 1340 2778 dederat.
1363 2722 1410 2778 llis
1427 2721 1523 2794 itaque
1541 2737 1594 2794 pro
1615 2721 1706 2778 censis
1721 2739 1771 2795 op

91 2816 277 2888 tibifulgere.
294 2837 308 2866 u
952 2815 1021 2888 pide
1042 2832 1093 2871 sua
1116 2818 1281 2872 constanter
1301 2814 1449 2885 firmabat,
1470 2820 1499 2871 et
1516 2814 1643 2872 fautores
1664 2814 1719 2871 sibi
1733 2816 1770 2872 de

127 2910 175 2965 llis
187 2909 302 2976 auditis,
314 2909 451 2980 llogerins
463 2908 628 2965 adolescens
641 2909 726 2965 matri
740 2924 799 2964 sate
812 2908 901 2965 dixit:
953 2908 1117 2981 proceribus
1138 2908 1226 2981 petris
1247 2909 1292 2965 sui
1311 2909 1448 2980 plurimos
1466 2908 1566 2964 cellide
1586 2907 1769 2965 conciliabat.

92 3024 107 3054 ιι
123 3003 190 3058 ιιοιι
202 3002 362 3070 hominem,
377 3018 429 3059 uec
446 3002 597 3074 longeest,
614 3002 662 3074 qui
675 3002 778 3057 similia
790 3018 843 3073 per
860 3002 900 3058 vi·
912 3030 940 3105 C
953 3002 1086 3058 Abrincas
1098 3005 1127 3058 et
1141 3001 1384 3075 cesarisburgum
1399 3004 1429 3057 et
1442 3001 1639 3059 constantiam
1653 3001 1711 3074 (20)
1722 3006 1766 3058 at·

92 3112 157 3153 sum
174 3096 383 3167 contemplatus
397 3098 449 3151 est.
466 3117 480 3146 u
495 3095 622 3168 cumque
640 3100 734 3151 mater
748 3094 899 3164 insisteret,
952 3111 1008 3166 que
1035 3094 1219 3163 cuabreium,
1241 3094 1365 3167 aliasque
1392 3094 1566 3151 munitiones
1587 3094 1766 3166 possidebat;

93 3193 123 3245 et
136 3189 289 3261 diligenter
303 3187 461 3261 inquireret
474 3187 537 3260 quis
551 3194 601 3244 eut
616 3203 681 3261 quae
696 3187 820 3256 vidisset,
833 3187 900 3243 ado·
950 3191 979 3244 et
991 3189 1141 3259 [ingonem
1159 3187 1304 3258 comitem,
1319 3191 1348 3245 et
1362 3187 1536 3244 Richardum
1555 3187 1591 3243 de
1605 3187 1763 3258 Redveriis,

91 3284 199 3339 lescens
214 3281 338 3351 erubuit,
351 3286 380 3337 et
394 3280 545 3337 manifeste
563 3297 625 3337 rem
639 3281 783 3352 publicare
796 3281 899 3337 noluit.
949 3279 1078 3352 aliosque
1100 3280 1371 3351 constantinienses,
1396 3286 1503 3353 prester
1525 3280 1701 3337 Radberttrm
1727 3280 1764 3337 de

8 3434 13 3442 ‚
90 3375 217 3431 Tandem
231 3390 248 3429 a
261 3373 397 3446 genitrice
410 3379 439 3430 et
457 3374 645 3446 presentibus
662 3373 759 3430 amicis
777 3375 901 3429 millium
949 3373 1094 3444 blolbreio,
1108 3389 1204 3430 secum
1222 3373 1354 3441 habebat,
1369 3377 1400 3430 et
1414 3374 1539 3430 collectis
1558 3374 1685 3448 undique
1700 3374 1769 3431 riri·

90 3474 218 3540 rugatas,
232 3467 377 3540 respondit
391 3483 398 3522 :
415 3487 429 3517 ι
443 3467 564 3532 Quidam
577 3467 605 3522 in
620 3467 727 3523 risione
741 3485 791 3523 sua
809 3482 901 3539 nuper
949 3467 1002 3523 bus
1014 3483 1098 3538 precs
1108 3467 1266 3547 pretioque,
1276 3467 1564 3540 quotidiecrescebet.
1574 3469 1625 3523 Tot
1635 3468 1767 3539 pestibus

89 3560 321 3617 riditliominum
332 3561 439 3631 lesum,
453 3560 601 3632 capitisue
615 3577 735 3617 menum
747 3562 899 3633 imponen·
950 3559 1163 3633 inquietabatur
1175 3560 1315 3628 Neustria,
1330 3565 1360 3616 et
1375 3560 1499 3617 cedibus
1519 3576 1553 3616 ee
1566 3559 1693 3617 flammis
1713 3562 1766 3618 ho·

91 3658 160 3723 tem,
172 3658 201 3710 et
212 3654 365 3710 clementer
373 3653 603 3721 benedicentem,
616 3654 717 3726 hisque
727 3654 819 3709 verbis
831 3669 901 3709 eum
950 3654 1042 3709 mines
1055 3669 1088 3709 ac
1099 3653 1173 3710 uicos
1184 3659 1213 3710 et
1223 3669 1302 3710 casas
1315 3654 1446 3710 tradebat
1459 3654 1628 3726 gehennalis
1639 3654 1727 3711 furia.

90 3750 269 3803 vocantem:
296 3747 364 3803 Veni
391 3747 455 3815 cita,
482 3747 585 3803 dilecte
610 3764 701 3818 meus,
729 3747 765 3802 ed
789 3763 851 3816 me;
872 3751 902 3802 ct
986 3746 1031 3802 Vis
1052 3747 1163 3820 anglici
1183 3748 1260 3820 regis
1281 3763 1354 3819 pene
1375 3764 1426 3820 per
1447 3750 1535 3804 totam
1556 3748 1766 3805 Narmanniam

91 3838 166 3895 daho
178 3838 229 3895 tibi
243 3839 345 3911 gaudia
358 3839 434 3895 viter.
450 3840 590 3896 Audacter
607 3840 696 3912 igitur
713 3857 780 3895 cum
797 3839 827 3895 in
847 3840 901 3895 hec
951 3840 1134 3909 discurrebat,
1148 3846 1177 3897 et
1188 3840 1385 3898 Normennicis
1398 3841 1583 3913 optimatibus
1595 3840 1622 3898 ci
1638 3840 1765 3899 faventi·

89 3931 148 3987 rite
162 3947 220 3987 non
237 3931 286 3986 diu
305 3931 446 3987 victurum
466 3948 569 4002 assero,
591 3948 678 4004 quem
697 3932 737 3987 sic
750 3933 901 3988 altamira
949 3933 1003 3988 bus
1015 3937 1130 4006 propter
1148 3934 1210 4006 ejus
1229 3935 1390 4007 pecuniam,
1410 3939 1521 3990 rectore
1536 3934 1694 3992 desolatam
1710 3935 1767 3992 sihi

91 4030 222 4080 uocatum
236 4039 385 4096 cognosco.
408 4046 423 4076 »
582 4026 587 4035 '
951 4026 1129 4099 mancipabat
1150 4026 1336 4099 provinciam.
1361 4028 1442 4084 cites
1466 4028 1553 4084 etiem
1574 4027 1764 4103 Rothomegi,

127 4116 188 4170 lton
204 4116 295 4170 multa
310 4121 384 4187 post,
399 4119 455 4172 tres
472 4116 584 4188 prefati
602 4117 718 4185 tirones,
738 4121 771 4172 ιιι
792 4117 903 4173 diversa
951 4120 1038 4191 regiis
1060 4121 1228 4176 muneribus
1246 4125 1275 4176 et
1293 4120 1441 4192 promissis
1454 4121 1554 4190 illecti,
1567 4121 1603 4177 de
1625 4123 1766 4180 mutando

91 4208 267 4277 retulerunt,
291 4208 384 4264 varios
407 4214 524 4265 eventus
550 4210 660 4280 experti
686 4215 761 4265 sani.
790 4210 902 4267 Primus
951 4212 1566 4286 principetractaverunt,acutNormenniee
1578 4216 1766 4288 metropolim

92 4300 171 4357 anim
192 4301 223 4357 in
246 4301 425 4374 expeditione
445 4302 572 4374 quadam
594 4303 670 4360 male
689 4303 828 4360 sauciatas
847 4309 900 4374 est,
952 4322 1017 4362 cum
1043 4308 1225 4363 somnolenta
1249 4308 1319 4364 duce
1345 4307 1408 4381 regi
1433 4308 1597 4381 proderent,
1622 4308 1765 4366 consiliati

911 4388 942 4461 Ι)

121 4497 171 4560 (ιιι)
185 4495 401 4549 Deccnstentle
416 4497 529 4549 civitate
543 4499 650 4549 nonita
662 4502 768 4551 eertum
780 4503 830 4552 est.
846 4500 905 4551 llx-
954 4513 1032 4566 quem
1049 4500 1258 4566 iiomomapensie
1281 4500 1386 4552 baberet
1405 4500 1525 4560 secusia,
1539 4500 1617 4553 uerbo
1639 4503 1768 4557 minitat

92 4570 148 4619 atat
161 4567 245 4629 enim,
258 4567 531 4619 interinstrumenta
546 4572 565 4619 t.
580 4569 619 4619 xl
640 4569 709 4621 caii.
730 4570 836 4630 christ,
850 4571 904 4622 col.
953 4584 1030 4636 opere
1049 4572 1237 4636 complemus
1253 4584 1307 4624 non
1319 4571 1391 4637 quod
1407 4576 1610 4637 asperrsarstar,
1628 4573 1767 4636 eiciebat,

90 4638 148 4700 itt,
163 4638 350 4702 fragmentum
370 4638 536 4689 historicum
550 4651 584 4690 ex
602 4639 674 4692 libro
694 4641 776 4704 Nigro
790 4642 905 4706 capituli
955 4643 1187 4694 dominumtuum
1208 4655 1262 4694 esse
1274 4642 1357 4707 titiam
1371 4642 1439 4707 repis
1461 4642 1562 4694 domini
1587 4644 1647 4707 eui,·
1667 4645 1714 4696 sed
1735 4659 1769 4697 ne

90 4706 322 4770 constantiensis,
352 4709 401 4760 ubl
425 4709 487 4760 haec
511 4709 673 4762 habentur:
701 4710 820 4763 Gloriosa
844 4724 904 4777 rege
955 4715 1114 4777 inposterum
1141 4713 1257 4778 (liquitur
1284 4711 1405 4764 besueta
1428 4711 1562 4763 nitesceret
1589 4713 1637 4763 boc
1667 4714 1747 4767 initio
1758 4751 1768 4778 ,

91 4777 230 4830 caitieima
252 4780 282 4828 in
307 4780 409 4831 cbristo
428 4779 539 4843 fideliter
559 4781 709 4845 Rotbcmaqi
730 4781 860 4844 defuncto,
880 4787 905 4833 et
953 4796 1031 4848 esque
1053 4784 1209 4849 temporatia
1230 4796 1341 4849 queque
1366 4783 1510 4847 pretiosius
1534 4783 1666 4844 eminere,
1686 4797 1767 4850 qnam

89 4851 120 4900 in
144 4853 303 4903 monasteria
329 4855 356 4905 S.
381 4853 509 4919 Stephani
531 4854 603 4918 qaod
625 4855 680 4919 ipss
706 4855 817 4906 cadomi
842 4869 905 4907 ιιιιι-
954 4853 1120 4918 dejectionem
1139 4854 1259 4906 ffcclmie
1278 4855 1307 4903 in
1328 4853 1437 4903 minimo
1456 4853 1583 4905 subire.»
1600 4854 1768 4921 Quapropter

89 4927 237 4980 strnserat,
261 4923 397 4975 celebriter
418 4926 548 4983 tamaio,
571 4938 644 4976 anno
673 4926 745 4975 bom.
768 4925 903 4977 incarnat.
953 4927 1037 4991 ipsias
1066 4928 1176 4987 domini,
1204 4933 1338 4993 potentum
1361 4940 1467 4993 qnoque
1489 4926 1620 4978 baronum
1635 4932 1661 4978 et
1682 4942 1767 4994 paro-

90 4992 162 5054 lbttc,
183 4994 273 5044 indict.
295 5007 336 5052 xi,
358 4995 478 5046 sumerset
501 4995 590 5058 mqr'or
608 4994 680 5059 filias
701 4997 759 5058 ejus
780 4995 905 5049 liebertus
953 4998 1108 5049 titanorum
1129 4998 1221 5065 longas
1241 4999 1405 5060 inimicitiae,
1429 4997 1558 5050 bonoram
1580 5010 1690 5049 enorum
1708 5013 1768 5051 cre·

87 5062 145 5113 duc
169 5063 195 5113 in
218 5067 395 5124 Normannia‚
422 5067 523 5117 mediae
546 5078 606 5117 cero
630 5065 785 5118 Gnitieimas
805 5080 855 5118 rea
876 5069 905 5118 in
953 5067 1016 5120 brae
1040 5069 1256 5133 depredationes,
1281 5071 1419 5121 domorum
1443 5068 1676 5127 concremationes,
1699 5083 1768 5136 par·

88 5131 197 5197 inuita,
216 5134 319 5200 fuitque
342 5136 411 5186 inter
433 5150 477 5189 eos
498 5137 636 5188 altercatio
656 5142 680 5189 et
699 5150 799 5202 qnerra
816 5138 904 5190 diebus
953 5151 1043 5189 coram
1069 5152 1178 5192 suorum
1207 5140 1395 5192 destructorius
1429 5138 1621 5203 confractiones
1652 5140 1769 5193 uiriliter·

88 5203 213 5268 piurimis
235 5205 264 5254 in
281 5211 395 5271 atraque
409 5211 491 5257 terra.
507 5208 548 5258 Ea
571 5207 655 5271 igitar
673 5211 821 5271 tempestate
837 5222 905 5273 prse-
953 5208 1053 5273 diuque
1079 5210 1222 5273 sustinuit;
1246 5209 1292 5261 sed
1319 5209 1540 5274 magnanimitate
1567 5208 1631 5273 fidei
1657 5209 1769 5278 zeloque

87 5272 174 5325 dictas
194 5273 318 5326 nocerim
339 5276 410 5327 dedit
432 5277 529 5328 minori
549 5276 633 5341 fratri
653 5291 702 5329 sno
726 5278 838 5329 ilenrico
860 5291 903 5328 cc·
948 5279 1062 5342 ‚iustitia
1084 5279 1220 5341 subnixus,
1236 5278 1378 5331 fimbriam
1403 5281 1432 5330 in
1447 5285 1516 5332 reeta
1537 5284 1610 5332 stata
1631 5284 1656 5331 st
1670 5281 1700 5332 in
1723 5282 1769 5334 do-

87 5343 146 5393 miti
167 5356 268 5395 omnem
293 5357 391 5410 papum
413 5347 640 5400 constantiensem
661 5347 741 5399 mmai
760 5351 788 5399 et
805 5347 903 5400 Abrin·
952 5348 1036 5401 asinio
1064 5350 1140 5402 amis
1169 5350 1349 5409 Ncrmunnie,
1381 5349 1491 5415 ipsoque
1516 5349 1620 5402 creme
1646 5352 1770 5417 perdere,

19 5450 22 5457 .
87 5419 224 5474 muntem,
244 5426 344 5466 necnon
361 5421 387 5467 et
406 5424 570 5483 epneopatm
593 5432 664 5471 nanc
683 5425 708 5472 et
726 5431 818 5484 nsque.
838 5418 903 5470 cnm
951 5421 1081 5484 rsintspre
1105 5421 1280 5473 conseruauit.
1309 5421 1383 5473 Hinc
1410 5423 1453 5472 est
1481 5421 1557 5487 quod
1584 5418 1619 5473 de
1647 5432 1768 5476 numero

86 5497 147 5551 erpo
162 5484 328 5537 abrincensis
350 5487 488 5554 episcopas
509 5491 675 5543 dominatam
692 5491 812 5557 predicti
828 5490 904 5555 prin·
951 5489 1087 5543 baronum
1101 5492 1150 5556 qui
1169 5490 1292 5542 ilenrico
1312 5490 1454 5555 ιιιιοιιιιιι,
1470 5485 1598 5542 excludit
1617 5489 1768 5546 Orderiaus

88 5557 155 5619 cipis
183 5556 344 5620 siserepisset,
371 5558 520 5622 canfridus
548 5561 753 5613 constantiensis
782 5560 903 5624 funditur
951 5559 1105 5613 liebertum
1118 5559 1153 5614 de
1167 5559 1303 5613 lfolbralo
1318 5560 1452 5612 antistitis
1470 5573 1504 5612 ex
1526 5559 1610 5613 fratre
1624 5566 1766 5628 nepotem.

87 5622 189 5682 abuerit,
207 5625 394 5704 ecclesiamque
416 5627 638 5682 constantiensem
652 5633 729 5696 cujas
745 5637 801 5683 erut
820 5632 902 5682 mini·
1188 5640 1260 5694 Dcm
1273 5640 1423 5705 Βουρυιτ,
1437 5638 1486 5693 ιιι).
1499 5652 1560 5707 viu,
1574 5654 1602 5709 p·
1615 5640 1673 5695 tlt.

84 5698 148 5756 ner,
171 5700 200 5748 nt
222 5696 320 5748 ittarta
346 5710 398 5752 sna
425 5699 553 5753 nerninem
572 5698 669 5754 tabere
693 5701 827 5756 dominnm
848 5702 901 5753 nisi
