3750 6046
10 5940 16 6005 ἰ

57 200 108 261 ll‘t
501 206 657 266 HISTORIA
676 204 943 266 uectestssttcn.
957 235 992 251 -·
1004 208 1092 267 Pius
1109 208 1132 267 l.
1147 210 1260 267 -L1u
1281 206 1314 267 ll.
1699 204 1750 273 ttt

55 328 230 399 tesiam
240 336 271 388 et
283 329 360 400 inde,
374 336 493 405 propter
510 333 670 389 mmultum
689 331 883 390 multitudinis
892 345 922 419 Α
968 333 1105 389 Ordinem
1121 335 1314 407 apostolorum
1328 336 1358 390 et
1374 333 1510 391 meritum
1527 332 1752 411 uniuscujusque

55 424 238 482 uocitatum
253 426 399 497 aiudnis,
412 428 531 483 Paulum
548 427 653 484 iratres
665 442 750 500 usque
761 428 884 484 Athenas
933 427 1009 483 solus
1023 428 1154 484 omnium
1167 429 1303 485 Conditor
1317 430 1406 500 novit,
1428 434 1458 485 et
1475 429 1501 484 is
1520 431 1570 503 qui
1583 431 1677 487 cordis
1697 433 1753 489 hu·

54 520 260 591 pedmmu.
273 519 315 576 lbi
329 520 417 578 Silam
430 524 460 576 ot
475 521 671 591 Timotheum,
690 537 764 595 quos
778 521 884 579 Beroea
932 521 1012 576 mani
1033 538 1137 578 areana
1157 523 1286 591 rimatur,
1304 523 1521 580 retributionem
1542 524 1672 582 laborum
1697 526 1755 585 sin·

56 614 217 682 dimiserat,
238 615 421 687 exspectavit
446 617 559 672 interes
575 616 736 688 disputabat
756 618 787 671 iu
801 630 884 686 spuu-
933 614 1007 686 gulis
1016 615 1170 672 distribuit.
1186 617 1312 689 Apostoli
1325 633 1452 690 namque
1463 620 1541 674 missi
1560 617 1750 692 interpretan-

56 724 126 780 popo
139 724 203 765 uss
214 709 319 766 iudeis
332 716 359 766 et
379 710 537 776 colombae,
552 714 581 766 et
600 713 632 766 tu
649 713 711 779 {mo
728 725 781 782 per
794 724 885 766 omues
932 713 980 765 tur
985 725 995 778 ;
1021 708 1097 781 ipsos
1124 710 1202 766 enim
1230 710 1307 766 misit
1332 711 1462 767 Christus
1481 712 1678 784 evangelizare
1701 731 1754 786 per

57 804 113 859 dies
126 803 168 859 ud
179 818 274 860 muas
291 803 514 875 quiaudisrunt
537 805 656 873 Quidum
676 809 769 861 uuum
786 805 884 875 Epicu·
934 802 1098 859 universum
1118 804 1269 874 mundum,
1285 809 1316 861 ut
1333 804 1407 861 sicut
1426 805 1578 878 piscatores
1591 807 1626 862 de
1647 808 1752 880 pelago

58 900 97 952 ret
114 904 142 952 et
153 898 243 956 Stoici
258 896 413 970 piammon·
425 913 488 954 cum
498 898 716 955 mdisserebout.
733 896 883 954 Athesim·
934 896 1042 953 retibus
1057 898 1211 954 extrahunt
1226 898 1341 954 turbam
1360 898 1492 970 piscium,
1515 900 1556 955 sic
1571 900 1611 957 illi
1624 902 1751 973 perditos

60 996 137 1047 sesct
156 992 274 1048 moena
284 992 404 1064 hospites
424 992 463 1047 od
479 992 552 1048 nibil
568 992 650 1049 athad
665 992 813 1055 uucubuut.
830 993 886 1048 uisi
933 989 1065 1047 homines
1080 990 1282 1063 predicatione
1298 992 1374 1048 iacta
1386 993 1590 1064 pertraherent
1605 994 1754 1052 adtamen

61 1092 108 1142 aas
118 1086 273 1143 dimum
290 1086 390 1143 audie
401 1086 510 1158 aliquid
526 1088 600 1143 uous‘.
617 1086 723 1143 Paulus
740 1090 840 1149 eutem,
853 1087 884 1141 s‘u
934 1083 999 1140 vitas
1018 1084 1053 1141 de
1077 1084 1270 1156 profunditate
1284 1085 1429 1142 vitiorum.
1453 1087 1574 1143 Nomina
1593 1093 1691 1146 autern
1710 1089 1753 1163 ip

61 1181 146 1237 nodio
164 1182 306 1253 Areopupi
329 1185 420 1245 uuus,
441 1180 629 1237 Athenienses
656 1180 821 1236 idololatria
840 1196 885 1236 su·
933 1194 1031 1235 sorum
1051 1181 1119 1234 sunt
1136 1180 1207 1235 hese.
1222 1179 1321 1236 Simon
1335 1181 1434 1236 Petrus
1455 1183 1484 1237 et
1502 1181 1643 1251 Andreas,
1664 1183 1754 1244 irater

62 1275 222 1347 perstitioui
245 1273 360 1331 deditus
378 1274 573 1346 reprehendit,
597 1277 627 1329 et
648 1273 684 1330 de
703 1289 755 1329 ara
772 1276 804 1329 iu
827 1289 885 1345 quo
933 1272 1013 1344 ejus;
1040 1272 1161 1329 Iacobus
1187 1272 1318 1330 Zebedaei
1342 1279 1371 1329 et
1397 1275 1530 1345 loannes,
1554 1274 1643 1333 irater
1666 1277 1751 1349 ejus:

64 1372 196 1440 wiptm
216 1374 279 1425 erut
297 1384 306 1424 t
323 1372 418 1437 lpsmto
435 1371 499 1432 lieo,
521 1367 600 1440 loqui
618 1368 713 1440 coepit.
736 1366 806 1425 Inde
828 1366 883 1423 ini·
932 1365 1056 1423 lacobus
1069 1367 1181 1440 Alphei
1194 1365 1399 1440 etPhilippus3
1413 1368 1536 1424 Thomas
1559 1374 1589 1425 et
1607 1371 1753 1427 Bartholo-

65 1463 134 1519 tium
150 1462 293 1535 injunctis
313 1461 368 1518 sibi
386 1461 596 1535 praedieah'ouis
618 1461 751 1534 sumpsit,
779 1462 883 1518 Deum·
935 1476 1041 1531 meeum
1056 1461 1120 1516 Levi
1134 1460 1281 1517 liotthaeus
1298 1465 1327 1517 et
1340 1460 1439 1518 Simon
1455 1462 1632 1520 Chananeus
1644 1481 1652 1531 ;
1664 1464 1753 1520 Judas

68 1574 121 1631 que
134 1572 249 1628 verum,
271 1556 322 1629 qui
336 1556 407 1612 olim
424 1556 540 1628 ignotus
552 1555 660 1611 mundo
680 1559 752 1624 erat,
770 1571 884 1612 annun·
933 1554 1092 1610 Thoddieus
1106 1557 1135 1610 et
1149 1554 1269 1611 ltethias
1280 1555 1367 1627 (Act,
1384 1571 1403 1623 r,
1420 1558 1451 1611 ta
1466 1561 1495 1612 et
1505 1557 1561 1629 26).

67 1652 154 1718 tiuvit,
169 1650 311 1724 brevique
325 1665 457 1707 sermone
478 1650 569 1707 multa
585 1648 836 1721 «eomprehendam
849 1648 882 1704 fl·
969 1648 1081 1705 Primus
1098 1648 1258 1717 vocuhone,
1279 1649 1424 1705 maximus
1442 1649 1591 1723 dignitate,
1606 1652 1752 1723 apostolici

70 1746 132 1801 dem
151 1748 180 1801 st
205 1744 425 1802 commestionis
443 1758 525 1816 spem
552 1744 692 1801 instanter
720 1719 922 1816 predicavitB
933 1741 1065 1798 culminis
1084 1743 1182 1799 sedem
1201 1744 1301 1798 Petrus
1322 1743 1449 1816 claviger
1467 1748 1612 1801 assecutus
1627 1748 1680 1813 est,
1703 1745 1754 1819 qui

68 1841 149 1909 istst„
161 1854 231 1909 xvir,
241 1839 327 1905 1-31).
932 1835 1045 1891 Christo
1060 1836 1194 1892 ardenter
1205 1835 1381 1909 obsequens,
1394 1837 1555 1894 totocorde
1568 1841 1683 1894 secutus
1697 1841 1751 1895 est.

95 1935 173 1990 Tunc
194 1935 340 2004 bmwslus
354 1935 533 2005 Areopuqitm
549 1936 575 1988 et
594 1932 694 1988 mulier
706 1932 763 2003 ejus
783 1935 883 1988 Domo
933 1929 981 1985 llic
998 1932 1078 2002 putre
1095 1931 1165 1985 tona
1181 1930 1225 1985 vol
1243 1931 1351 1987 ioaune
1373 1931 1497 2003 genitus,
1516 1931 1577 1987 vico
1596 1932 1752 1989 Bethsaida

67 2031 102 2084 sis
119 2029 227 2099 otiique
239 2042 302 2083 urm
313 2029 353 2083 sis
370 2027 550 2090 adimentes
564 2026 691 2098 apostolo
708 2025 884 2084 omueruus
931 2022 1084 2095 provincia
1105 2023 1235 2092 Galilmoe,
1255 2025 1304 2096 qui
1322 2024 1405 2096 juxta
1424 2031 1558 2098 stagnum
1576 2026 1752 2083 Genesaretb

63 2123 149 2192 ism,
172 2122 231 2192 Sl).
248 2119 357 2178 bsinde
369 2119 481 2188 Paulus,
502 2120 538 2176 ub
556 2118 671 2176 Athenis
683 2134 813 2188 opressus,
829 2122 882 2179 Go-
932 2121 985 2186 est,
1003 2122 1094 2186 ortus,
1113 2117 1151 2174 ad
1168 2117 1369 2175 declarandam
1389 2118 1559 2191 dignitatem
1573 2120 1701 2177 futurem
1722 2124 1753 2176 et

64 2218 183 2273 Mino
198 2217 274 2273 suut
286 2218 316 2272 et
331 2213 439 2272 iudaeis
452 2218 539 2287 atque
554 2213 658 2270 Graecis
675 2214 772 2270 iesum
783 2213 880 2272 chris·
931 2215 1102 2284 potestatem
1123 2229 1180 2284 qua
1205 2211 1376 2268 sublimatus
1396 2211 1575 2284 splendescit,
1596 2214 1753 2271 trinomius

65 2315 122 2366 hm
141 2326 204 2367 esse
229 2309 404 2379 testificam,
426 2306 585 2364 ministerio
603 2307 817 2381 praedicationis
836 2307 885 2364 in·
931 2306 984 2363 luit
996 2306 1159 2378 indicioque
1177 2306 1266 2363 tuum
1279 2306 1480 2362 vocabulorum
1495 2307 1646 2379 multiplex
1659 2308 1752 2366 virtus

67 2404 142 2461 suut
163 2404 332 2477 Disputatur
348 2404 379 2458 iu
398 2417 538 2473 spuupopu
555 2417 606 2473 per
624 2417 703 2458 omuc
719 2403 880 2460 Sabbatum.
934 2400 961 2456 ei
986 2400 1096 2456 coelitus
1124 2399 1192 2455 data
1216 2399 1328 2456 claruit
1354 2400 1452 2457 Simon
1484 2401 1593 2456 etenim
1615 2402 1749 2465 obediens,

68 2499 130 2554 llluc
152 2497 191 2554 de
213 2496 381 2553 {meduma
402 2495 474 2552 Silas
498 2500 528 2552 et
546 2494 709 2551 Timotheus
730 2499 880 2564 venerunt,
931 2496 1032 2550 Petrus
1053 2509 1120 2550 vero
1142 2508 1297 2564 upuosceus,
1311 2494 1421 2566 Cephea
1440 2498 1537 2550 autem
1555 2499 1640 2566 caput
1659 2495 1748 2551 iuter·
1838 2492 1840 2496 ’

66 2599 101 2660 et,
119 2590 298 2664 predicante
316 2591 415 2661 Paulo,
434 2589 582 2662 Crispinus
602 2589 737 2662 (crispus)
755 2590 881 2662 archisy-
931 2590 1072 2662 pretatur.
1086 2587 1182 2645 Simon
1198 2588 1295 2661 itaque
1305 2604 1357 2660 per
1374 2588 1575 2658 obedientiam,
1589 2605 1647 2660 qua
1670 2605 1749 2660 mox,

65 2702 193 2759 nagogus
210 2683 371 2741 cumomni
389 2683 552 2753 domosua,
566 2682 708 2757 multique
721 2683 882 2741 Corinthio·
932 2687 964 2738 ut
990 2687 1166 2755 preceptum
1192 2681 1306 2738 Domini
1332 2681 1449 2751 audivit,
1479 2682 1584 2738 relictis
1613 2682 1750 2739 omnihus

65 2798 124 2836 rum
145 2779 297 2836 credentes
318 2776 454 2850 baptizati
476 2781 553 2835 suut.
578 2777 680 2834 Paulus
705 2777 737 2833 in
759 2776 880 2834 domum
930 2777 1026 2848 ipsum
1045 2776 1236 2849 aequiusque
1258 2775 1294 2831 ad
1315 2779 1440 2832 mortem
1461 2775 1611 2848 expeditus
1629 2777 1747 2846 studuit,

66 2874 211 2947 ιιῄιιιιίιιιιι
219 2871 292 2945 justi
303 2871 423 2929 nomine
432 2871 488 2928 Titi
503 2873 645 2944 (totque
657 2871 811 2944 contingas
819 2875 882 2927 erat
931 2871 968 2927 ad
986 2869 1139 2926 ineffabilis
1160 2869 1358 2942 cognitionem
1380 2870 1497 2927 Deitatis
1522 2870 1696 2927 conscendit.
1714 2872 1749 2927 Et
1850 2936 1853 2941 Ι

65 2984 227 3042 synagoga,
246 2966 385 3036 introivit,
405 2968 520 3039 Deoque
535 2966 657 3038 jubente
671 2981 725 3038 por
741 2965 880 3021 visionem
931 2964 998 3038 quia
1010 2965 1120 3021 caelitus
1134 2964 1288 3036 inspiratus
1302 2980 1390 3036 supra
1400 2964 1559 3019 humanum
1572 2964 1748 3021 intellectum

64 3063 153 3119 noctis
174 3077 286 3119 annum
298 3066 329 3118 et
344 3076 458 3117 meuses
473 3076 521 3116 scr
535 3058 649 3130 mansit,
660 3058 759 3133 ibique
773 3059 881 3115 instan·
931 3060 1035 3116 divium
1045 3058 1166 3115 theoria
1174 3058 1309 3115 ardenter
1321 3058 1443 3114 inhiavit
1452 3063 1480 3114 et
1491 3058 1641 3114 altisonam
1650 3074 1747 3115 vocem

64 3166 104 3214 ter
120 3157 245 3214 verbum
264 3155 316 3213 usi
327 3155 434 3212 docuit.
451 3154 494 3212 lbi
513 3152 615 3227 Aquila
630 3153 752 3225 judeus,
773 3167 881 3225 genere
931 3152 1061 3227 gloriosae
1081 3151 1266 3210 confessionis
1283 3151 1405 3209 fideliter
1419 3151 1607 3225 deprompsit,
1627 3151 1745 3209 dicens:

63 3252 205 3321 Ponticus,
230 3266 296 3306 eum
315 3247 441 3306 Priscilla
462 3264 551 3305 uxore
568 3263 622 3304 sua
638 3247 791 3317 manebat3
814 3263 880 3304 cum
932 3251 972 3305 Tu
987 3264 1016 3305 es
1034 3249 1156 3308 christia
1176 3248 1261 3304 Filius
1273 3250 1390 3304 bstuim'
1402 3246 1524 3319 (liunt,
1547 3263 1601 3315 rvr,
1616 3246 1672 3317 ts),
1685 3246 1748 3320 ipso

63 3347 165 3419 quihus
188 3344 306 3414 Paulus,
322 3343 393 3417 quia
410 3341 622 3399 scenofactoria
642 3342 711 3398 artis
728 3346 800 3412 arat,
814 3358 881 3414 ope-
930 3341 1191 3415 incompsrahiliter
1221 3330 1460 3413 recompensante
1481 3340 1614 3410 Christo,
1641 3341 1748 3397 meruit

63 3440 185 3507 rebatur,
209 3444 239 3496 st
262 3438 369 3495 victum
392 3436 516 3510 propriis
539 3436 673 3493 manibus
696 3436 879 3508 procurabat.
930 3437 1066 3493 honorari
1086 3440 1115 3493 et
1129 3434 1260 3491 Ecclesia
1277 3440 1365 3507 caput
1377 3451 1411 3490 ac
1429 3434 1653 3491 fundamentum
1671 3435 1747 3491 ordi·

64 3535 125 3592 lude
144 3533 252 3590 Paulus
273 3532 433 3589 valedicens
446 3530 592 3599 tratribus,
607 3531 718 3603 Syriam
736 3529 881 3603 navigavit
929 3531 1001 3587 uari.
1023 3531 1130 3603 burgus
1143 3528 1221 3585 enirn
1243 3529 1397 3585 retributor
1410 3529 1460 3601 qui
1472 3528 1607 3584 notitiam
1620 3528 1746 3585 erudivi·

65 3636 90 3684 et
107 3628 256 3701 Ephesum
273 3626 400 3684 devenit.
414 3626 483 3682 inde
504 3624 652 3682 descendit
668 3626 825 3682 cesaream
847 3641 880 3681 ac
929 3624 1007 3680 nitus
1023 3623 1221 3695 inspiraverat,
1238 3623 1303 3695 puri
1321 3621 1417 3677 cordis
1436 3621 1520 3677 fldem
1539 3621 1680 3693 prolatam
1695 3639 1747 3695 per

64 3722 248 3796 postmodum
272 3720 407 3793 migravit
434 3719 625 3777 Antiochiam.
658 3721 739 3775 Facto
764 3719 805 3774 ibi
829 3719 881 3774 uti·
929 3718 987 3774 oris
1000 3715 1213 3774 contessionem
1227 3714 1553 3789 principaliauetoritate
1568 3719 1744 3772 remunerat.

62 3822 162 3890 qauoto
173 3822 303 3887 teuspure,
320 3816 459 3887 proteuus
470 3819 520 3876 est,
533 3818 559 3869 et
571 3828 605 3870 ea
617 3813 712 3869 usdiuc
725 3811 881 3869 Galaticum
929 3816 1026 3871 Beums
1044 3826 1081 3875 es,
1098 3813 1202 3882 iuquit,
1217 3810 1311 3867 Simon
1329 3810 1460 3880 Bustiouo,
1479 3812 1546 3880 quic
1562 3824 1625 3865 ooro
1642 3815 1668 3865 et
1679 3826 1744 3865 suu-

63 3910 396 3983 rspiorssusstPlupps'um
409 3905 628 3980 perambulavit,
642 3921 786 3978 omnaque
796 3906 879 3963 disci-
910 3908 989 3978 ¹quis
1009 3921 1065 3961 uou
1085 3905 1216 3961 revetavit
1238 3905 1297 3968 tibi,
1317 3904 1364 3960 scd
1380 3906 1464 3960 Putes
1488 3918 1575 3968 meus,
1591 3905 1640 3976 qui
1660 3908 1700 3960 cst
1713 3906 1745 3959 iu

59 4007 144 4076 ulos,
158 4001 339 4061 confirmavit
353 4003 439 4075 (Act,
454 4017 530 4070 run,
547 4000 632 4071 lbi).
929 4000 1001 4057 uelis
1013 3999 1104 4072 (ibid,
1120 4000 1175 4071 17).

102 4102 133 4155 V.
155 4100 271 4157 Notitiae
286 4096 321 4154 do
339 4095 440 4153 Christi
458 4097 597 4168 upmtolis.
616 4097 692 4152 Petri
708 4096 833 4151 historio.
965 4095 1036 4150 Vere
1057 4094 1157 4150 beatus
1170 4097 1215 4150 est
1234 4093 1343 4160 Simon,
1357 4092 1387 4149 id
1406 4098 1449 4149 ost
1460 4094 1594 4163 obediens,
1611 4093 1662 4167 qui
1681 4095 1746 4149 Bar·

91 4195 153 4250 llus
164 4207 257 4265 usque
269 4190 342 4247 mihi
354 4191 389 4247 de
403 4189 548 4263 primitiva
569 4188 694 4245 Ecclesia
714 4187 880 4245 summatim
926 4189 1007 4261 jona,
1025 4187 1055 4243 id
1074 4191 1118 4244 est
1140 4188 1213 4259 tttsiu
1234 4188 1378 4256 columba,
1401 4186 1514 4256 dicitur,
1541 4204 1598 4261 qua
1623 4187 1746 4259 Spiritus

61 4286 200 4357 excerpsi,
222 4285 259 4342 de
283 4286 329 4341 his
352 4283 486 4342 videlicet
508 4298 574 4354 ques
598 4283 688 4338 Lucas
709 4282 741 4338 in
764 4282 880 4338 Actibus
930 4286 1042 4338 sanctus
1059 4281 1238 4354 designatur.
1263 4284 1313 4339 Vir
1331 4282 1464 4350 obediens,
1486 4286 1518 4337 ut
1538 4282 1579 4338 ait
1599 4280 1744 4350 Salomon,

61 4381 254 4455 apustmorum
282 4378 383 4448 edidit,
409 4377 561 4451 usquead
583 4376 779 4433 narrationem
807 4392 877 4449 quo-
929 4378 1051 4448 loqus'tur
1073 4378 1201 4432 uictorias
1216 4376 1317 4448 (Prou,
1341 4391 1395 4444 ιιι,
1410 4376 1466 4447 28).
1486 4373 1539 4441 Qui
1562 4375 1631 4431 dum
1640 4375 1745 4447 jussio·

62 4475 144 4532 nodo
159 4473 267 4531 Paulus
287 4472 392 4545 Ephesi
407 4472 564 4544 baptizatos
580 4469 752 4542 baptismate
764 4464 981 4537 loannisllnes
1012 4469 1187 4526 incessanter
1210 4469 1341 4524 observat
1369 4468 1490 4536 divinas,
1516 4468 1545 4523 in
1571 4466 1746 4541 quotidianis

62 4569 229 4625 innomine
251 4566 367 4624 Domini
389 4568 454 4623 iesu
477 4564 671 4638 baptisaverit,
693 4563 790 4636 ibique
811 4580 878 4620 cum
929 4563 1108 4620 conflictibus
1137 4578 1188 4635 per
1219 4562 1392 4619 tentationes
1426 4562 1612 4634 impugnatur
1643 4561 1744 4629 varim,

61 4663 179 4733 eisdem
213 4661 265 4734 qui
294 4659 403 4733 Spiritu
433 4662 533 4716 saneto
559 4657 662 4731 repleti
689 4657 879 4730 loquebantur
929 4659 1048 4731 ipsoque
1069 4657 1099 4713 in
1123 4656 1264 4712 mandatis
1285 4656 1337 4711 llei
1360 4661 1572 4728 perseverante,
1596 4657 1746 4727 superatur

60 4756 164 4831 inquis
185 4759 218 4811 et
239 4753 463 4829 prophetabant,
487 4752 689 4827 permanserit,
716 4754 801 4824 atque
825 4767 879 4823 per
928 4755 1057 4811 Satanas.
1077 4750 1153 4816 Quid
1174 4749 1253 4805 enim
1274 4749 1351 4805 eliud
1374 4748 1471 4805 divina
1494 4749 1540 4805 lex
1559 4749 1685 4820 imperet
1701 4750 1744 4804 vel

60 4856 115 4908 tres
133 4866 252 4908 meuses
269 4849 307 4906 de
324 4864 416 4922 reguo
436 4847 485 4905 bei
505 4847 655 4919 disputans
672 4845 771 4902 multis
788 4846 879 4918 prule·
928 4848 1021 4916 docet,
1041 4845 1097 4903 nisi
1120 4848 1153 4902 ut
1176 4844 1271 4900 omnis
1292 4845 1379 4900 homo
1408 4842 1537 4899 Creatori
1557 4858 1609 4898 suo
1630 4842 1745 4913 militet,

60 4945 127 5003 serit
153 4950 185 5002 et
209 4943 278 5000 inde
300 4942 466 5012 discedens,
491 4958 578 5014 quam
604 4940 719 4997 fortiter
752 4940 782 4996 in
814 4939 879 4997 Asia
928 4957 994 4998 cum
1009 4941 1128 5014 antiquo
1142 4943 1284 5013 serpente,
1302 4937 1352 5011 qui
1366 4937 1449 4995 nohis
1462 4953 1575 5010 semper
1585 4936 1744 5007 insidiatur,

60 5056 107 5113 per
128 5038 282 5096 biennium
305 5037 418 5094 cunctis
437 5035 687 5109 evangelizaverit,
712 5038 741 5090 et
759 5033 879 5090 virtrum
928 5035 1055 5106 dimicet,
1078 5040 1106 5091 et
1127 5034 1257 5090 bravium
1281 5048 1413 5104 supernae
1435 5033 1592 5089 vocationis
1618 5033 1746 5088 obtinere

60 5128 706 5208 plurimassuperlauguidosacdsemoniacos
719 5127 748 5184 in
762 5128 879 5185 nomine
928 5129 1063 5186 insudet?
1089 5130 1167 5184 ‘lunc
1191 5128 1271 5183 lortis
1296 5127 1347 5183 Dei
1377 5126 1507 5200 agonista
1533 5127 1631 5200 procul
1658 5124 1746 5182 dubio

60 5232 124 5288 lesu
142 5226 251 5286 Christi
269 5225 372 5284 lecerit
392 5227 477 5299 (Act,
501 5240 557 5293 nx,
572 5222 658 5297 ΜΟ).
676 5224 787 5280 tmodo
811 5223 880 5280 libet
928 5223 1054 5297 loquitur
1072 5222 1214 5290 victorias,
1237 5221 1319 5291 dum,
1338 5226 1480 5294 prostrato
1491 5220 1618 5288 inimico,
1632 5224 1744 5292 pmtec·

60 5325 129 5381 ilios
154 5321 271 5379 codices
289 5321 474 5394 perlustrare,
500 5321 532 5374 et
551 5317 587 5374 de
615 5317 724 5375 emam
743 5317 880 5392 apostolis
928 5318 985 5375 tori
1008 5333 1059 5373 suo
1085 5316 1210 5373 celebrat
1232 5318 1291 5372 lleo
1316 5315 1434 5389 gratias,
1462 5314 1560 5372 dicens
1585 5330 1650 5370 curn
1680 5316 1747 5370 Pro·

60 5418 131 5475 nihi
146 5415 286 5492 quadarn
304 5414 433 5472 breviter
450 5427 693 5483 commemorare,
705 5428 771 5487 quse
783 5412 813 5469 iu
827 5428 878 5468 au·
929 5413 1038 5486 pheta:
1055 5413 1229 5469 Prmoahti
1239 5426 1280 5467 me
1293 5413 1396 5467 uirtute
1408 5410 1446 5466 od
1459 5410 1558 5465 bellum
1570 5414 1596 5466 et
1608 5409 1744 5481 suppuru-

59 5511 196 5569 theuticis
213 5508 305 5579 libris,
322 5510 353 5565 et
370 5508 401 5566 in
426 5507 552 5565 Ecclesia
573 5508 765 5582 frequentatis
782 5510 881 5582 potero
930 5510 997 5566 tutti
1015 5509 1187 5578 insuspectos
1202 5507 1234 5561 s'u
1250 5520 1292 5562 mc
1309 5505 1404 5561 subtus
1423 5518 1465 5560 uss
1486 5503 1570 5577 (Psut.
1593 5518 1659 5572 xvir,
1680 5502 1745 5571 lbl;

60 5605 201 5681 reperire.
930 5607 958 5660 et
970 5601 1027 5658 alie
1041 5600 1131 5659 multa
1147 5598 1192 5657 his
1205 5598 1319 5657 similis.
1335 5598 1426 5654 Nemo
1440 5599 1535 5672 potest
1552 5596 1659 5654 sanctis
1680 5612 1748 5672 ope·

84 5798 136 5865 <ru
150 5791 619 5867 emmerammenses
666 5793 672 5805 ·
