3750 6046
56 170 100 227 tta
465 164 636 224 ‘atsroata
654 156 920 222 aeclesiastica.
935 173 969 202 -'·
984 159 1071 219 PARS
1091 156 1122 216 ll.
1139 191 1173 202 -
1188 160 1251 219 tra.
1273 152 1318 218 lli.
1689 168 1740 223 aaa

55 297 118 350 fons
136 294 248 362 oritur3
269 311 286 349 a
305 310 361 366 quo
383 295 476 350 omnis
497 295 700 366 circumjacens
719 293 799 363 regio
820 288 876 348 Uti·
891 288 1062 382 ASanetnm
1077 288 1253 355 Saronicum,
1270 293 1413 361 totamque
1426 291 1541 360 patrum
1555 307 1671 347 suorum
1685 293 1742 348 hve-

55 388 146 443 censis
161 388 281 444 dicitur.
929 382 1078 438 reditatem
1104 382 1220 454 recepit.
1247 381 1355 438 Deinde
1379 381 1537 439 liodbertus
1560 384 1647 440 abbas
1672 402 1741 458 pace

87 482 128 536 Ne
149 483 275 537 miretur
295 482 359 554 quis
381 481 457 553 quod
483 481 699 537 lexoviensium
721 479 873 554 praesulem
924 474 995 530 lacta
1010 491 1027 529 a
1040 474 1111 530 duce
1124 474 1271 546 requisivit
1284 478 1315 529 ut
1327 475 1460 531 avunculi
1476 476 1519 532 sui
1534 493 1647 550 corpus,
1663 480 1739 550 quod

54 575 80 630 in
95 575 265 631 Ebroiccnsi
285 575 438 647 praesulatu
458 575 671 631 dedicationem
686 574 786 629 fecisse
801 572 873 628 dixi·
923 567 998 640 apud
1013 567 1145 624 Sanctam
1162 567 1329 624 serenicum
1350 569 1439 624 tribus
1454 570 1621 642 septimanis
1635 571 1739 628 huma·

55 668 292 725 custodiebas
307 669 363 724 illis
374 673 433 723 tres
446 669 578 740 generosi
593 667 736 741 presules,
750 682 873 738 magnos·
923 667 986 717 tum
1011 662 1155 732 jacuerat,
1185 661 1295 716 Uticum
1323 663 1468 718 transferri
1496 664 1676 722 concederet.
1703 669 1740 721 At

56 779 109 834 que
131 763 281 819 civilitatis
305 762 395 819 tribm
419 766 561 834 preerant
584 760 768 817 conterminis
792 775 874 832 paro·
924 754 970 810 ille
985 754 1093 810 hostilis
1114 770 1225 811 memor
1242 755 1298 810 odii
1318 756 1410 826 primo
1427 751 1589 830 denegent,
1610 764 1738 831 postmo-

55 856 135 911 ehiis,
157 857 243 929 {lugo
261 855 397 912 willalmi
416 855 553 911 „incensis
572 855 682 910 comitis
703 854 777 909 filius
797 869 872 926 proe-
924 846 992 903 dum
1012 848 1182 904 erubescens
1206 849 1280 920 quod
1301 848 1332 903 in
1353 854 1499 906 mortuum
1521 852 1649 921 saeviret,
1671 869 1739 909 con·

57 956 115 1004 erat
135 949 381 1017 Lexoriensibns,
399 955 429 1005 et
448 948 606 1005 Willelmus
621 947 737 1004 Gerardi
755 947 873 1004 fleitelli
924 940 1016 997 cessit.
1033 941 1096 997 llox
1115 941 1240 1014 impiger
1259 941 1346 996 abbas
1366 943 1501 1000 liodberti
1521 944 1658 1001 Geraiani
1678 949 1738 1019 gle-

57 1043 129 1097 lilius
144 1042 341 1099 ecclesiastica
353 1042 421 1114 jure
440 1041 526 1098 dabat
543 1041 769 1111 Ebroicensibus,
785 1045 813 1095 et
829 1043 875 1096 lvo
923 1034 988 1089 bam
1002 1034 1032 1090 in
1046 1040 1145 1090 trunco
1160 1036 1271 1092 Uticam
1289 1036 1442 1105 transtulit,
1458 1037 1554 1110 ibique
1572 1038 1602 1095 in
1617 1040 1741 1096 claustro

58 1135 193 1191 walelmi
217 1135 403 1191 Belffimensis
423 1133 498 1191 filius
520 1139 634 1190 aenrnae
657 1134 755 1189 saluas
776 1149 874 1189 curam
925 1117 1133 1185 monachorum
1156 1128 1312 1184 honorifice
1335 1129 1473 1202 sepelivit.
1496 1133 1597 1188 Cuncti
1619 1135 1669 1206 qui
1693 1135 1741 1189 ad·

57 1228 212 1284 exhibebat
232 1228 427 1300 sagiensibus.
442 1228 475 1283 lli
489 1232 547 1286 tres
565 1228 594 1283 iu
614 1226 789 1284 Normannis
808 1231 874 1282 tnnc
925 1225 1006 1277 erant
1029 1221 1209 1278 mirabantur
1232 1223 1308 1295 quod
1328 1223 1422 1279 nullus
1444 1223 1480 1279 de
1503 1241 1621 1297 corpore
1648 1227 1740 1283 tribus

57 1322 182 1378 maxime
196 1322 348 1394 pollebant
364 1321 453 1377 divini
467 1321 558 1377 cultus
571 1321 684 1376 fervore
703 1325 732 1376 et
745 1319 874 1375 unanimi
921 1314 981 1384 jam
1001 1314 1167 1388 septimanis
1190 1315 1312 1371 exanimi
1332 1316 1407 1372 fetor
1427 1317 1591 1374 sentiretur.
1613 1321 1742 1376 Tradunt

59 1431 209 1484 consensu,
224 1419 362 1487 tantoque
377 1413 563 1470 nectebantur
581 1429 688 1481 amore,
703 1419 733 1469 ut
746 1413 874 1485 quisquis
923 1408 1040 1480 quidam
1056 1409 1133 1481 quod
1150 1409 1192 1464 vis
1212 1409 1394 1481 venerique
1413 1410 1488 1466 idem
1504 1411 1662 1482 interierat,
1677 1430 1739 1469 om-

60 1525 158 1565 eernm
185 1510 218 1564 in
242 1507 354 1564 dioecesi
380 1507 502 1563 confinis
528 1508 570 1562 sui
596 1506 721 1562 velutin
745 1507 872 1578 propria,
924 1517 990 1557 nem
1023 1501 1148 1559 defuncti
1181 1503 1325 1560 cadaveris
1349 1504 1501 1559 humorem
1532 1505 1737 1576 exsiccaverat,

60 1609 140 1675 prout
152 1608 273 1675 tempus
282 1607 312 1657 et
321 1602 393 1657 ratio
406 1601 550 1673 poscebat,
564 1616 648 1657 omne
663 1599 789 1656 divinum
804 1616 874 1671 opus
923 1594 1044 1668 ideoque
1059 1596 1154 1652 nullas
1176 1596 1243 1651 inde
1261 1597 1335 1652 fetor
1350 1597 1478 1653 vivorum
1499 1599 1614 1654 naribus
1632 1600 1739 1656 effundi

61 1700 204 1754 exerceret
220 1697 282 1752 sine
294 1694 387 1767 litigio
402 1700 430 1751 et
445 1695 542 1750 livore.
887 1687 1046 1758 Bmolestc
1060 1693 1177 1761 poterat.

89 1792 148 1847 llll.
168 1790 247 1848 Bella
266 1791 338 1845 inter
354 1791 469 1846 sternens
486 1793 511 1844 ct
525 1789 702 1845 dormundos.
723 1789 840 1843 Eventus
960 1783 1107 1839 Redeunte
1139 1784 1175 1839 ad
1205 1786 1334 1841 naturale
1362 1785 1411 1856 jus
1443 1785 1565 1842 Ernaldo
1597 1787 1741 1844 Uticenses

425 1885 508 1939 vorti,
925 1877 1057 1933 monachi
1077 1877 1166 1948 gavisi
1187 1883 1263 1946 siant,
1281 1884 1309 1934 et
1329 1877 1359 1933 io
1379 1877 1484 1934 vicinos
1505 1879 1670 1952 insolentes,
1691 1882 1741 1954 qui

88 1978 270 2034 stimulante
280 1978 394 2047 satana,
410 1977 459 2049 qui
473 1984 623 2048 nunquam
635 1975 762 2032 humano
776 1975 875 2049 generi
925 1971 1048 2027 inermes
1060 1970 1165 2043 injuste
1178 1970 1392 2043 opprimebant,
1406 1971 1481 2028 illius
1493 1988 1547 2045 ope
1561 1975 1647 2030 crecti
1663 1978 1740 2031 svrnt.

59 2087 158 2128 nocere
173 2071 298 2141 deshtit,
315 2071 404 2126 nimia
422 2070 496 2126 inter
511 2070 630 2126 Francos
653 2076 681 2125 et
698 2069 877 2124 Normannos
925 2064 1113 2136 Temporibus
1131 2065 1294 2120 Theoderici
1313 2065 1424 2122 abbatis
1437 2070 1465 2122 ct
1478 2067 1613 2123 liodberti
1631 2084 1743 2124 sueces-

60 2165 159 2221 seditio
181 2163 302 2220 exarsit.
323 2163 462 2220 henricus
482 2163 560 2219 enim
578 2179 627 2219 rex
648 2164 830 2232 Francorum,
849 2168 877 2219 et
927 2159 996 2213 soris
1012 2159 1083 2230 ejus,
1103 2157 1246 2214 Baldricus
1263 2163 1291 2215 et
1309 2159 1451 2232 wigerius
1470 2160 1505 2218 de
1525 2161 1693 2234 balgenzaio
1713 2167 1742 2220 et

58 2259 222 2314 Goisfredus
245 2257 409 2326 hamelius,
437 2256 609 2313 fortissimus
630 2257 877 2330 andegavensium
927 2251 1059 2308 homines
1077 2252 1120 2307 sui
1139 2256 1238 2309 contra
1258 2253 1411 2309 monachos
1432 2254 1587 2311 insolenter
1607 2255 1742 2329 egebant,

58 2369 163 2422 comes,
177 2351 414 2408 Normannorum
428 2349 500 2406 flues
512 2366 579 2406 cum
597 2349 663 2407 forti
683 2366 769 2406 manu
786 2351 876 2406 intra·
927 2350 956 2403 et
969 2362 1026 2401 non
1040 2346 1131 2402 solum
1146 2347 1186 2401 cis
1207 2352 1237 2403 ut
1255 2346 1378 2402 dominis
1396 2348 1476 2419 [non]
1498 2349 1676 2421 obediebant,
1692 2367 1741 2405 ve-

58 2450 171 2514 verunt,
186 2450 218 2501 et
230 2445 403 2502 detrimenta
417 2443 629 2516 quamplurima
647 2445 815 2500 Normannis
831 2444 876 2499 in·
927 2455 992 2494 nrm
1014 2440 1101 2496 etiam
1124 2439 1255 2512 plurimis
1275 2439 1522 2514 inquietudinibus
1543 2444 1620 2515 ipsos
1645 2444 1741 2500 homi-

56 2540 194 2596 tulerunt.
210 2540 297 2594 Porro
314 2537 472 2594 Willelmns
485 2537 642 2594 acerrimus
659 2538 716 2594 dux
737 2539 877 2594 Norman·
927 2550 1035 2606 nesque
1066 2549 1168 2590 eoram
1195 2533 1299 2607 saepius
1320 2534 1536 2593 contristabant.
1560 2535 1642 2601 Quod
1665 2538 1742 2595 llod·

56 2649 160 2690 norum
184 2632 308 2704 injurias
330 2632 476 2689 multoties
495 2648 554 2688 non
577 2632 704 2704 segniter
725 2632 801 2688 ultus
824 2637 876 2688 est.
926 2628 1195 2701 bertus,postquam
1208 2628 1330 2684 abbatim
1345 2629 1473 2701 regimen
1486 2631 1620 2703 suscepit,
1635 2631 1742 2689 diutius

56 2728 122 2783 Nam
145 2726 304 2800 plerosque
322 2725 464 2782 Gallorum
482 2729 511 2782 et
527 2726 774 2799 andegavensium
793 2725 877 2799 cepit,
928 2722 1003 2777 ferre
1023 2722 1179 2794 indignum
1195 2721 1284 2780 duxit.
1299 2724 1379 2792 Nam,
1401 2729 1516 2797 accepto
1531 2725 1652 2781 fratrum
1672 2743 1742 2782 con·

56 2821 214 2877 nonnullos
241 2818 353 2887 occidit,
380 2821 486 2876 multos
510 2823 607 2877 avrtcm
631 2820 661 2875 in
688 2836 801 2876 carcere
829 2820 878 2876 diu
928 2815 1009 2886 silio,
1032 2816 1163 2888 prefatos
1190 2816 1311 2873 rebelles
1336 2833 1389 2890 pro
1416 2819 1595 2878 contumacia
1619 2819 1743 2877 Ernaldo

55 2917 166 2970 densos
189 2913 306 2969 afflixit.
326 2912 380 2978 Qui
402 2912 528 2986 singulos
547 2913 693 2970 conflictus
713 2918 742 2969 et
763 2913 877 2983 damna,
929 2909 1142 2981 consanguineo
1166 2926 1217 2965 suo
1240 2909 1367 2979 tradidit,
1388 2916 1419 2967 ut
1437 2912 1497 2985 ipse
1519 2913 1742 2971 cervicositatem

55 3025 117 3081 quea
144 3007 203 3064 sibi
230 3006 356 3062 vicissim
383 3006 552 3078 intulerunt,
579 3007 737 3080 diligenter
757 3007 878 3063 voluerit
927 3020 1037 3071 eorum,
1061 3005 1110 3076 qui
1130 3004 1338 3060 monachorum
1359 3006 1608 3063 mansuetudinem
1627 3007 1743 3083 pacifice

56 3100 248 3174 perscrutari,
277 3099 355 3173 legat
377 3099 464 3157 libros
488 3101 620 3158 Willelmi
646 3100 878 3158 Gemmeticensis
888 3064 916 3139 C
928 3100 987 3172 pati
999 3099 1238 3172 dedignabantur,
1251 3102 1376 3174 quandiu
1390 3101 1507 3171 viveret,
1521 3103 1639 3160 militari
1653 3120 1742 3163 manu

56 3195 220 3265 eoenobitae,
235 3199 429 3267 cognomento
446 3194 565 3263 Calculi,
586 3199 615 3249 et
634 3194 766 3251 Willelmi
785 3195 877 3251 Picta·
927 3196 1096 3266 protereret.
1117 3197 1153 3250 nt
1176 3194 1224 3251 ille
1246 3195 1344 3250 multis
1365 3195 1540 3271 diversisque
1555 3197 1674 3254 servitiis
1694 3214 1742 3255 eos

57 3291 111 3346 vini
126 3288 313 3346 Lexoviensis
327 3287 454 3345 ecclesiae
466 3287 670 3356 archidiaconi,
682 3289 732 3362 qui
743 3288 778 3346 de
791 3289 879 3361 gestis
929 3288 1104 3360 aggravavit,
1119 3292 1148 3344 et
1159 3287 1237 3361 ipsos
1251 3289 1440 3362 hominesque
1455 3307 1555 3347 eorum
1570 3292 1744 3350 munitiones

57 3383 297 3440 Normannornm
322 3382 447 3439 studiose
473 3383 664 3456 scripserunt,
687 3388 716 3439 et
739 3381 878 3439 Willelmo
929 3398 993 3437 suas
1007 3382 1083 3455 apud
1098 3382 1267 3439 Escalfoium
1282 3390 1310 3440 et
1324 3383 1458 3440 Sanctum
1471 3385 1636 3442 Saronicum
1649 3390 1743 3444 custo·
1854 3426 1862 3437 .

57 3479 113 3550 jam
138 3478 203 3550 regi
226 3475 385 3548 anglorum
409 3475 504 3532 favere
527 3476 674 3549 cupientes
695 3483 880 3547 praesentave·
929 3475 989 3531 dire
1003 3476 1107 3547 coegit.
1122 3476 1202 3532 Unde
1216 3477 1257 3532 illi
1272 3477 1444 3534 Radbertum
1459 3478 1594 3535 abbatem
1608 3486 1743 3538 cimona·

59 3575 137 3627 runt.
929 3570 997 3625 chos
1021 3569 1122 3625 obnixe
1145 3570 1291 3642 petierunt
1311 3575 1341 3625 ut
1363 3571 1466 3628 iterum
1488 3573 1620 3644 potestati
1643 3590 1743 3631 eorum

92 3665 152 3723 Sub
165 3681 201 3721 eo
213 3667 397 3738 tempestate,
407 3664 567 3721 liodbertus
577 3664 671 3722 Geroii
684 3664 770 3735 filius,
781 3666 880 3722 contra
929 3663 1038 3720 restitui
1056 3667 1246 3731 mererentur,
1261 3664 1461 3736 promittentes
1480 3666 1521 3722 cis
1539 3682 1655 3723 omnem
1677 3667 1742 3723 sub·

61 3760 236 3816 Wdlelmum
259 3758 362 3814 dacem
384 3758 542 3828 rebellavit,
563 3763 602 3827 et,
624 3759 766 3815 accersitis
786 3759 878 3816 ande·
925 3757 1083 3828 jectionem
1099 3762 1128 3812 et
1145 3757 1380 3815 emendationem.
1401 3758 1494 3815 abbas
1513 3776 1578 3816 vero
1593 3777 1659 3817 cunr
1680 3777 1743 3818 mo·
1836 3822 1839 3827 ,

63 3854 245 3927 gavensibus,
261 3858 352 3910 castra
366 3869 427 3921 sua,
441 3852 577 3908 Sanctum
592 3853 699 3910 scilicet
713 3853 880 3910 serenicum
930 3851 1028 3907 nachis
1044 3867 1146 3907 eorum
1161 3851 1293 3924 precibus
1311 3852 1461 3924 acquievit,
1482 3856 1510 3908 et
1530 3853 1695 3924 Ernaldum,
1711 3861 1745 3912 vrt

62 3952 88 4005 ct
108 3950 223 4022 ltnpcm
245 3946 429 4020 ialgiensem,
446 3946 557 4003 fortiter
580 3947 710 4016 munivit,
733 3951 762 4003 et
783 3948 881 4003 contra
930 3961 979 4001 eos
992 3945 1124 4002 Ecclesiae
1137 3946 1276 4015 servituti,
1292 3962 1357 4018 quaa
1376 3946 1533 4002 humilibus
1547 3953 1574 4003 et
1589 3951 1744 4005 mansuetis

62 4043 178 4112 ducem,
211 4058 277 4097 cum
310 4040 500 4097 Normannico
530 4041 655 4098 exercitu
685 4040 880 4110 obsidentem,
930 4056 996 4095 vere
1014 4039 1103 4095 libera
1121 4045 1173 4108 est,
1194 4039 1335 4109 redderet,
1354 4040 1444 4112 petiit.
1465 4041 1512 4096 llis
1530 4041 1630 4098 diebus
1652 4044 1743 4117 Roge-

62 4133 229 4208 aliqnandia
242 4133 342 4190 tenuit.
357 4134 410 4190 Sed
423 4134 490 4206 qaia
508 4133 671 4190 mortalium
690 4134 779 4190 robur
794 4134 880 4190 labile
930 4134 990 4188 rius
1001 4132 1207 4206 primogenitus
1219 4134 1370 4205 Enganulll
1385 4134 1421 4191 de
1433 4135 1534 4208 aquila
1548 4136 1621 4192 filius
1636 4137 1745 4195 occisus
1855 4162 1859 4167 ·

62 4233 112 4298 cst,
125 4228 280 4300 subitoque
292 4243 344 4284 ceu
359 4226 412 4283 flos
424 4227 483 4282 feni
500 4230 617 4296 marcet,
632 4227 766 4301 praefatas
779 4228 874 4300 heros,
931 4230 983 4282 cst.
995 4229 1032 4284 be
1046 4227 1126 4299 cujus
1139 4231 1232 4282 morte
1245 4228 1425 4300 Eugenulsus
1440 4231 1470 4283 at
1483 4229 1662 4287 ltichnerada
1676 4248 1746 4287 uxor

62 4327 124 4396 post
135 4324 305 4380 innumeras
317 4321 483 4396 probitates,
495 4322 564 4378 dnm
575 4322 613 4378 ad
627 4321 725 4395 ignem
740 4323 768 4378 in
783 4323 881 4379 hieme
931 4321 993 4392 ejus
1015 4320 1095 4376 valde
1114 4319 1211 4376 afflicti
1232 4321 1343 4377 Uticum
1360 4326 1509 4394 venerunt,
1526 4327 1556 4379 et
1574 4324 1746 4381 beneficium

62 4419 141 4474 tatus
155 4415 280 4486 sederet,
296 4415 509 4489 conjugemque
524 4432 606 4472 suam
622 4415 800 4485 adelaidem,
817 4432 881 4488 quae
891 4439 920 4510 D
931 4422 1016 4486 atquc
1036 4415 1182 4471 orationes
1201 4416 1410 4472 monachornm
1431 4433 1484 4490 pro
1503 4433 1563 4488 sua,
1579 4418 1684 4490 filiique
1702 4419 1745 4475 sui

62 4510 141 4568 ducis
153 4509 332 4566 consobrina
346 4514 417 4580 erat,
433 4516 555 4582 quatuor
572 4510 648 4565 mala
663 4526 750 4566 manu
771 4513 882 4583 gestare
932 4509 1047 4580 ltogerii
1056 4509 1149 4564 salute
1160 4509 1306 4581 petierunt
1315 4515 1343 4566 et
1353 4517 1534 4582 acceperunt,
1544 4511 1745 4584 optimumque

62 4604 183 4676 rideret,
206 4604 264 4660 duo
282 4618 318 4659 ex
340 4602 395 4658 illis
407 4601 584 4659 familiariter
594 4603 718 4676 jocando
733 4604 759 4659 ci
775 4604 880 4676 rapuit,
932 4603 1057 4676 ejusdem
1080 4602 1197 4675 llogerii
1212 4619 1319 4675 equum
1333 4605 1392 4659 beo
1405 4607 1432 4659 et
1447 4604 1592 4660 monachis
1611 4621 1663 4676 pro
1683 4606 1748 4676 ejus

61 4706 89 4754 et
111 4697 245 4755 nesciens
264 4697 341 4770 qnod
364 4704 501 4753 venenata
523 4701 613 4767 erant,
629 4714 718 4752 name
738 4698 880 4754 contradi·
931 4697 1214 4753 animaobtulcrunt.
1226 4698 1305 4752 llmm
1318 4713 1387 4769 ergo
1399 4697 1748 4770 equum,quiapretiosus

61 4798 156 4864 cente,
172 4791 308 4848 comedit.
334 4791 387 4857 Qui
413 4808 478 4847 mox
497 4807 610 4848 veneno
635 4791 757 4848 infectus
778 4797 831 4863 est,
854 4796 883 4847 ct
932 4794 1003 4858 erat,
1019 4789 1158 4845 Ernaldus
1179 4792 1210 4844 ut
1230 4789 1284 4846 sibi
1305 4790 1461 4847 donaretur
1473 4791 1564 4863 petiit,
1587 4797 1617 4848 et
1637 4792 1745 4848 Baldri·
1844 4780 1847 4785 ’

62 4891 124 4959 post
138 4904 154 4942 v·
171 4884 245 4956 dies,
268 4903 333 4942 cum
353 4886 444 4941 mult'o
463 4902 585 4943 maerore
604 4904 731 4954 suorum,
754 4903 797 4942 vm
819 4886 881 4942 fdus
932 4901 1007 4952 eum,
1036 4885 1223 4957 hominesque
1249 4901 1314 4940 suos
1339 4887 1367 4941 et
1389 4886 1495 4940 terram
1518 4884 1553 4941 de
1578 4886 1748 4959 Balgcnzaio

62 4980 212 5038 februarii
239 4978 328 5054 [1060]
351 4981 502 5037 defunctus
524 4987 575 5038 est.
595 4982 656 5047 Quo
680 4982 807 5048 mortuo,
832 4980 881 5035 lir-
932 4978 1058 5050 pristinas
1077 4980 1282 5035 monachorum
1296 4980 1435 5051 potestati
1455 4980 1600 5036 concessit.
1618 4981 1699 5047 Quod
1719 4985 1749 5038 et

62 5076 165 5131 ualdus
186 5073 321 5130 willelmi
341 5073 473 5131 Garoiani
493 5074 567 5130 filius
590 5074 617 5128 in
640 5074 700 5129 loco
720 5072 815 5146 patrui
839 5072 882 5128 sui
932 5073 972 5128 ita
985 5073 1093 5129 lachim
1108 5076 1160 5128 cst.
1175 5072 1314 5128 Ernaldus
1333 5089 1440 5144 equum
1457 5073 1619 5130 consobrini
1632 5074 1675 5131 sni
1691 5076 1747 5134 llo-

62 5167 197 5236 surrexit,
219 5167 379 5240 oppidanos
400 5167 532 5241 precihus
552 5167 726 5239 monitisque
749 5166 880 5224 corrobo·
933 5167 1003 5238 gerii
1018 5184 1035 5222 a
1049 5167 1191 5222 Rodberto
1211 5166 1314 5223 abbate
1335 5166 1452 5239 accepit,
1475 5175 1503 5223 ct
1522 5169 1684 5226 Baldricum
1706 5173 1749 5227 to·

62 5261 286 5334 ravit,dncique
300 5260 420 5319 viriliter
437 5259 569 5318 resistere
584 5278 635 5334 pro
655 5261 880 5333 paternahaere·
932 5266 1049 5332 tamque
1073 5264 1182 5317 terram
1208 5260 1242 5316 de
1272 5261 1441 5334 balgenzaio
1468 5263 1594 5319 ecclesiae
1621 5264 1749 5322 dominio

62 5355 431 5429 &intemperantiaque
450 5355 665 5412 animositatem
688 5354 807 5410 callidus
825 5354 881 5410 dux
933 5354 1067 5410 reddidit.
1097 5354 1242 5410 Baldricus
1268 5358 1365 5411 autern
1394 5356 1471 5429 quod
1501 5359 1597 5431 gravia
1624 5364 1751 5416 evaserat

62 5449 177 5508 blandis
191 5449 355 5506 hortatibus
375 5449 483 5522 lenivit,
501 5464 656 5523 pacemque
675 5465 771 5506 secum
786 5449 882 5504 facere
933 5448 1047 5504 Ernaldi
1068 5449 1180 5505 servitia
1199 5449 1531 5521 gaudens,dom1natum
1550 5469 1644 5524 sunm,
1663 5469 1752 5526 quem

62 5561 125 5601 cam
146 5543 278 5615 pluribus
296 5542 444 5616 promissis
463 5543 611 5616 persuasit.
629 5547 663 5599 al
683 5544 740 5611 ille,
764 5543 882 5600 consilio
932 5543 962 5598 in
977 5543 1044 5599 villa
1059 5543 1155 5600 Sancti
1173 5544 1277 5601 Ebrnlfr
1300 5544 1431 5613 habehat,
1452 5546 1601 5602 monachis
1618 5547 1706 5617 dedit,
1723 5552 1753 5604 et

62 5637 95 5692 ab
108 5637 215 5694 amicis
230 5640 360 5710 accepto,
376 5638 440 5694 duci
454 5636 605 5710 acquievit,
621 5638 704 5710 eique
716 5637 883 5694 fidelitatem
934 5641 1049 5710 terrani,
1066 5654 1152 5710 quam
1172 5655 1260 5712 supra
1273 5638 1394 5695 rivulum
1414 5640 1519 5695 linctus
1539 5640 1648 5697 titteris
1668 5641 1750 5698 habe-

62 5730 144 5805 fecit,
171 5734 202 5789 et
227 5730 262 5787 ab
291 5747 324 5787 eo
349 5732 576 5788 Monosteriolum
603 5735 631 5787 et
657 5731 824 5788 Escalfoianr
851 5748 882 5788 ac
933 5731 991 5805 bat,
1008 5738 1034 5788 ct
1051 5737 1154 5789 torrem
1176 5733 1334 5791 Normanni
1351 5734 1428 5791 ilice
1444 5739 1473 5791 et
1486 5734 1615 5809 benigni
1625 5734 1764 5791 tradidit.
