3750 6046
58 177 106 237 240
483 179 637 239 HISTORIA
657 180 921 241 sccusssstasrrca.
940 212 973 229 -··
989 184 1077 246 PARS
1098 186 1131 244 ll.
1147 216 1180 227 -
1197 184 1261 243 uta.
1285 184 1328 244 ΙΙΙ.
1399 200 1402 204 ·
1686 186 1739 244 llio

56 315 80 363 et
104 306 243 380 llogerio,
257 306 377 383 aliisque
397 309 547 370 monachis
564 311 641 382 apud
656 310 773 384 Sagium
796 327 874 367 com·
886 313 1090 398 Asacriiicate.
1114 314 1173 372 Otia
1199 315 1274 370 velut
1300 315 1406 371 lethale
1433 313 1508 370 rirus
1536 312 1601 370 totis
1629 312 1737 370 nisibus

57 401 248 473 morantibus,
263 401 299 457 ad
318 401 494 461 abluendum
509 419 587 461 sacro
599 403 778 478 baptismatis
797 404 875 463 fonte
925 407 1059 477 devitate,
1072 407 1149 479 quia,
1160 408 1232 465 sicut
1244 413 1354 464 sanctus
1364 409 1450 464 Pater
1460 412 1558 465 noster
1569 406 1737 464 Benedictus

57 494 172 551 obtulit.
925 501 994 557 dicit
1009 519 1016 557 ε
1033 501 1160 558 otiositas
1172 505 1283 558 inimico
1302 509 1339 557 est
1353 505 1461 559 animm
1479 501 1551 558 lllud
1563 501 1649 557 etiam
1662 518 1735 574 saepe

88 590 163 644 tiara
188 591 312 646 charitas
331 591 423 660 illum,
441 590 470 645 iu
490 607 547 662 quo
568 596 681 664 regnat,
702 592 785 647 bonis
808 592 876 650 facit
924 596 1066 651 vobiscum
1105 595 1239 652 revolvite
1273 596 1349 669 quod
1388 596 1417 650 in
1449 595 1517 651 Vitis
1547 596 1663 650 Petrum
1692 593 1735 648 di·

57 683 224 753 amabilem,
251 692 280 741 et
301 685 440 757 perversis
464 685 685 743 formidabilem.
711 685 774 741 ldco
800 703 875 758 saepe
925 688 998 745 citur
1014 707 1030 744 a
1044 689 1168 763 quodam
1182 689 1302 762 probato
1316 690 1432 745 doctore
1447 706 1454 744 ε
1469 689 1619 761 quiaunus
1632 688 1737 744 solum·

56 778 225 833 nominatus
244 778 333 834 abbas
352 795 369 835 a
387 779 470 835 bonis
491 779 594 834 merito
613 778 795 851 diligebatur,
810 787 875 835 eta
925 784 1010 839 modo
1029 783 1141 840 daemon
1165 783 1301 839 tentando
1316 786 1397 839 verat
1417 783 1594 838 laborantem
1607 782 1636 837 in
1654 780 1736 837 bonis
1819 850 1820 857 ἵ

54 871 682 943 pravistimebatur.Exterioreseuimenras,
693 873 874 945 inquantum
926 877 1097 931 monachum
1113 894 1121 945 ;
1163 877 1242 931 mille
1279 894 1345 933 vcro
1383 877 1530 933 daemones
1565 876 1737 949 impugnant

56 969 181 1036 poterat,
203 965 358 1036 devitabat,
381 982 497 1040 seseque
519 966 616 1022 divino
640 967 728 1022 cultui
751 967 874 1022 ferventi
924 969 1057 1037 otiosum,
1085 968 1299 1042 innumerisque
1325 969 1516 1025 tentationum
1545 969 1647 1041 jaculis
1681 985 1734 1023 un·
1835 1026 1836 1031 ,

57 1060 208 1116 sedulitate
226 1059 418 1131 mancipabat.
437 1059 572 1115 Assiduus
595 1077 700 1132 nempe
718 1061 747 1116 in
767 1061 874 1116 oratio·
925 1062 1010 1134 dique
1037 1061 1215 1118 stimulatum
1244 1068 1351 1136 cogunt
1376 1063 1503 1118 fastidire
1533 1061 1735 1117 monasteriale

58 1154 138 1208 nibus
153 1160 233 1224 eret,
247 1157 277 1209 et
295 1154 326 1209 in
343 1170 430 1226 opere
443 1169 584 1210 manuum
597 1155 673 1226 quod
695 1154 748 1209 sibi
763 1170 875 1225 compe·
924 1154 1089 1221 claustrum,
1109 1158 1139 1208 ct
1153 1160 1286 1227 appetere
1301 1156 1437 1211 damnosa
1454 1153 1548 1210 smculi
1563 1153 1734 1226 spectacula,

58 1248 142 1303 lebat.
166 1249 240 1304 liam
259 1247 321 1320 ipse
340 1247 460 1319 scriptor
478 1250 541 1303 erat
562 1247 705 1318 egregins,
725 1252 752 1303 et
772 1246 875 1319 inclyta
925 1248 1071 1303 noxiarum
1090 1248 1295 1321 experientiam
1310 1249 1495 1320 voluptatum.
1510 1249 1544 1303 Et
1563 1248 1629 1321 quia
1646 1248 1734 1318 largis

59 1341 145 1397 insitae
166 1339 223 1397 sibi
237 1341 305 1396 artis
323 1343 510 1398 monumenta
523 1341 638 1412 reliquit
652 1340 776 1396 Uticanis
791 1341 873 1412 Juve-
923 1346 1079 1397 sustentare
1093 1357 1232 1413 pauperes
1246 1342 1434 1414 eleemosynis
1448 1359 1505 1397 non
1518 1341 1645 1413 potestis,
1660 1357 1768 1419 quo-U
1851 1400 1854 1410 ‚

59 1435 147 1489 nibus.
165 1434 381 1490 CnUecteneum
398 1435 474 1489 enim
490 1438 518 1490 et
532 1433 672 1490 Graduale
687 1450 719 1489 ac
734 1434 872 1506 Antipho·
924 1435 1002 1490 niam
1017 1441 1141 1490 terrenas
1157 1450 1224 1507 opes
1240 1451 1298 1490 non
1316 1435 1437 1503 habetis,
1451 1452 1505 1490 nec
1518 1434 1648 1506 ingentia
1661 1437 1732 1490 tem·

59 1529 171 1583 narium
192 1529 314 1601 propria
333 1543 421 1584 manu
434 1527 462 1582 in
476 1528 539 1600 ipso
554 1527 682 1584 coenobio
698 1526 872 1598 conscripsit.
924 1530 981 1600 pla,
1004 1527 1084 1582 sicuti
1107 1544 1190 1601 reges
1214 1528 1316 1600 aliique
1342 1533 1472 1600 potentes
1496 1528 1590 1583 saeculi
1615 1528 1733 1594 iaciunt,

59 1627 73 1677 l
87 1621 172 1678 sociis
185 1621 275 1677 etiam
292 1621 360 1688 suis,
374 1622 424 1694 qui
436 1636 533 1676 secum
546 1620 582 1676 de
596 1619 772 1677 Gemmetico
787 1636 872 1675 rene·
924 1621 1033 1693 erigere
1061 1620 1188 1693 potestis,
1215 1621 1263 1693 qui
1291 1621 1469 1693 regularibus
1497 1621 1626 1677 claustris
1651 1622 1733 1693 septi,

59 1720 125 1782 rent,
139 1715 284 1786 pretiosos
298 1714 401 1769 divinae
414 1713 486 1786 legis
496 1713 606 1769 codices
620 1712 749 1769 dulcibus
759 1712 873 1768 monitis
885 1691 912 1762 Β
924 1714 1059 1786 omnique
1076 1717 1217 1786 potestate
1237 1714 1339 1787 privati
1354 1715 1436 1784 estis;
1456 1713 1562 1782 saltim,
1576 1713 1734 1770 secundum
1831 1762 1835 1773 ,
1853 1756 1856 1765 .

59 1809 160 1881 eregit.
172 1808 248 1864 Nam
264 1807 401 1865 liedulfus
411 1824 499 1880 nepos
514 1807 577 1879 ejus
587 1807 746 1879 Eptaticum
763 1807 874 1878 scripsit
923 1807 1080 1864 Salomonis
1102 1808 1263 1878 hortatum,
1284 1808 1361 1863 omni
1384 1808 1511 1865 custodia
1536 1806 1620 1863 corda
1644 1812 1735 1863 vestre

58 1909 79 1957 et
90 1901 220 1971 hissale,
236 1901 285 1957 ubi
301 1901 389 1956 missa
403 1900 432 1958 in
446 1905 588 1957 conventu
602 1900 732 1972 quotidie
744 1900 871 1967 canitur;
923 1905 1040 1972 servate,
1055 1903 1169 1973 Daoque
1189 1901 1302 1974 placere
1323 1901 1389 1957 totis
1408 1901 1517 1956 nisibus
1536 1899 1735 1956 indesinenter
1835 1914 1841 1921 ·

58 1997 132 2068 liuga
154 1999 260 2051 autem
281 1995 375 2051 socius
395 1994 456 2067 eJus
474 1994 679 2067 expositionem
700 2010 786 2066 super
806 1994 871 2050 lizc·
923 1994 1094 2050 contendite.
1108 1994 1202 2062 Orate,
1218 1994 1318 2068 legite,
1333 1995 1453 2066 psallite,
1470 1994 1595 2063 scribite,
1614 1993 1734 2066 aliisque

56 2089 174 2145 abietem
195 2092 226 2144 et
245 2087 430 2161 Demlogum,
450 2087 634 2160 primamque
651 2090 763 2159 partam
782 2087 870 2143 tlora-
923 2087 1086 2159 hujusmodi
1105 2087 1214 2143 actibus
1234 2087 1363 2154 insistite,
1386 2087 1485 2160 eisque
1507 2091 1605 2144 contra
1627 2087 1733 2144 damo-

57 2182 143 2252 lium3
174 2181 316 2254 Bogerios
347 2197 414 2238 vero
446 2181 596 2254 presbyter
628 2181 872 2252 Paralipomenon,
923 2198 992 2236 num
1008 2184 1183 2237 tentamenta
1195 2197 1244 2236 ros
1262 2180 1406 2253 sapienter
1423 2185 1541 2237 armate.
1559 2202 1573 2232 »

56 2275 203 2348 librosque
218 2274 391 2343 Salomonis,
405 2274 576 2347 tertiamque
590 2278 699 2346 partem
715 2273 871 2330 Moralium.
957 2273 1071 2330 Talibus
1085 2273 1198 2329 monitis
1210 2275 1294 2330 Pater
1301 2273 1490 2330 Theodericus
1503 2273 1656 2346 discipulos
1669 2289 1734 2329 suos

85 2367 672 2441 PraemtusitaquoPatarpersupradictos
685 2370 773 2438 etper
789 2365 871 2432 alios,
923 2366 1090 2436 instruebat,
1112 2370 1141 2421 et
1165 2367 1320 2438 arguendo,
1341 2367 1524 2434 obsecrando,
1544 2365 1733 2439 increpando,

56 2479 124 2534 quos
139 2460 180 2518 ad
194 2462 331 2533 hocopus
346 2461 461 2516 flectere
477 2463 597 2532 poterat,
612 2460 795 2531 antiquarios,
810 2460 872 2513 octo
922 2461 955 2516 ad
970 2460 1079 2516 bonum
1096 2476 1167 2532 opus
1184 2460 1335 2532 vigilanter
1355 2459 1501 2529 incitabat,
1522 2460 1557 2514 ad
1575 2460 1653 2532 quod
1672 2459 1733 2531 ipsc
1841 2496 1845 2503 ,

56 2556 148 2623 annis,
175 2555 282 2627 quibus
309 2553 486 2609 Uticensibus
513 2553 635 2625 proluit,
661 2569 760 2608 omnes
787 2551 872 2608 libros
922 2553 1001 2624 prius
1020 2558 1078 2608 tam
1101 2553 1209 2608 orando
1230 2569 1318 2624 quam
1339 2553 1498 2621 scribendo,
1519 2554 1561 2608 vel
1584 2553 1638 2608 alia
1657 2553 1734 2608 bona
1839 2548 1843 2553 ’

56 2650 161 2705 t'eteris
176 2652 207 2704 et
220 2647 290 2703 Nori
302 2646 485 2714 testamenti,
500 2662 657 2717 omnesque
673 2645 759 2701 libros
771 2645 870 2700 lacun-
922 2647 1048 2702 iaciendo
1065 2646 1262 2719 consurgebat.
1280 2648 1330 2701 Pro
1346 2646 1511 2717 hujusmodi
1527 2646 1653 2702 studiisa
1668 2646 1733 2718 qui·

53 2743 163 2797 dissimi
176 2758 263 2813 papea
279 2739 408 2813 Gregorii
423 2739 595 2795 Uticensium
609 2738 790 2795 bibliothecae
803 2754 869 2810 pro·
921 2738 1041 2795 busdam
1062 2738 1313 2810 blasphemabatur
1331 2739 1490 2807 monachis,
1506 2739 1553 2811 qui
1572 2739 1733 2795 mundiales

54 2835 172 2891 curavit.
187 2836 227 2889 Ex
241 2834 302 2906 ejus
316 2834 401 2889 ctiam
415 2832 512 2888 schola
524 2832 695 2889 excellentes
707 2831 828 2901 librarii,
842 2831 871 2886 id
921 2849 1002 2888 curas
1014 2833 1115 2888 divinis
1128 2833 1332 2905 preponebant
1344 2833 1454 2888 officiis.
1466 2834 1539 2889 Proh
1553 2835 1645 2890 dolor!
1660 2834 1733 2889 unde

53 2933 92 2985 est
116 2926 320 3000 Berengarius,
340 2927 390 2999 qui
412 2926 590 2998 postmodnm
617 2924 654 2980 ad
677 2925 870 2997 episcopatum
922 2926 1002 2982 illum
1017 2927 1148 2982 venerari
1170 2926 1323 2997 debebant,
1340 2926 1407 2982 inde
1430 2927 1522 2998 magis
1540 2927 1580 2983 illi
1600 2927 1731 2982 detrahe-

53 3023 183 3079 t'enusiee
211 3024 362 3092 provectus
391 3025 446 3088 est,
473 3019 638 3075 Goscelinus
666 3021 695 3074 et
722 3019 870 3087 liedulfus,
881 3020 1534 3136 Cbant.[licebantenim:alatishomonon
1551 3020 1734 3076 debetabbas

55 3114 232 3180 Bernardns,
243 3112 431 3168 'lurchetillus
440 3116 468 3168 et
482 3112 649 3182 libhardus,
662 3110 767 3183 aliique
778 3113 871 3182 plures
921 3130 993 3180 esse,
1008 3113 1057 3185 qui
1072 3114 1227 3168 exteriores
1241 3130 1323 3168 curas
1338 3113 1437 3182 nescit,
1449 3113 1638 3185 negligitque.
1651 3113 1732 3169 Unde

53 3211 275 3281 processerunt3
291 3206 341 3277 qui
362 3205 529 3260 tractatibus
549 3205 712 3277 Hieronymi
729 3208 758 3259 et
772 3208 869 3275 Augu·
921 3207 1016 3262 vivent
1041 3211 1178 3276 oratores,
1202 3206 1224 3260 si
1249 3206 1406 3262 defecerint
1428 3207 1573 3261 aratores?
1596 3207 1733 3279 insipiens

53 3303 130 3369 elini,
154 3300 298 3357 Ambrosii
316 3304 345 3354 et
367 3298 477 3367 lsidori,
498 3297 610 3354 Eusebii
629 3303 657 3353 et
679 3297 780 3365 Orosii,
800 3298 869 3353 alio·
921 3300 1024 3372 estqui
1040 3300 1104 3372 plus
1120 3300 1229 3372 appetit
1244 3300 1272 3355 in
1287 3300 1409 3355 claustro
1428 3299 1521 3371 legere
1537 3300 1580 3354 rel
1596 3300 1729 3367 scrihere,

54 3411 180 3468 mmque
202 3394 350 3450 doctorum
371 3392 571 3448 bibliothecam
589 3391 684 3447 Sancti
701 3391 807 3447 Ebrulli
825 3407 869 3446 re·
920 3409 1006 3464 quam
1020 3394 1094 3448 unde
1111 3393 1231 3448 iratrum
1246 3392 1335 3448 rictus
1349 3392 1520 3448 exhibeatur
1536 3409 1730 3464 procurare.»

52 3491 218 3560 piaverunt,
232 3491 261 3543 et
273 3486 412 3559 exemplis
426 3485 484 3540 suis
499 3485 534 3539 ad
548 3485 641 3540 simile
653 3484 779 3539 studium
795 3500 871 3540 secu·
921 3487 984 3541 llaec
997 3487 1093 3559 itaque
1107 3491 1134 3541 et
1152 3487 1196 3541 his
1211 3487 1313 3541 similia
1327 3487 1443 3558 quidam
1460 3486 1574 3557 superbi
1588 3486 1729 3554 dicebant,

54 3587 151 3637 turam
169 3582 358 3653 juventutem
381 3578 532 3634 salubriter
551 3578 694 3634 exhortati
716 3580 791 3634 sunt.
815 3579 869 3632 llos
921 3585 950 3635 et
966 3595 1046 3635 servo
1064 3580 1112 3634 Uei
1131 3580 1227 3650 plures
1247 3579 1366 3650 injurias
1384 3580 1534 3634 iaciebant.
1550 3578 1604 3634 Sed
1624 3578 1731 3633 Willel-

54 3677 95 3730 rir
106 3673 225 3731 Domini
246 3673 436 3729 Theodericus
451 3671 582 3740 docebat,
598 3676 625 3727 et
644 3687 721 3743 saepe
741 3686 867 3726 commo·
920 3690 993 3739 mus,
1010 3672 1084 3727 lilius
1100 3672 1206 3740 Geroii,
1223 3689 1273 3744 pro
1292 3672 1438 3727 sanctitate
1457 3673 1518 3743 ejus
1536 3686 1603 3725 eum
1619 3687 1733 3743 semper

53 3768 141 3823 nebat
155 3771 187 3822 ut
202 3782 280 3838 ragae
293 3764 468 3822 mentientia
482 3764 602 3820 omnino
622 3763 790 3830 devitarent,
806 3780 870 3835 quse
920 3765 1099 3832 observabat,
1124 3771 1153 3820 ct
1179 3766 1316 3820 tumultus
1340 3765 1561 3838 insurgentium,
1588 3779 1659 3836 quos
1685 3764 1732 3819 hic

54 3860 166 3934 corpori
177 3859 323 3916 stenima
333 3858 590 3914 valdenociracsse
600 3858 702 3913 solent.
715 3858 772 3914 Uoc
783 3856 868 3912 etiam
920 3859 1068 3914 nominare
1091 3858 1170 3929 nolo,
1196 3858 1369 3930 competenti
1394 3858 1540 3914 severitate
1564 3874 1731 3930 compesce·

54 3957 93 4011 eis
107 3955 219 4011 reterre
239 3952 339 4009 solitus
354 3958 415 4009 erat
431 3970 437 4007 :
455 3974 469 4001 «
483 3950 602 4016 Quidam
622 3950 709 4006 irater
721 3951 751 4006 in
772 3966 870 4006 mona·
919 3954 978 4020 bet,
991 3958 1076 4025 etque
1090 3969 1141 4025 pro
1154 3952 1213 4007 viro
1229 3951 1279 4008 Uei
1293 3957 1389 4007 contre
1403 3969 1501 4007 omnes
1515 3952 1642 4024 querelas
1655 3952 1732 4007 intus

53 4051 139 4105 sterio
155 4046 286 4121 quodam
300 4046 336 4102 de
354 4045 451 4102 multis
464 4044 736 4116 transgressionibus
755 4060 866 4099 monas·
919 4051 947 4101 et
963 4046 1033 4102 loris
1051 4046 1201 4102 ratiocinia
1221 4049 1352 4118 prompte
1373 4045 1519 4102 reddebat.
1539 4048 1605 4102 Post
1622 4046 1733 4118 aliquot

53 4137 869 4211 tieaeinstitutionisreprehensibilisexstitit3sedscriptor
912 4141 1057 4213 ,temporis
1078 4140 1213 4212 praeiatus
1231 4140 1316 4195 beros
1336 4156 1388 4211 pro
1407 4139 1575 4195 utilitatibus
1595 4140 1731 4195 Uticensis

54 4241 120 4300 erat,
146 4240 176 4289 et
198 4233 235 4289 ad
257 4232 437 4288 scribendum
459 4231 580 4298 deditus,
601 4230 746 4303 quoddam
764 4231 868 4302 ingens
918 4233 1042 4289 ecclesia
1058 4233 1087 4288 in
1101 4233 1232 4305 Apuliam
1247 4234 1289 4288 ire
1305 4232 1444 4300 decrevit;
1458 4249 1515 4304 quo
1531 4233 1665 4303 abeunte,
1680 4250 1732 4288 nec

54 4330 190 4384 volumen
204 4327 307 4383 dirinre
326 4326 396 4397 legis
409 4327 511 4397 sponte
524 4323 698 4395 conscripsit.
714 4324 767 4388 oni
789 4327 866 4395 post·
918 4325 1102 4399 postmodum
1123 4326 1269 4394 redeunte,
1284 4326 1328 4381 vir
1342 4326 1391 4382 Uei
1407 4326 1595 4382 Theodericus
1614 4326 1642 4382 in
1657 4328 1730 4383 Nor·

54 4440 137 4493 qnam
153 4421 309 4477 defunctus
324 4423 376 4488 est,
392 4419 489 4474 anima
503 4418 564 4489 ejus
577 4422 645 4473 ante
659 4417 783 4473 tribunal
796 4416 906 4497 justiD
919 4419 1036 4475 mannia
1047 4419 1127 4474 valde
1143 4419 1288 4475 desolatus
1306 4419 1450 4475 remansit.

52 4517 154 4572 iudicis
178 4514 215 4570 ad
239 4529 361 4570 examen
385 4513 506 4569 adducta
525 4515 576 4567 est.
599 4513 727 4583 Cumque
750 4510 867 4582 maligni
953 4513 1030 4568 Sicut
1054 4512 1137 4567 bonis
1164 4511 1244 4567 valde
1271 4511 1401 4582 displicet
1430 4512 1485 4566 vite
1510 4511 1665 4580 malorum,
1691 4510 1731 4566 sic

54 4610 166 4680 spiritus
185 4623 250 4664 eam
268 4607 373 4662 acriter
393 4609 569 4673 accusarent,
588 4611 617 4661 et
635 4605 786 4659 innumera
807 4603 868 4673 ejus
919 4607 1011 4678 pravis
1036 4605 1163 4661 moribus
1189 4605 1282 4677 gravis
1311 4621 1370 4660 esse
1396 4606 1468 4659 solet
1494 4605 1549 4659 viia
1576 4605 1728 4660 bonorum.

51 4708 164 4773 peccata
187 4701 359 4774 proterrent,
376 4700 464 4754 sancti
483 4699 578 4770 angeli
598 4715 613 4754 e
632 4699 729 4753 contra
744 4696 864 4764 librum,

51 4815 136 4870 squam
152 4796 232 4852 idem
248 4795 337 4850 irater
352 4795 381 4849 in
400 4793 486 4849 domo
503 4792 550 4849 liei
564 4792 726 4864 scripserat,
740 4794 865 4846 ostenta·

51 4892 116 4946 bant
128 4909 136 4957 ;
150 4893 182 4946 et
191 4888 364 4961 singillatim
377 4886 483 4941 litteras
492 4886 617 4941 enormis
629 4884 693 4940 libri
706 4887 804 4939 contra
813 4883 868 4938 sin-

53 4987 118 5056 gula
132 4985 253 5056 peccata
269 4980 484 5052 computabant.
495 4980 537 5035 hd
548 4983 724 5051 postremum
744 4979 868 5033 unasola

52 5079 143 5134 littera
159 5091 316 5132 nnmerum
330 5077 509 5146 peccatorum
524 5073 653 5141 excessit,
669 5075 867 5144 contraquam

52 5171 217 5227 demonum
233 5173 353 5224 conatus
367 5168 477 5222 nullum
491 5167 614 5237 objicere
630 5170 777 5237 peccatum
793 5183 867 5237 prar-

51 5267 144 5320 ratuit.
159 5263 322 5321 Clementia
334 5261 430 5333 itaque
441 5260 547 5316 iudicis
560 5259 640 5314 fratri
655 5259 793 5331 pepercit,
806 5259 865 5314 ani·

52 5376 187 5432 mamque
196 5357 232 5412 ed
244 5355 397 5430 proprium
412 5370 514 5425 corpus
524 5353 628 5408 reverti
644 5353 790 5424 pracepit,
801 5368 866 5423 spa-

50 5455 181 5525 tiumque
195 5449 362 5522 corrigendi
375 5448 460 5503 vitam
474 5463 557 5503 suam
571 5445 738 5517 benigniter
750 5462 865 5501 conces·

51 5549 91 5602 su.
102 5548 173 5609 lloc,
184 5543 344 5600 charissimi
354 5543 464 5609 iratres,
475 5541 642 5612 frequenter
650 5540 785 5612 cogitate,
795 5543 821 5594 et
831 5540 867 5595 ab

51 5634 865 5708 inanibusnoxiisquedesideriiscordeveslraemundate,

50 5749 248 5808 manumque
267 5735 427 5789 vestrarum
441 5745 526 5802 opera
546 5727 668 5786 Uomiuo
685 5729 741 5784 lieo
757 5727 867 5803 jugiter

918 4700 998 4756 Unde
1019 4700 1091 4754 sicut
1110 4698 1175 4753 boui
1199 4698 1294 4753 divino
1318 4697 1417 4770 spiritu
1439 4697 1607 4754 inflammati
1629 4713 1730 4769 pravos

918 4792 951 4848 ad
968 4791 1168 4849 rectitudinem
1186 4790 1283 4846 multis
1303 4791 1394 4846 modis
1413 4791 1529 4845 student
1547 4790 1674 4860 incitare,
1693 4792 1731 4845 sic

918 4886 1053 4957 perversi,
1072 4885 1228 4940 daemonica
1243 4884 1423 4956 malignitate
1439 4884 1575 4957 instigati,
1591 4889 1682 4940 rectos
1694 4885 1731 4939 ad

918 4979 1086 5052 pravitatem
1098 4979 1262 5051 frequenter
1272 4978 1404 5032 nituntur
1416 4977 1575 5032 incurvare.
1590 4979 1622 5033 Ut
1634 4993 1732 5051 quarn-

918 5072 959 5126 vis
977 5089 1026 5127 eos
1045 5089 1101 5127 non
1121 5073 1228 5144 possint
1243 5071 1369 5127 lunditus
1387 5076 1578 5142 prosternere,
1593 5088 1730 5128 nonnun·
1793 5057 1796 5063 ¹

919 5181 1004 5236 quam
1023 5169 1118 5221 mmen
1139 5166 1229 5221 solent
1248 5181 1295 5220 eos
1317 5165 1407 5220 invia
1427 5165 1477 5221 Uei
1498 5165 1673 5237 perturbare,
1688 5166 1730 5221 di-

918 5260 1064 5332 versisque
1083 5259 1173 5314 modis
1191 5258 1321 5314 vexando
1336 5259 1506 5331 plerumque
1520 5259 1549 5313 in
1565 5260 1732 5331 operatione
1761 5285 1772 5291 ·

919 5359 1012 5408 sancta
1024 5353 1159 5408 tardiores
1172 5352 1296 5407 allicere.
1310 5353 1354 5409 Sic
1373 5353 1491 5425 quidam
1509 5352 1619 5407 inlandi
1638 5353 1730 5407 homi·

918 5464 978 5517 nes,
994 5446 1063 5501 dum
1077 5446 1214 5502 Uticensis
1228 5446 1347 5501 ecclesia
1362 5451 1556 5518 consurgeret,
1567 5447 1596 5500 et
1609 5445 1637 5500 in
1651 5446 1732 5501 bonis

918 5539 1050 5611 operibus
1067 5544 1149 5594 aucta
1167 5556 1260 5594 coram
1275 5541 1332 5595 lico
1348 5546 1376 5595 et
1394 5538 1557 5594 hominibus
1572 5538 1732 5611 effulgeret,

918 5638 1065 5705 coeperunt
1086 5633 1176 5688 varius
1199 5633 1375 5688 simultatum
1399 5648 1498 5688 causas
1520 5635 1617 5687 contra
1643 5632 1733 5702 ipsam

918 5730 1061 5801 colligere,
1077 5735 1104 5786 et
1117 5729 1238 5786 turbatis
1250 5729 1347 5796 rebus,
1360 5744 1426 5806 qum
1440 5728 1480 5785 ad
1490 5728 1604 5788 rictum
1616 5729 1647 5781 et
1656 5724 1741 5780 sesu-
