3750 6046
408 207 566 268 HISTORIA
586 208 853 270 ncctnstnsncn.
870 235 902 250 -
916 208 1002 265 plns
1021 209 1053 264 ll.
1069 237 1103 249 -
1117 207 1180 265 LlB.
1200 208 1242 263 Vl.
1616 211 1668 267 teu

73 335 213 390 tusorum
225 332 361 392 militaria
374 341 485 409 gestare
500 338 593 411 coepit,
609 342 710 394 contra
722 338 801 394 Guit-
813 349 843 422 Α
854 337 914 390 tum
929 328 1040 403 annuit,
1060 335 1188 406 poscenti
1207 333 1341 390 mainerio
1358 332 1456 391 abbati
1473 334 1616 393 decimam
1630 338 1667 393 de

72 429 127 482 lum
136 429 679 488 monachumcnmiamnlosuollanlia
691 433 803 488 venien·
854 429 972 498 Ulmaio,
991 445 1067 501 qua,
1086 433 1120 484 ut
1138 429 1246 484 dictum
1266 431 1319 497 est,
1339 429 1432 500 injus
1452 429 1583 486 Ecclesiae
1604 447 1667 488 cee-

73 537 91 575 u
106 521 177 577 valle
192 523 330 580 (luidonis
344 524 510 594 insurrexit,
526 526 692 598 dejectoque
707 542 804 581 mona·
853 527 937 579 serat.

76 614 201 671 caballos
226 616 354 673 abduxit.
376 619 529 675 Monachus
553 636 617 676 vero
640 620 726 692 pedes
749 622 801 675 Pa·
888 618 950 671 Non
965 616 1055 672 multo
1070 620 1143 688 post,
1157 616 1293 688 praelatus
1307 615 1437 672 tilbertus
1449 616 1600 673 defunctus
1614 624 1667 689 ast,

71 707 380 779 rexpetiit,Albertnm
391 727 513 768 moerens
527 711 802 784 utergalllinmsibi
853 714 882 765 et
903 726 1006 782 corpus
1027 708 1158 780 ejusdem
1182 709 1294 765 Uticum
1316 709 1442 766 delatum
1463 715 1515 766 est.
1536 711 1668 768 lleeredes

74 804 195 872 geretur
212 803 335 874 rogavit.
350 805 401 861 Cui
421 806 557 878 praelatus
576 806 657 862 miles
671 810 803 878 proterve
852 819 918 858 vero
937 803 1089 872 decimam,
1105 819 1193 875 qnam
1214 803 1333 859 dederat
1347 804 1446 860 Sancto
1461 805 1585 874 Ebrnlio,
1600 822 1667 862 con·

73 893 146 962 adit,
162 898 191 950 et
209 895 245 951 de
266 897 418 954 reddendis
438 899 519 971 equis
538 915 626 954 omna
645 900 801 955 subsidium
853 902 1011 965 cesserunt,
1035 896 1124 952 Guido
1149 896 1254 952 scilicet
1283 912 1371 969 gener
1396 898 1467 968 ejus,
1491 897 1608 954 Ebrardi
1634 898 1670 955 de

72 987 225 1059 lenegavit.
238 991 404 1047 llocvidens
414 992 553 1048 Alberada
565 1009 636 1048 uxor
646 993 707 1064 ejus
719 994 804 1065 coepit
852 991 905 1045 lini
932 990 1017 1059 lilius,
1043 993 1072 1045 et
1099 989 1238 1045 Radnlius
1264 990 1298 1045 de
1324 989 1449 1059 Cunella,
1478 992 1593 1063 aliique,
1618 992 1668 1064 qui

72 1096 107 1150 re,
133 1098 236 1139 manus
261 1089 406 1157 torquere,
429 1086 545 1157 capillos
569 1087 693 1155 trahere,
717 1090 803 1158 atque
852 1084 997 1155 usquein
1022 1083 1195 1139 hodiernum
1217 1083 1296 1138 diem
1317 1088 1524 1154 successerunt;
1546 1100 1668 1157 eamque

72 1191 76 1225 ι
98 1172 180 1243 quasi
203 1176 349 1229 mortuum
367 1175 428 1246 jam
448 1175 528 1231 llere.
554 1177 615 1232 Alta
634 1193 703 1232 voce
726 1178 804 1233 velut
853 1177 1000 1232 Uticenses
1014 1177 1149 1232 monaehi
1170 1176 1222 1231 snb
1237 1176 1327 1231 tribus
1342 1178 1493 1250 episcopis,
1508 1178 1667 1248 Goislrado,

72 1282 85 1319 s
107 1267 258 1335 clamabat,
283 1273 312 1323 et
336 1284 401 1323 cum
426 1270 521 1325 multis
543 1270 655 1326 tletibus
679 1270 801 1342 ejulans,
852 1272 937 1326 lvone
955 1273 985 1326 et
997 1269 1153 1339 Goistredo,
1170 1286 1220 1341 per
1237 1285 1327 1325 annos
1346 1271 1435 1326 ferme
1449 1287 1493 1339 nx,
1508 1271 1667 1342 opitulante

72 1362 124 1414 at:
149 1379 164 1408 κ
186 1360 236 1415 Fili
259 1360 298 1415 mi
320 1361 450 1432 lladulie,
471 1362 585 1434 qualem
609 1363 717 1436 coepisti
743 1380 802 1419 non
852 1364 919 1434 Deo,
935 1363 1029 1437 quiete
1042 1363 1239 1434 possederunt.

72 1468 129 1521 am,
147 1452 198 1508 sed
218 1453 393 1510 dementiam
413 1458 567 1513 exerceret
581 1457 802 1513 Detestabilibns
888 1460 968 1514 Nunc
980 1457 1103 1530 qualiter
1114 1463 1142 1513 et
1155 1472 1211 1528 quo
1225 1459 1356 1529 tempore
1369 1456 1537 1529 alfagiensis
1549 1458 1619 1515 cella
1632 1459 1669 1515 ait

72 1545 147 1619 rogis
161 1562 256 1618 prava,
271 1548 345 1619 prob
365 1549 458 1605 dolori
479 1550 606 1622 agitaris,
627 1567 751 1624 quorum
765 1552 802 1607 le·
852 1551 881 1607 in
903 1551 1041 1607 comitatu
1063 1551 1173 1621 Talogii
1192 1555 1363 1619 constructa,
1384 1552 1413 1606 et
1433 1551 1574 1608 Guillelmi
1593 1553 1669 1626 regia

72 1638 94 1695 ia
108 1640 334 1711 sophismatibus
347 1642 452 1699 insulse
466 1660 543 1699 nunc
557 1644 710 1713 seduceris,
727 1645 801 1700 etin
852 1650 938 1716 atque
963 1644 1076 1701 loannis
1106 1644 1312 1717 archiepiscopi
1336 1650 1464 1716 tempora
1491 1646 1668 1704 Uticensibus

72 1748 149 1789 uum
158 1734 328 1806 perditionis
339 1736 539 1793 miserabiliter
546 1730 977 1810 traheris.0quamBsubacta,
998 1739 1090 1809 placet
1109 1738 1215 1809 scripto
1234 1737 1354 1809 posteris
1372 1737 1516 1807 iutimare,
1536 1745 1566 1794 at
1583 1740 1666 1796 cbar-

72 1825 145 1883 mibi
156 1829 290 1884 nuntium
303 1829 416 1899 misisti,
427 1846 573 1903 quamque
586 1831 720 1888 acerbum
730 1833 801 1888 mibi
851 1837 909 1887 tam
927 1831 1088 1888 donationis
1100 1834 1187 1903 atque
1203 1831 1439 1895 confirmationis,
1455 1848 1521 1904 qnae
1533 1835 1666 1906 tempore

73 1934 139 1976 rem
159 1921 310 1993 peperistil
328 1922 448 1994 Decepta
464 1923 588 1994 juvenis,
606 1924 676 1995 quid
691 1924 743 1980 tibi
758 1925 800 1980 di·
851 1924 965 1980 Henriei
978 1925 1055 1996 ragis
1068 1924 1177 1980 sancita
1193 1930 1244 1992 est,
1260 1925 1327 1980 huic
1342 1925 1425 1997 operi
1438 1930 1577 1997 coaptare.

72 2013 800 2087 NequiterinjuriandoinermemiamulumChristi,
886 2018 959 2084 Quia
978 2018 1106 2073 mortalis
1126 2018 1183 2073 vita
1206 2017 1332 2090 quotidie
1352 2018 1466 2088 labitur,
1487 2021 1517 2074 et
1537 2020 1667 2077 mortalis

72 2106 164 2163 leram
186 2106 237 2163 tibi
261 2107 449 2180 dejectionem
473 2112 664 2182 promeruisti.
687 2111 738 2166 Fili
760 2111 801 2166 mi
851 2111 940 2168 homo
960 2110 1220 2183 irrecuperabiliter
1238 2112 1332 2183 perdit
1349 2111 1512 2168 mundanos
1532 2112 1665 2184 honores,

72 2198 114 2267 ie,
135 2200 206 2271 qnid
228 2199 431 2258 debacchando
452 2202 551 2271 iecisti,
573 2203 622 2275 qui
643 2203 800 2274 primordia
851 2221 925 2278 qnos
939 2220 1005 2261 uim
1020 2220 1133 2260 summo
1146 2203 1245 2259 labore
1259 2203 1435 2276 adipiscitur,
1447 2204 1532 2262 debet
1543 2207 1666 2278 quisque

72 2292 166 2349 iilitiae
180 2297 280 2349 contra
298 2293 530 2366 Omnipotentem
546 2298 717 2353 exercuisti?
732 2297 799 2353 Novi
850 2298 1001 2371 praeeaptis
1016 2298 1076 2366 Dei,
1094 2297 1162 2353 dum
1178 2297 1245 2353 vivit
1259 2301 1288 2353 et
1298 2302 1402 2369 potest,
1415 2296 1540 2354 fideliter
1553 2299 1664 2355 obtem·

72 2386 140 2442 ema
158 2388 236 2458 quod
257 2387 343 2444 breve
364 2388 503 2460 gaudium
524 2396 554 2447 et
575 2390 691 2463 longam
712 2390 798 2446 tristi·
850 2408 962 2464 parare,
981 2398 1023 2460 ul,
1047 2390 1219 2463 contemptis
1240 2388 1384 2459 labilibus,
1403 2391 1522 2463 perlici
1544 2392 1665 2463 gratim

72 2479 205 2536 barbitum
219 2497 281 2537 sum
296 2497 350 2553 pro
365 2485 413 2536 tuo
427 2481 564 2538 facinore.
581 2485 681 2539 Nonne
699 2500 800 2540 omnes
850 2492 960 2542 eterna
981 2484 1069 2557 possit
1089 2485 1254 2556 impetrare.
1278 2485 1341 2539 lloee
1362 2483 1517 2555 diligenter
1537 2484 1666 2542 conside-

72 2588 112 2629 ns
124 2573 234 2644 pariter
246 2577 405 2631 consonant
417 2581 446 2631 et
457 2592 516 2631 una
529 2593 596 2632 voce
610 2577 713 2649 passim
727 2594 799 2649 pru·
849 2595 927 2647 rana,
937 2576 1053 2650 quidam
1064 2593 1219 2650 generosus
1229 2577 1258 2632 in
1268 2576 1541 2646 Normanniamiles,
1550 2579 1665 2635 nomine

72 2667 176 2739 tquod
196 2668 355 2723 ditissimus
377 2668 406 2722 in
428 2670 531 2724 sanctis
552 2671 610 2725 suis
632 2670 750 2739 habitat,
772 2677 801 2728 et
850 2672 1013 2739 Gulbertus,
1035 2671 1169 2727 Richardi
1191 2669 1227 2726 de
1249 2669 1404 2743 llnglevilla
1424 2670 1509 2738 tilius,
1528 2671 1665 2728 instinctu

72 2760 112 2818 eis
134 2760 199 2816 laeta
222 2760 267 2817 vel
290 2762 411 2818 adversa
437 2763 484 2834 pie
505 2763 626 2819 toleret?
651 2765 798 2833 Succurre,
851 2764 987 2821 beatricis
1003 2764 1134 2837 conjugis
1152 2780 1220 2832 aaa,
1240 2762 1365 2819 decrevit
1382 2763 1413 2819 in
1426 2763 1600 2835 patrimonio
1614 2780 1666 2821 suo

93 2853 249 2912 insanienti
265 2855 333 2924 tilio,
357 2862 384 2912 et
408 2856 486 2912 omni
511 2857 627 2912 elabere
651 2857 746 2915 studio
770 2866 801 2915 ut
850 2859 928 2930 apud
941 2858 1088 2930 Allegium
1101 2857 1258 2913 monaches
1273 2857 1455 2925 constituere,
1469 2873 1592 2929 quorum
1603 2873 1667 2929 pre·

86 2949 258 3021 cornipedes
277 2950 394 3021 lugubri
415 2951 572 3007 reddantur
591 2953 740 3020 monacho,
762 2969 798 3008 ne
850 2952 929 3008 cibus
948 2952 1116 3025 meritisque
1127 2951 1275 3023 Juvarelur
1289 2952 1320 3007 in
1334 2952 1459 3007 exbemo
1476 2951 1618 3007 examine.
1632 2952 1666 3007 Et

72 3040 171 3098 elilim
183 3046 249 3098 tnus
264 3060 315 3115 pro
330 3047 411 3099 tauto
432 3045 535 3100 scelere
552 3045 649 3100 stetim
668 3045 799 3102 tredatnr
850 3045 919 3117 quia
936 3046 1031 3119 llrogo
1052 3060 1141 3116 nepos
1156 3061 1223 3101 snus
1237 3044 1405 3100 saecularem
1420 3044 1554 3100 militiam
1571 3060 1665 3116 nuper

73 3135 136 3192 nio.
151 3156 165 3186 a
808 3094 1013 3211 Creliqueret,
1026 3145 1055 3195 et
1068 3139 1147 3211 apud
1160 3139 1272 3194 Uticum
1287 3137 1491 3194 monachatum
1506 3154 1665 3212 assumpse-

72 3229 206 3302 prndenti
221 3235 354 3286 matrona
369 3247 420 3302 pro
435 3231 525 3287 salute
539 3232 588 3287 tilii
603 3233 796 3305 supplicante,
847 3234 900 3299 rat,
919 3231 1085 3288 ldainerium
1107 3230 1240 3287 abbatem
1262 3237 1290 3287 et
1311 3231 1487 3287 Ebrulflanos
1508 3231 1664 3287 monachos

72 3323 215 3395 tbumqne
242 3324 399 3380 desolatum
428 3325 550 3381 fideliter
575 3327 699 3382 mulcere
723 3333 795 3383 sata·
846 3325 1033 3382 vehementer
1045 3324 1199 3392 adamavit,
1211 3324 1311 3396 eisque
1323 3323 1469 3380 ecclesiam
1483 3324 1510 3380 S.
1521 3324 1617 3381 Uaria
1627 3323 1663 3382 de

72 3417 231 3483 ‚Albertus
251 3434 317 3472 cnm
339 3418 419 3474 omni
439 3419 546 3474 familia
566 3436 617 3476 sna
639 3425 797 3476 commotus
846 3418 959 3491 Aliagio
969 3434 1035 3475 oum
1044 3417 1345 3490 omnibuspraebendis
1354 3419 1413 3473 suis
1423 3417 1512 3485 dedit,
1521 3417 1572 3473 tali
1581 3421 1663 3492 pacto

72 3509 167 3581 inruit,
184 3511 291 3566 mulam
306 3526 389 3566 suam
404 3511 544 3568 monacho
564 3512 691 3583 tradidit,
707 3513 795 3569 armi·
846 3516 879 3568 ut
891 3528 941 3567 sax
953 3510 1087 3568 monachi
1102 3527 1154 3583 pro
1167 3527 1217 3567 sex
1231 3510 1383 3578 canonicis,
1400 3510 1451 3583 qui
1468 3515 1536 3566 tnnc
1553 3509 1661 3566 ibidem

72 3620 120 3679 [ue
145 3620 213 3660 suos
239 3619 304 3660 cum
330 3605 379 3660 illo
403 3605 612 3662 brehervallum
636 3606 795 3675 destinavit,
846 3604 1056 3672 deserviebant,
1071 3604 1323 3670 constituerentur,
1338 3609 1367 3659 et
1381 3602 1523 3658 canonicis
1536 3602 1662 3675 quolibet

72 3712 129 3772 pne
151 3712 247 3768 anum,
270 3704 302 3753 ut
324 3698 350 3753 ei
374 3698 433 3754 sina
458 3714 537 3755 mora
558 3715 680 3773 quaque
703 3700 796 3757 ablata
845 3698 941 3767 modo,
960 3698 1004 3754 vel
1022 3696 1225 3754 emendatioris
1239 3697 1305 3752 vite
1324 3695 1371 3768 pio
1390 3700 1504 3764 conatu,
1519 3695 1660 3751 mnndum

72 3796 91 3849 tt
114 3791 261 3860 redderet,
283 3791 402 3847 terribili
424 3792 605 3864 adjuratione
629 3793 794 3862 obtestatus,
845 3792 1083 3864 relinquentibus,
1106 3789 1277 3862 praebendas
1300 3804 1400 3845 eorum
1420 3789 1660 3845 nanciscerentur.

72 3885 159 3942 inxit.
176 3884 367 3941 Guitmundns
381 3885 490 3958 itaque,
506 3887 628 3958 receptis
642 3887 732 3959 equis,
747 3889 796 3943 Pa·
845 3886 926 3942 Dedit
939 3885 1025 3942 etiam
1039 3885 1174 3958 praefatus
1186 3884 1270 3940 beros
1286 3882 1392 3939 eisdem
1410 3881 1559 3938 monacbis
1573 3887 1661 3939 totam

79 3979 236 4048 resumsit,
247 3978 362 4034 elberto
373 3981 401 4034 at
415 3979 496 4034 uxori
509 3979 570 4050 ejus
583 3981 688 4051 gratias
699 3981 796 4053 egit,a
845 3979 940 4035 villam
955 3977 992 4035 de
1006 3981 1103 4045 Parce,
1117 3994 1183 4034 cnm
1198 3976 1315 4033 ecclesia
1335 3979 1363 4032 et
1380 3979 1439 4032 tota
1456 3975 1568 4032 decima
1583 3977 1660 4047 ejus-

72 4079 173 4146 ¹axque
188 4071 299 4128 veniam
314 4088 367 4143 pro
381 4072 534 4128 commisso
549 4077 631 4129 reatu
647 4074 795 4146 postulans
845 4072 1191 4141 demvn1e‚inlibemm
1205 4076 1234 4128 et
1246 4070 1282 4126 ab
1294 4071 1372 4127 omni
1383 4069 1503 4126 molesta
1512 4075 1662 4126 consuetu·

72 4166 150 4223 ravit
171 4165 291 4222 Praelata
310 4182 416 4238 nempe
438 4166 543 4222 mulier
562 4168 689 4240 lingonis
710 4168 793 4240 Bajo·
844 4167 911 4223 dine
929 4168 1099 4236 absolutam,
1118 4164 1265 4237 sicutipse
1279 4165 1416 4220 hactenns
1433 4168 1566 4220 tenuerat
1584 4179 1660 4219 eam.

74 4256 205 4333 episcopi
220 4259 278 4315 illia
290 4258 354 4326 luit,
367 4265 396 4315 et
411 4259 487 4315 inter
499 4260 600 4317 altinas
612 4276 665 4333 pro
678 4261 794 4323 modulo
845 4260 982 4316 llomines
1002 4259 1037 4314 de
1055 4261 1143 4315 Pareo
1161 4257 1281 4315 omnino
1298 4257 1417 4313 absolvit
1432 4259 1465 4311 nt
1478 4256 1588 4312 nullam
1607 4255 1661 4312 sibi

72 4352 138 4411 ulta
151 4353 303 4409 honestate
319 4352 420 4425 viguit.
844 4353 1004 4409 coactitiam
1027 4351 1179 4407 exhibeant
1199 4350 1374 4420 servitutem,
1395 4364 1448 4405 nec
1467 4352 1533 4405 eant
1554 4348 1608 4405 nisi
1628 4349 1659 4404 in

72 4462 119 4504 em
131 4462 220 4514 anno,
231 4445 364 4517 praetatus
377 4446 433 4504 tiro
445 4447 605 4520 aegrotavit,
615 4447 739 4520 factique
750 4449 832 4536 sniD
844 4445 1008 4518 generalem
1029 4444 1164 4516 principis
1184 4443 1368 4499 Normanniaa
1387 4442 1605 4513 expeditionem.
1627 4443 1659 4498 ln

72 4556 128 4609 ius,
139 4539 175 4596 ab
189 4539 368 4596 Uticensibus
377 4542 490 4598 veniam
505 4541 597 4614 petiit,
609 4557 639 4596 se
654 4547 682 4596 et
696 4543 793 4598 omnia
844 4538 1010 4595 molendino
1024 4537 1181 4610 dedlfegio
1193 4536 1272 4592 dedit
1285 4551 1337 4607 pro
1349 4534 1458 4590 decime
1468 4534 1540 4590 duos
1549 4535 1658 4592 modios

72 4637 154 4692 meso
179 4634 293 4691 Ebrnllo
314 4634 436 4691 devovit.
457 4637 518 4702 Quo
543 4635 689 4703 defuncto,
710 4640 794 4708 pater
843 4632 929 4688 tritici
952 4631 1072 4704 singulis
1094 4631 1186 4700 annis,
1207 4633 1236 4685 ct
1254 4630 1284 4684 in
1308 4628 1363 4684 alio
1385 4626 1552 4683 molendino
1573 4643 1660 4700 super

71 4745 98 4785 re
109 4743 218 4800 eorpus
231 4728 293 4799 ejus
307 4728 420 4784 Uticam
433 4728 533 4785 devehi
547 4729 623 4797 lacit,
639 4732 668 4784 et
683 4729 790 4785 medie·
842 4727 949 4783 Sedem
967 4725 1119 4780 dimidium
1135 4722 1263 4778 modium
1282 4718 1434 4793 ctxjuslibet
1452 4721 1565 4793 segetis.
1581 4723 1656 4780 Gon·

74 4820 198 4877 decima
210 4820 246 4876 de
258 4820 377 4890 Ulmeio,
392 4825 482 4877 totam
496 4821 625 4891 liberam,
640 4821 712 4877 sieut
726 4837 791 4878 cam
842 4821 927 4876 cessit
946 4820 1032 4876 etiam
1047 4824 1077 4873 ut
1095 4817 1229 4874 monachi
1246 4815 1281 4872 de
1300 4814 1386 4887 lignis
1406 4813 1482 4869 silvoe
1501 4830 1572 4882 snae,
1591 4831 1656 4888 quea

72 4919 189 4984 nuerat,
197 4914 299 4972 Sancto
309 4914 425 4971 librulfo
436 4912 679 4971 concessitdliam
688 4932 792 4987 nempe
842 4914 988 4969 tlarnlsart
1009 4912 1122 4980 dicitur,
1142 4911 1179 4966 ad
1200 4909 1331 4966 fomitem
1355 4909 1429 4981 ignis
1450 4909 1518 4963 duas
1541 4924 1656 4981 sagmas

72 5012 162 5065 tatem
181 5007 301 5064 decimae
323 5008 357 5065 de
382 5026 416 5065 eo
437 5009 569 5065 monaehi
588 5009 791 5066 columbenses
842 5007 913 5063 asini
927 5005 1055 5079 quotidie
1066 5005 1239 5077 acciperent.
1253 5002 1390 5059 Prolatus
1404 5000 1486 5057 milas
1499 5001 1568 5057 duas
1582 5018 1654 5075 qua·

72 5102 175 5159 nebant
190 5107 272 5174 paeto
287 5106 318 5157 ut
331 5118 432 5158 omnes
446 5102 622 5174 episcopales
637 5109 789 5159 consuetu·
841 5101 969 5172 drigatas
989 5099 1046 5154 vini
1067 5097 1103 5153 de
1122 5097 1252 5169 principe
1270 5097 1500 5152 Normanuornm
1519 5094 1551 5150 in
1569 5095 1656 5152 feudo

72 5198 104 5253 et
125 5210 227 5252 omnes
248 5195 406 5252 exactorias
428 5195 577 5252 servitutes
598 5196 791 5267 persolverent
841 5191 1198 5264 tenebatsingulisannis3
1211 5188 1361 5262 exquibus
1374 5205 1462 5244 unum
1477 5187 1603 5244 modium
1617 5189 1656 5246 ad

72 5304 96 5347 e.
118 5290 184 5345 llaec
201 5289 299 5362 itaque
320 5289 434 5345 donatio
457 5290 533 5345 laeta
553 5296 596 5344 est
613 5289 790 5345 Uticensibus
840 5285 1022 5343 celebrandas
1042 5284 1140 5340 missas
1158 5282 1323 5356 perenniter
1338 5282 1476 5339 concessit
1494 5283 1654 5339 monachis.

72 5382 282 5441 incarnationis
301 5381 456 5439 [lominica
479 5384 558 5450 1070,
574 5388 707 5455 tempore
727 5383 791 5438 Phi·
840 5382 915 5436 [tuas
932 5378 1069 5435 nimirum
1089 5377 1167 5434 dedit
1184 5376 1316 5433 ecclesias
1332 5391 1398 5432 cum
1417 5379 1478 5431 teta
1495 5374 1607 5432 decima
1624 5379 1655 5433 et

72 5476 143 5551 egis
163 5476 351 5545 Francorum,
373 5480 402 5531 et
426 5476 591 5532 Goialredus
611 5476 790 5534 carnotensis
840 5480 924 5545 terra,
940 5489 1003 5546 quse
1014 5471 1051 5529 ad
1065 5471 1180 5529 easdem
1192 5469 1383 5543 pertinebant,
1398 5484 1487 5525 unam
1499 5467 1605 5525 scilicet
1618 5468 1654 5527 de

72 5569 108 5645 pi,
121 5564 238 5644 nepotis
256 5568 366 5626 scilieet
385 5569 528 5640 Rainaldi,
544 5569 709 5626 parisiensis
729 5570 788 5642 epi·
839 5570 937 5636 Pareo,
953 5582 1019 5640 quae
1036 5566 1067 5621 in
1084 5565 1196 5621 honore
1210 5567 1315 5620 mactae
1332 5563 1381 5619 Uei
1396 5561 1541 5635 genitricis
1558 5554 1662 5619 Uaria*

79 5663 219 5722 ltadullue
238 5666 335 5721 autern
352 5667 545 5736 cognomento
561 5665 651 5722 ltalus
665 5665 789 5735 Vicinus,
840 5664 1001 5717 constructa
1014 5665 1087 5729 erat,
1097 5658 1239 5732 aliamque
1251 5657 1286 5713 de
1296 5656 1418 5728 Belnaio,
1429 5661 1493 5729 que
1503 5655 1534 5712 in
1546 5655 1655 5712 bonore

72 5756 169 5833 pitdis
187 5756 324 5815 dominus
337 5763 408 5827 erat,
424 5762 573 5830 gratanter
586 5758 661 5830 apud
676 5758 789 5814 bledau-
842 5754 933 5811 sancti
959 5753 1037 5810 Petri
1064 5751 1264 5826 apostolorum
1288 5749 1436 5824 principis
1460 5748 1586 5804 annona
1609 5751 1679 5798 aaut
