3750 6046
58 216 129 273 1473
561 216 730 277 aristote
748 220 792 278 ET
809 218 1007 278 ebullirent.
1028 250 1062 262 —
1080 218 1135 278 AN.
1157 222 1235 279 isso.
1667 216 1734 281 liii

56 343 234 413 clamatque
254 339 387 397 falsatum
410 341 552 399 subtiliter
565 342 817 416 deprehendimus,
834 361 867 401 eo
882 345 1049 438 Abalnensi
1070 345 1213 402 territorio
1237 346 1390 403 hahentur.
1408 344 1461 404 Nos
1474 342 1591 421 quidem
1605 352 1734 404 anteces-

58 435 134 507 quod
161 435 291 507 quaedam
315 452 423 491 rasurae
445 440 510 491 sunt
532 437 663 506 iuventae,
689 442 718 494 et
741 440 795 495 alia
819 456 870 511 pro
924 439 994 494 soris
1013 441 1102 495 nostri
1124 439 1280 496 innocentii
1302 457 1383 513 papae
1405 441 1531 514 vestigiis
1554 441 1736 511 inhaerentes,

58 530 122 584 aliis
146 530 261 585 mutatis
282 530 423 600 descripta
446 530 576 599 tuissent,
598 548 663 587 eum
685 533 750 588 luce
771 534 874 589 clarius
924 533 1094 589 seutentiam
1113 534 1202 606 ipsam
1223 534 1429 591 rationabiliter
1441 536 1476 591 ab
1495 552 1530 591 eo
1545 541 1631 607 atque
1652 552 1736 591 cauo·

56 628 178 689 constet,
203 626 261 679 tam
289 624 504 679 auetoritatibus
530 632 692 682 sanctorum
718 644 872 697 canonum,
924 627 986 681 nice
1002 629 1223 699 promulgatam,
1237 628 1309 683 sicut
1325 628 1457 698 diximus,
1476 629 1555 684 vobis
1570 629 1738 685 auctoritate

56 717 241 789 quametiam
256 718 874 793 generaliEcclesiaeconsuctudinecapellas
924 720 999 775 sedis
1022 720 1183 792 apostolica
1211 721 1423 787 confirmamus,
1449 728 1478 778 et
1506 738 1571 777 eam
1592 721 1737 794 perpetuis

57 827 185 882 quasque
212 811 269 865 suis
300 811 403 866 debere
430 812 559 884 plebibus
589 813 747 884 subjacere,
773 813 872 886 eisque
922 813 1101 885 temporibus
1124 811 1394 870 ratam'aclirmam
1418 831 1478 871 esse
1495 831 1652 871 censemus.
1667 817 1738 871 Pro·

58 903 95 958 de
110 903 227 959 decimis
242 910 272 959 et
284 904 346 958 aliis
360 905 395 959 ad
414 905 462 975 jus
475 905 640 976 parochiale
664 907 874 978 pertinentibus
924 907 1057 961 bibemus
1071 908 1189 979 iusuper
1202 908 1237 963 ad
1253 924 1339 963 omne
1352 908 1499 980 exemplar
1509 909 1657 965 memorati
1666 924 1738 981 pras·

57 999 239 1069 respondere.
254 998 325 1053 Cum
348 998 582 1055 manifestumsit
603 1001 734 1056 eamdem
760 1001 874 1072 plebem
924 999 1078 1055 decessoris
1104 1001 1206 1069 nostri,
1231 1004 1263 1055 ut
1289 1002 1359 1056 nulli
1384 1002 1581 1057 ecclesiastieae
1606 1016 1739 1073 personae

56 1091 87 1145 in
103 1107 195 1146 massa
214 1091 308 1147 Sancti
328 1093 403 1146 Petri
418 1094 615 1163 apostolorum
628 1094 766 1166 principis
790 1095 874 1150 sitam
923 1090 965 1146 ias
981 1093 1017 1146 sit
1035 1093 1064 1147 iu
1087 1092 1232 1164 prodieris
1246 1094 1360 1165 capellis
1382 1111 1430 1150 sen
1445 1095 1475 1149 in
1497 1095 1558 1148 aliis
1581 1093 1673 1160 dictis,
1688 1111 1739 1150 seu

57 1201 130 1253 esse,
145 1191 173 1241 et
185 1200 236 1240 suo
260 1184 348 1256 ipsius
362 1186 491 1241 dominio
517 1186 707 1258 proprietario
728 1188 793 1258 jure
806 1205 873 1243 con·
924 1185 954 1239 iu
973 1186 1045 1252 aliis,
1064 1202 1128 1257 quar
1144 1186 1219 1241 inira
1236 1187 1373 1242 balnense
1394 1188 1571 1243 territorium
1585 1187 1646 1243 sitm
1661 1189 1737 1258 sunt,

57 1279 168 1334 sistere.
192 1278 303 1333 Auditis
326 1279 415 1350 igitur
444 1280 593 1351 utriusque
619 1281 707 1352 portis
726 1280 871 1353 allegatio·
924 1278 1061 1346 decimas,
1082 1279 1239 1336 oblationes
1258 1287 1308 1337 ant
1329 1282 1449 1353 reliqua,
1470 1298 1534 1353 quae
1553 1282 1591 1336 ad
1614 1282 1739 1337 matricis

57 1371 151 1441 nibus,
177 1371 266 1427 visum
289 1376 332 1427 est
353 1372 433 1427 nobis
457 1376 485 1427 et
507 1373 643 1428 tratribus
666 1375 769 1429 nostris
789 1390 875 1446 super
925 1373 1053 1428 eeclesiae
1067 1373 1216 1428 balnensis
1238 1374 1454 1445 dispositionem
1469 1376 1512 1430 vel
1535 1376 1739 1447 proprietatem

56 1466 160 1521 eadem
182 1466 231 1521 lita
255 1466 416 1522 definitivas
439 1467 515 1522 serre
537 1469 705 1523 sententias.
730 1469 873 1524 Caeterum
927 1466 1081 1537 pertinent,
1100 1466 1205 1538 absque
1227 1466 1356 1537 eJusdem
1377 1468 1469 1540 plebis
1492 1468 1672 1524 concessione
1698 1483 1741 1524 re·

56 1560 144 1614 abbas
166 1560 316 1631 negotium
340 1561 459 1632 cupiens
483 1563 636 1632 protelare,
661 1563 874 1634 subterfugium
924 1559 1018 1631 cipere
1040 1560 1084 1614 vel
1108 1559 1365 1615 babere.0beunte
1381 1577 1447 1616 vero
1461 1566 1488 1616 te
1512 1578 1587 1617 nune
1610 1561 1738 1634 ejusdem

56 1670 197 1725 quaerere,
212 1655 312 1725 longas
334 1655 462 1710 inducias
481 1657 641 1725 postulavit,
656 1657 825 1728 promittens
844 1673 874 1713 se
923 1652 978 1707 loci
999 1651 1260 1724 archipresbytero,
1284 1654 1328 1707 vel
1348 1656 1463 1708 tuorum
1482 1653 1610 1725 quolibet
1630 1671 1739 1711 sucees-

56 1748 192 1816 termino,
206 1765 292 1820 quem
314 1749 366 1803 sibi
388 1749 613 1820 provideremus,
629 1751 739 1822 plenius
756 1740 1033 1814 instruc-Bsorum,
1048 1746 1142 1801 nultus
1154 1744 1194 1801 ibi
1213 1745 1341 1817 qualibet
1353 1746 1546 1819 subreptionis
1567 1748 1668 1803 astutia
1689 1764 1741 1803 seu

56 1847 119 1897 tum
132 1841 230 1896 adesse
243 1842 369 1913 negotio,
385 1848 413 1896 et
437 1842 627 1898 instrumenta
650 1843 796 1915 quaedam,
812 1859 876 1915 quae
925 1839 1061 1895 violentia
1077 1844 1210 1910 ponetur,
1223 1838 1278 1894 nisi
1298 1855 1383 1910 quem
1396 1839 1500 1894 iratres
1509 1841 1656 1896 communi
1674 1857 1741 1897 cou-

57 1936 134 1990 domi
159 1935 324 2008 reliquerat,
349 1938 517 1992 allaturum.
537 1938 591 1992 [tos
615 1943 724 2005 antem,
747 1954 783 1993 ne
803 1939 876 1994 torte
926 1948 1020 2001 sensu,
1033 1933 1077 1987 rel
1094 1933 1217 1987 fratrum
1232 1948 1299 2003 pars
1317 1933 1428 1988 consilii
1442 1933 1562 1988 sanioris
1581 1934 1740 1990 secundum

57 2029 215 2102 quidquam
235 2028 390 2102 praecipere
412 2031 581 2098 videremus,
597 2047 686 2103 usque
702 2032 737 2087 ad
759 2031 876 2087 Oetaeas
926 2026 1016 2081 Deum
1032 2032 1061 2082 et
1079 2024 1157 2081 beati
1169 2025 1321 2096 Augustini
1332 2025 1474 2096 Regulam
1494 2027 1671 2099 providerint
1689 2025 1739 2082 eli·

56 2123 131 2178 beati
159 2124 273 2178 tdartini
300 2124 428 2179 inducias
457 2125 483 2179 ei
509 2125 649 2192 dedimus,
675 2125 875 2197 precipientes
925 2119 1060 2190 gendum.
1076 2118 1740 2191 Concedimusautemvobistamproecclesiae

59 2217 524 2289 qualiterinterimergaeamdem
535 2219 788 2291 eeclesiam,qnam
799 2218 876 2274 beati
925 2215 1037 2279 vestrae,
1051 2229 1139 2284 quum
1159 2228 1211 2285 pru
1227 2213 1312 2268 totius
1324 2213 1464 2284 parochiis
1484 2212 1521 2268 ad
1542 2218 1664 2269 vestram
1679 2215 1739 2286 ple-

57 2310 133 2365 Petri
147 2311 220 2381 juris
233 2329 293 2367 esse
306 2328 336 2367 se
350 2312 480 2379 haberet,
495 2313 578 2383 eique
593 2313 739 2383 portiones
753 2316 782 2368 et
795 2313 874 2368 obla·
925 2306 992 2362 bem
1013 2307 1186 2379 pertinentis
1216 2307 1444 2362 ordinationibus
1465 2306 1633 2363 catholicum
1654 2324 1740 2379 quem

56 2404 147 2459 tiones
161 2421 209 2459 seu
224 2406 349 2461 decimas
361 2407 528 2461 earumdem
542 2407 713 2479 capellarum
726 2407 804 2462 bona
819 2406 874 2461 tide
926 2400 1085 2456 malueritis
1099 2401 1264 2473 episcopum
1279 2400 1313 2455 de
1328 2400 1473 2472 provincia
1493 2402 1629 2456 Romame
1641 2403 1738 2458 Eccle-

56 2499 240 2571 persolveret.
258 2499 369 2554 Statuto
393 2499 488 2571 itaque
508 2498 634 2554 termino
656 2500 743 2554 abbas
763 2500 800 2554 ad
823 2516 875 2554 nos
926 2493 976 2548 siae
1000 2494 1148 2549 advocare.
1169 2494 1323 2551 Statuimus
1347 2509 1461 2566 quoque
1485 2499 1515 2549 ut
1537 2495 1638 2550 eadem
1660 2494 1741 2566 plebs

57 2593 174 2647 rediens
186 2592 342 2665 quemdam
358 2595 484 2647 veterem
503 2597 614 2647 tomum
628 2593 758 2664 protulit,
776 2594 803 2647 in
819 2609 875 2664 quo
926 2603 977 2643 seu
991 2588 1117 2658 ejusdem
1140 2589 1232 2643 clerus
1247 2588 1301 2643 loci
1323 2587 1392 2642 nulli
1408 2587 1462 2642 nisi
1482 2591 1594 2643 tantum
1611 2589 1738 2647 Romano

57 2687 130 2741 nihil
144 2686 221 2758 quod
235 2687 270 2741 ad
285 2686 471 2740 commodum
487 2702 544 2740 suae
559 2702 652 2741 cansoe
666 2687 813 2758 pertinens
826 2688 872 2743 in·
926 2681 1054 2752 pontifici
1074 2681 1175 2737 debeat
1193 2680 1223 2736 iu
1246 2681 1343 2753 aliquo
1366 2681 1552 2751 respondere.
1573 2681 1669 2754 Neque
1688 2682 1739 2738 ali·
1851 2690 1855 2695 '

57 2780 157 2834 venire
179 2779 335 2850 potuimus.
349 2780 402 2844 oui
425 2779 539 2835 etiams
560 2780 640 2834 nobis
655 2780 758 2852 saepius
779 2780 874 2852 requi·
925 2775 969 2829 cui
994 2775 1080 2829 liceat
1102 2774 1176 2829 infra
1198 2774 1336 2830 terminos
1363 2774 1506 2846 parochiae
1528 2774 1617 2842 ipsius
1639 2775 1739 2848 plebis,

57 2874 129 2929 situs
151 2874 280 2944 praelatas
293 2873 417 2944 capellas
437 2873 511 2928 infra
533 2873 659 2944 ejusdem
674 2873 764 2945 plebis
788 2890 874 2945 paro·
927 2874 1032 2939 praeter
1055 2875 1184 2923 nostrum
1206 2872 1428 2940 nostrorumque
1453 2885 1645 2925 successorum
1671 2885 1739 2926 con·

58 2967 138 3022 chias
155 2967 224 3021 sitas
238 2983 299 3022 esse
324 2968 478 3039 respondit.
492 2967 635 3038 Adjiciens
652 2967 728 3039 quod
751 2967 875 3022 ministri
926 2978 1039 3017 sensum
1055 2963 1203 3017 eeclesiam
1218 2963 1370 3019 oedillcare.

58 3060 230 3117 earumdem
247 3062 417 3132 capellarum
431 3078 496 3116 cum
510 3062 626 3117 letaniis
640 3067 669 3116 et
683 3061 876 3117 oblationibus
962 3057 1144 3112 Decernimus
1158 3073 1227 3129 ergo
1237 3062 1269 3113 ut
1279 3057 1351 3112 nulli
1364 3057 1484 3113 omnino
1494 3056 1645 3112 hominum
1658 3057 1741 3113 liceat

57 3155 180 3225 singulis
205 3154 287 3209 annis
308 3154 420 3225 plebem
443 3155 533 3226 ipsam
558 3154 670 3210 visitare
693 3155 831 3223 solebant,
848 3107 913 3209 etC
927 3150 1077 3222 praelatam
1102 3150 1247 3205 ecelesiam
1271 3155 1379 3204 temera
1404 3150 1583 3221 perturbare,
1609 3156 1657 3204 aut
1680 3150 1742 3221 ejus

59 3255 120 3304 tam
142 3248 245 3303 eadem
265 3248 345 3319 plebs
359 3264 447 3319 quam
461 3249 577 3319 capellas
589 3264 621 3303 ac
642 3251 719 3303 totus
734 3248 877 3304 balnensis
927 3244 1116 3314 possessiones
1128 3243 1251 3310 auterre,
1265 3244 1307 3297 vel
1324 3241 1431 3297 ablatas
1445 3243 1581 3309 rotinere,
1597 3243 1741 3312 minuere,

58 3342 198 3400 territorii
221 3342 326 3397 fundus
346 3341 421 3397 beati
443 3343 519 3398 Petri
535 3342 610 3414 juris
633 3343 744 3397 existat.
759 3341 875 3398 Sancto·
927 3352 976 3392 seu
1005 3337 1146 3409 aliquibus
1178 3335 1370 3389 vexationibus
1400 3336 1533 3407 fatigare,
1560 3334 1609 3389 sed
1637 3334 1744 3419 illibata

58 3453 126 3493 rum
138 3452 206 3506 crgo
216 3452 359 3490 canonum
370 3437 538 3491 arretoritate
550 3439 709 3507 perspecta,
719 3436 878 3492 etfratrum
927 3430 1025 3484 omniu
1037 3435 1066 3485 ut
1078 3430 1191 3499 integra
1204 3433 1407 3482 cunserventur
1423 3443 1532 3495 eorum,
1547 3442 1598 3498 pru
1618 3443 1742 3499 quorum

59 3538 225 3586 nostrorum
241 3546 274 3584 ac
283 3529 410 3601 plurium
418 3530 581 3601 sapientum
595 3529 876 3601 archiepiscoporum
928 3522 1135 3595 gubernatione
1155 3538 1188 3577 ac
1209 3521 1417 3576 sustentatione
1439 3536 1571 3576 concessu
1594 3526 1671 3589 suut,
1684 3520 1740 3576 usi·

60 3624 272 3696 episcoporum,
299 3623 434 3678 abbatum
464 3627 493 3678 et
516 3624 648 3692 aliorum,
671 3624 720 3695 qui
747 3623 876 3694 aderant,
926 3616 981 3672 bus
996 3614 1344 3686 omnimodisprolutura.

58 3718 272 3775 communicato
293 3717 423 3785 consilio,
442 3734 507 3772 eum
528 3717 662 3790 praelatus
683 3716 769 3773 abhas
792 3733 878 3790 super
964 3707 994 3763 Si
1009 3723 1067 3778 (111⁸
1081 3705 1181 3777 igitur,
1197 3709 1250 3759 θῖθ·

58 3811 279 3884 acquisitionem
308 3811 476 3866 eorumdem
511 3812 624 3866 nullum
653 3811 743 3883 possit
771 3811 876 3867 instru-
1093 3815 1171 3855 ocum
1191 3812 1237 3854 ¹¹⁸¹
1257 3813 1361 3853 Sfflssfl
1384 3815 1418 3853 ΑΒ
1437 3813 1575 3854 ὓθΙίΙΝὓΙ·

59 3905 878 3979 mentumautheuticumexhibere,decimasomnesproe·
962 3896 1079 3952 Sanctus
1121 3896 1235 3961 Petrus,
1281 3891 1400 3948 S³ss⁰l¹¹³
1445 3893 1564 3962 Paulus,
1603 3891 1743 3950 Adrilssut

60 4002 202 4058 dictarum
215 4001 390 4072 capellarum
403 4015 526 4071 quarum
541 3999 658 4055 nomina
672 4005 740 4055 suot
753 4000 826 4069 brae,
838 4000 878 4055 vi·
928 4007 1002 4064 papa
1014 3991 1059 4045 lV·

61 4095 166 4151 delicet
186 4112 192 4150 :
218 4094 313 4151 Sancti
336 4092 500 4160 Salvatoris,
526 4093 622 4150 Sancti
641 4093 757 4163 Nicolai,
781 4094 878 4151 Sancti
963 4086 1023 4156 1‘28⁰
1037 4082 1177 4138 Adriffllut
1189 4081 1333 4137 cllh⁰¹i⁰ffl
1350 4082 1480 4137 5⁰⁰¹&ae
1495 4081 1655 4156 episcopus.

61 4190 150 4256 Pauli,
178 4189 275 4245 Sancti
308 4188 487 4260 Apollinaris,
512 4187 606 4244 Sancti
635 4187 757 4254 Martini,
782 4188 877 4247 Sancti
963 4175 1742 4252 ESOGuid⁰Pr⁰⁵b510s⁰⁸ldi1ffl¹i³libsffllcfichrl·

61 4283 236 4349 Paterniani,
260 4281 354 4337 Sancti
376 4281 485 4350 Hilarii,
508 4281 620 4339 Sanctae
646 4283 745 4351 Flora,
767 4284 878 4340 &neta
927 4273 1038 4346 ⁸⁰80&-

62 4377 243 4447 biargaretae,
266 4375 362 4431 Sancti
380 4376 516 4446 Andreae,
540 4376 636 4433 Sancti
658 4377 759 4446 Blasii,
783 4377 877 4434 Sancti
963 4370 1021 4440 138⁰
1035 4365 1160 4423 [ibaldus
1172 4364 1213 4420 fil·
1229 4363 1339 4441 3ὃῦοῑᾶέ
1353 4363 1495 4419 Pffledss·

62 4469 175 4540 Angeli,
189 4485 221 4525 ac
235 4473 327 4525 totum
338 4470 386 4540 jus
405 4470 570 4542 parochiale
586 4471 916 4554 ineisdemcapellis,1)
962 4464 1021 4534 Ego
1035 4460 1194 4516 Munfredsss
1209 4459 1304 4531 presb·
1320 4458 1396 4513 card.
1409 4457 1517 4513 8³¹¹&ae
1532 4457 1653 4515 Subissae·

63 4562 126 4628 tibi,
142 4563 243 4619 dilecte
258 4564 287 4618 in
309 4564 427 4619 Domino
440 4564 481 4618 titi
499 4566 624 4620 ioannes
641 4565 878 4637 archipresbyter,
966 4557 1025 4627 Ego
1038 4554 1128 4611 lulius
1142 4552 1236 4625 presb.
1252 4551 1329 4608 card.
1343 4552 1387 4607 tit.
1402 4551 1496 4607 Sancti
1511 4551 1647 4608 blarcelli.

63 4663 92 4712 et
106 4672 156 4726 per
168 4660 195 4712 te
216 4658 348 4712 balnensi
364 4659 491 4713 eeclesiae
514 4674 565 4729 per
577 4657 733 4713 sententias
753 4660 878 4714 restitui·
965 4652 1024 4723 Εεῡ
1042 4648 1166 4705 Ubflldffl
1187 4648 1231 4703 ¹12·
1254 4646 1283 4702 S·
1305 4646 1401 4702 &1¹⁰ss
1419 4647 1448 4701 1¹¹
1472 4646 1521 4701 *¹01⁸
1523 4646 1631 4701 ΜΘΗ]
1648 4646 1743 4718 Pf0lb·

64 4767 129 4806 mus
144 4755 228 4822 atque
251 4752 452 4821 concessimus,
469 4757 502 4806 ut
524 4751 656 4807 videlicet
675 4751 806 4807 eamdem
827 4768 879 4824 po·
930 4746 1006 4801 card·

64 4848 195 4899 testatem
209 4845 237 4898 in
253 4845 360 4899 eisdem
374 4845 490 4917 capellis
504 4846 538 4900 de
552 4849 653 4900 caetero
667 4844 783 4916 habeas,
794 4861 880 4917 quam
966 4839 1025 4909 Ego
1041 4836 1199 4892 Bernardus
1212 4835 1306 4907 presb.
1319 4834 1397 4890 eard.
1412 4834 1455 4889 tit.
1470 4834 1564 4891 Sancti
1579 4833 1744 4891 Clementis.

64 4942 92 4994 et
104 4938 133 4992 in
148 4938 209 4992 aliis
231 4937 375 5009 praedictas
389 4939 465 5010 plebi
489 4939 624 5010 subjectis
648 4955 782 4995 exerces:
798 4941 882 4995 idest
966 4933 1025 5003 Ego
1044 4928 1185 4986 Gerurdus
1205 4928 1299 5001 presb·
1321 4927 1399 4983 eard·
1421 4927 1465 4983 tit·
1482 4928 1575 4984 Sancti
1594 4928 1744 5000 Stephani·

63 5032 192 5105 ponendi
214 5050 262 5088 seu
288 5033 448 5088 removendi
477 5034 666 5105 presbyteros,
692 5033 881 5088 interdicendi
967 5028 1027 5097 Ego
1040 5023 1105 5081 tob.
1121 5023 1219 5096 presb.
1235 5023 1313 5077 card.
1331 5022 1374 5077 tit.
1390 5021 1439 5078 SS.
1451 5024 1509 5078 loa.
1526 5025 1554 5077 et
1567 5023 1657 5079 Pauli.

37 5136 41 5142 “
64 5143 123 5194 eos,
149 5127 199 5182 sibi
223 5127 316 5182 officio
341 5127 521 5197 restituendi,
547 5133 576 5182 et
604 5127 715 5183 debitas
736 5127 882 5199 portiones
967 5121 1026 5191 Ego
1040 5120 1159 5174 ioannes
1172 5117 1266 5188 presb.
1281 5117 1356 5171 card.
1373 5116 1594 5172 tit.Sanctorum
1610 5116 1746 5189 Sylvestri

64 5221 189 5277 habendi
211 5225 270 5275 tam
293 5221 328 5276 de
349 5222 541 5277 oblationibus
553 5221 683 5276 rivorum
703 5238 788 5293 quam
806 5237 880 5276 mor·
933 5212 1094 5270 elidertini.

65 5319 190 5382 tuorum,
218 5322 246 5370 et
270 5315 292 5369 si
317 5332 372 5386 qua
400 5315 456 5370 alia
480 5319 555 5378 sunt,
585 5331 649 5387 qua
675 5316 710 5371 ad
734 5315 882 5372 matricem
969 5309 1026 5379 ugo
1044 5309 1152 5362 toruus
1164 5305 1338 5362 Tusculanus
1352 5304 1514 5377 episcopus.

66 5409 216 5464 ecclesiam
232 5415 260 5463 et
274 5415 354 5464 tuum
369 5408 496 5465 odicium
509 5411 664 5482 pertinent,
681 5426 814 5467 concessa
830 5408 883 5465 tihi
969 5403 1028 5474 Ego
1048 5400 1163 5457 Gentius
1184 5399 1347 5456 Portuensis
1369 5405 1398 5455 el
1417 5398 1528 5455 Sancite
1554 5397 1665 5455 Russnae
1687 5398 1746 5473 upi-

64 5504 182 5575 insuper
194 5504 327 5559 facultate
342 5504 515 5576 disponendi
536 5509 564 5559 et
578 5504 761 5578 dispensandi
782 5519 882 5560 secun·
934 5513 1045 5569 scopus.

66 5598 137 5653 darm
151 5605 315 5653 sauctorum
328 5614 473 5654 canonum
490 5599 620 5656 institute
635 5614 735 5654 omnes
747 5598 882 5667 decimas,
969 5594 1027 5663 Ego
1040 5588 1191 5661 Grt8⁰ri¹1⁸
1203 5587 1366 5645 Sssbissesslis
1379 5588 1538 5660 θΡῑθῦθΡῠθ·

66 5707 131 5762 quar
159 5692 194 5746 de
217 5692 304 5747 curtis
330 5693 532 5764 praedictarum
558 5693 733 5766 capellarum
762 5708 882 5764 aparo·
970 5687 1028 5757 ugo
1043 5683 1217 5757 Hyacinthus
1228 5682 1302 5739 diae.
1316 5683 1394 5739 card·
1408 5682 1520 5739 Sancite
1535 5681 1628 5738 llariae
1641 5681 1671 5737 iu
1683 5682 1748 5738 Cot·

66 5783 178 5847 cbianis
194 5801 366 5863 quocunque
380 5794 506 5862 tempore
521 5788 705 5862 colliguntur,
716 5786 759 5844 rel
772 5785 808 5841 de
824 5788 884 5843 toto
934 5779 1045 5839 medin.
