3750 6046
59 180 123 235 tter

556 198 727 257 artsmrm
747 205 788 258 et*
806 204 1006 266 Pertinacis.
1028 239 1063 251 -
1080 213 1137 267 ΑΝ.
1160 215 1238 268 1155.

1670 217 1737 272 tres
1828 182 1831 187 ’

58 322 113 377 que
135 307 315 366 dilectionem
333 317 387 369 ture
413 317 596 375 fraternitatis
614 326 749 381 attentius
770 346 866 384 exera·
918 335 1109 390 exactionibus
1132 353 1300 407 aggravare,
1323 355 1339 392 a
1361 341 1485 410 piatatis
1511 339 1641 395 Ecclesiae
1667 344 1734 395 stant

58 420 131 469 rnrrs,
147 409 308 477 apiostolicis
323 412 422 469 litteris
438 420 493 471 tuas
509 419 672 477 discretioni
691 427 867 495 mandantes,

57 503 199 568 quatenus
215 519 265 572 pro
281 520 377 559 amore
398 510 456 576 ltei,
473 527 522 580 pro
542 512 616 568 lreati
635 516 707 570 Petri
724 526 752 571 et
775 525 872 577 uestra

57 594 225 661 reverentia,
241 595 279 650 ita
299 598 438 654 industria
464 608 510 657 tua
529 607 603 675 apud
624 609 821 668 charissimum
843 616 871 669 ll·

57 683 126 739 lium
141 692 270 742 nostrum
292 690 472 749 Frederieum
494 697 629 755 illustrem
644 706 731 774 atque
752 708 871 762 artlrtrli-

58 793 122 831 cum
138 782 330 838 ltnmnnorum
348 803 445 858 regem
459 791 571 861 ellieiat,
589 801 618 849 ut
630 798 758 865 praedicti
775 800 873 856 fratres

57 888 155 926 rerum
179 892 295 930 suarum
317 879 352 933 ab
376 880 429 949 his,
451 886 498 954 qui
523 891 588 941 sunt
610 889 639 944 iu
663 893 801 959 exercitu,
816 912 872 949 nen

59 965 169 1035 possint
192 969 330 1025 srrstinere
347 974 498 1043 jacturam,
521 981 570 1035 sed
594 983 687 1053 polius
710 1002 772 1040 curn
797 990 873 1059 ayiud

59 1059 332 1119 Christianissimnm
359 1069 515 1141 prinoipem
546 1075 580 1128 ele
607 1077 701 1148 aliquo
726 1084 872 1150 querclam

59 1155 241 1226 protulerint,
267 1159 426 1228 plenariam
452 1166 564 1222 valeant
587 1169 622 1223 ab
647 1171 708 1242 ipso
729 1173 872 1243 justitiam

59 1245 200 1302 obtinere.

96 1342 164 1395 llata
196 1344 294 1400 [tenue
322 1348 398 1418 apud
427 1350 561 1409 Sanctum
590 1357 705 1414 Petrum
738 1377 784 1416 ιιι
813 1365 872 1419 Xal.

56 1435 172 1504 Aprilis.

431 1517 503 1571 XXX.

130 1613 287 1668 llonasterii
303 1617 475 1687 Porupcsinni
488 1624 632 1693 privilegiu
654 1630 801 1697 conuenae.

924 429 1089 498 propensius
1104 432 1315 489 corruuonendi.
1333 437 1365 486 ut
1384 438 1410 487 et
1428 433 1479 504 ipsi
1493 451 1607 489 suarum
1629 450 1738 504 posscs-

923 522 1035 575 sinuum
1058 523 1165 577 lrrretns
1188 525 1297 595 integre
1327 527 1472 597 percipere
1495 527 1611 597 possint,
1636 531 1664 581 et
1688 528 1736 598 qni

923 615 1055 669 ecelesias
1077 616 1238 688 diripiendo
1249 619 1389 688 justitiam
1413 620 1441 673 ιιι
1463 622 1582 690 peccatis
1606 621 1738 675 ridentur

924 709 1023 779 procul
1047 709 1134 764 dnbio
1156 711 1308 778 declinare,
1329 716 1472 783 pastorum
1496 713 1737 768 exlrortatiouibus

924 802 1111 873 corrigantur.
1128 804 1247 858 llileotus
1263 806 1403 876 siquidem
1420 806 1494 861 lilius
1508 812 1605 861 noster
1619 807 1737 877 Pletrus]

924 895 1012 950 abbas
1037 897 1243 952 'trenorciensis
1272 901 1434 955 nrrruasterii
1459 918 1509 954 sua
1532 900 1614 955 nobis
1641 917 1738 955 narra-

925 989 1001 1042 tione
1016 992 1194 1057 monstravit,
1209 993 1284 1062 qrrod
1300 992 1402 1047 nobilis
1415 994 1458 1048 vir·
1471 993 1627 1067 Glrrardus}
1646 1009 1739 1048 comes

924 1083 1136 1138 Matisconensis
1158 1084 1197 1138 ita
1218 1092 1307 1139 terras
1330 1085 1417 1156 ipsius
1441 1091 1471 1141 et
1494 1087 1623 1142 homines
1648 1087 1675 1140 in
1699 1087 1739 1142 eis

924 1182 1135 1231 commorantes
1165 1177 1300 1232 indebitis
1336 1186 1365 1233 et
1397 1180 1514 1234 insolitis
1549 1180 1739 1235 exactionibus

923 1275 1067 1340 aggravet,
1080 1274 1113 1325 ut
1128 1287 1184 1325 uon
1200 1272 1290 1326 solum
1304 1274 1339 1328 de
1355 1273 1424 1345 ipsis
1444 1278 1612 1328 consuetum
1628 1275 1740 1329 emolu-

924 1369 1053 1418 menturn
1071 1364 1177 1419 habere
1198 1382 1255 1420 non
1273 1367 1371 1437 possit,
1388 1383 1487 1421 verum
1508 1369 1595 1423 etiam
1614 1368 1739 1438 ipsarum

924 1453 1136 1523 possessionum
1150 1452 1334 1508 amissionem
1354 1462 1473 1525 cogatur
1487 1455 1588 1526 saepius
1601 1457 1737 1527 cogitare.

926 1541 995 1605 Quia
1019 1557 1088 1612 ergo
1103 1541 1160 1612 [rati
1181 1559 1233 1596 nee
1255 1543 1403 1607 debemus,
1419 1561 1471 1598 rrsc
1494 1562 1642 1615 promamus
1662 1545 1740 1617 quod

924 1634 1010 1689 abbas
1033 1640 1082 1689 aut
1102 1635 1306 1690 monasterium
1330 1637 1418 1707 ipsius
1445 1639 1503 1708 pati
1527 1639 1629 1693 debeat
1651 1637 1739 1693 detri-

202 1720 319 1792 (Romae,
338 1740 384 1794 ap.
404 1725 430 1779 S.
446 1728 571 1797 Petrum,
588 1731 675 1801 April.
696 1733 732 1804 9.)
885 1732 1068 1809 ssmentum,
1090 1745 1143 1800 per
1160 1729 1313 1799 praesentia
1335 1730 1412 1785 vobis
1433 1731 1538 1802 scripta
1561 1731 1739 1800 mandamus,

61 1807 224 1880 [Xunrroau
239 1817 335 1886 Aratio.
350 1819 427 1883 lteri„
448 1821 478 1887 V,
496 1824 555 1887 166,
572 1823 629 1890 ubi,
644 1826 739 1881 dictum
761 1832 788 1882 et
811 1828 875 1882 sub.
928 1828 1070 1893 quatenus
1083 1822 1236 1893 praelatum
1249 1824 1380 1877 comitem
1394 1824 1545 1879 districtius
1559 1824 1698 1879 moneatis
1712 1829 1743 1878 ut

220 1910 387 1979 scriptiones
402 1916 511 1968 tarrlum
525 1917 718 1990 exhibentur.]

96 2021 197 2077 „alum
210 2025 306 2080 Roma,
319 2029 393 2098 apud
405 2030 539 2086 sanctum
552 2035 678 2101 petrum,
689 2052 742 2106 per
759 2054 877 2093 manum
929 2009 1084 2081 supradicti
1103 2010 1269 2064 monasterii
1292 2011 1407 2065 omnino
1425 2010 1574 2077 abstineat,
1591 2014 1622 2113 et
1639 2010 1742 2066 lratres

59 2114 182 2171 Rolandi
203 2122 306 2173 sanem
327 2122 463 2178 Romana,
487 2126 616 2182 Ecclesia,
638 2130 794 2201 presbyteri
819 2149 879 2187 car,
928 2103 956 2157 in
982 2119 1015 2158 eo
1038 2110 1252 2158 commorantes
1265 2104 1411 2175 permittat
1431 2104 1460 2157 in
1483 2105 1561 2158 omui
1576 2104 1741 2207 quentellu-

57 2208 164 2263 diualis
186 2217 215 2265 ct
230 2214 400 2283 cancellarii,
418 2234 434 2267 v
450 2219 515 2272 ldus
539 2221 652 2291 Aprilis,
668 2223 821 2279 indictione
838 2243 877 2295 m,
928 2197 1007 2251 mi¹¹⁰
1033 2197 1186 2252 desem*
1208 2196 1289 2261 0¹¹⁰d
1312 2214 1334 2250 ⁵¹
1358 2197 1744 2300 faeere,f⁰roe.¹¹⁰¹uem.⁰t

57 2303 265 2359 lucaruationis
275 2307 430 2366 [lominica
442 2318 606 2383 arrnollbb,
619 2317 798 2387 pontificatus
809 2337 878 2375 veru
930 2291 1012 2361 (ΜΕ
1028 2290 1092 2357 ¹¹⁰⁰)
1112 2290 1213 2344 vestris
1233 2296 1348 2344 m⁰¹¹¹t¹⁵
1369 2291 1483 2346 dmm
1501 2290 1686 2357 ⁰bv¹³nd⁰m’
1703 2292 1744 2344 sta

928 1915 962 1970 ab
988 1916 1130 1986 ejusmodi
1157 1916 1354 1971 exactionibus
1378 1924 1517 1972 terrarum
1539 1921 1569 1971 et
1592 1917 1742 1972 bominum
1833 1988 1836 1993 Ι

58 2395 158 2450 domni
172 2397 286 2454 Adriani
300 2418 380 2473 papas
395 2406 428 2459 lV
444 2423 518 2461 arina
534 2425 551 2461 ι.

96 2493 158 2544 Post
171 2495 305 2563 episcopos
319 2498 492 2553 srtbscribnut
506 2517 513 2553 ι

51 2662 56 2669 Ι
97 2584 155 2653 Ege
183 2585 272 2641 Guide
306 2590 453 2660 presbyter
479 2593 630 2649 cardinalis
666 2598 750 2653 titulo
784 2601 879 2655 Sancti

58 2679 250 2749 Chrysogoni.

98 2780 157 2847 Ego
173 2778 318 2834 Hubalrlus
339 2782 488 2854 presbyter
503 2786 656 2843 cardinalis
674 2790 755 2844 titulo
772 2794 879 2848 Sancta

59 2872 203 2926 l’raxedis.

97 2968 156 3036 llgo
180 2967 298 3022 llatbias
323 2971 470 3042 presbyter
491 2975 644 3031 cardinalis
667 2977 750 3034 titulo
772 2979 879 3034 Sanctae

59 3058 182 3114 Sabina.

98 3154 157 3224 Ego
182 3156 270 3210 Julius
304 3159 452 3230 presbyter
485 3163 638 3218 cardinalis
669 3165 752 3220 titulo
782 3165 877 3221 Sancti

60 3248 194 3302 Marcelli.

98 3343 156 3411 Ego
174 3342 344 3400 Octavianus
363 3348 510 3420 presbyter
525 3351 677 3406 cardinalis
690 3352 771 3407 titula
787 3353 879 3408 Sann-

59 3440 98 3489 tae
114 3437 242 3494 Caecilia.

99 3533 157 3601 Ege
179 3534 312 3589 Girardus
337 3537 487 3608 presbyter
506 3538 659 3594 cardinalis
678 3540 760 3594 titulo
786 3540 879 3595 Sancti

61 3626 203 3696 Stephani
219 3627 247 3680 ιιι
262 3629 347 3683 Caelio
359 3631 462 3685 Monte.

100 3721 158 3784 Ego
171 3721 292 3775 loannes
307 3725 456 3795 presbyter
468 3725 619 3780 cardinalis
632 3728 713 3782 titulo
729 3727 777 3784 SS.
792 3728 878 3782 teau·

62 3814 109 3867 nis
126 3821 154 3868 et
169 3817 247 3869 Pauli
264 3817 345 3871 titulo
360 3820 513 3874 Panreebii.

101 3910 161 3978 Ego
179 3911 301 3965 loaurres
322 3914 469 3983 presbyter
487 3915 640 3969 cardinalis
661 3915 743 3971 titulo
765 3917 881 3971 Sanetu-

62 4020 130 4057 rum
147 4004 270 4058 Silvestri
284 4009 311 4059 el
324 4007 444 4061 llurtini.

102 4099 160 4166 Ego
182 4098 316 4152 ltodullus
336 4099 472 4154 diaconus
492 4101 640 4155 cardinalis
664 4106 771 4157 Sancta¹
788 4104 881 4159 bucias

63 4192 93 4245 in
109 4191 269 4260 Septisolio.

100 4286 161 4354 Ego
179 4285 317 4339 Gercrdus
332 4286 470 4341 diaconus
492 4289 643 4343 cardinalis
657 4291 767 4345 Sanctae
789 4291 882 4345 llarirn

65 4379 94 4432 in
111 4378 161 4431 Via
176 4381 250 4433 lata.

103 4473 161 4541 lgo
185 4472 244 4525 Odo
269 4472 405 4527 diaeonus
427 4474 576 4529 cardinalis
598 4476 694 4531 Sancti
724 4479 827 4532 Nicelni
853 4479 881 4532 ιιι

65 4566 187 4621 Carccrc
201 4566 338 4620 Tulliano.

434 4641 520 4696 XXXl.

65 4732 197 4802 E[ruelio]
223 4735 397 4800 bergadanensi
423 4742 448 4787 et
477 4734 643 4807 llyrtrnbertc]
682 4739 885 4793 Vesontionensi

103 4814 309 4883 urrluipiseopis
333 4816 457 4878 rescindat,
481 4833 513 4869 ne
547 4819 737 4871 ιιιοιιιιειιιίἰιιιι
773 4821 883 4873 vertor·

103 4896 187 4950 cierrse
199 4914 215 4949 ιι
227 4894 365 4967 6[ι’νιιιι1ιι]
381 4900 475 4952 comite
488 4900 677 4953 llatismneusi
687 4902 762 4968 (effici
773 4901 883 4969 injuriis

100 4977 256 5045 patiuntur.

193 5072 309 5139 (Rornae,
326 5071 400 5142 apud
422 5072 449 5127 S.
465 5074 591 5138 Petrum,
612 5071 698 5143 Xpril.
718 5073 770 5142 lt.)

116 5165 232 5236 [recen
247 5168 334 5222 Naue
350 5168 420 5222 llist.
434 5168 468 5220 de
489 5169 623 5229 Teutates,
643 5167 701 5234 l‘r.,
718 5182 746 5237 p.
766 5166 839 5236 itta]

102 5286 242 5337 Annianus
262 5282 532 5352 episcopusservus
551 5297 701 5337 servorum
724 5283 782 5350 liei,
803 5298 886 5337 rene·

65 5378 200 5433 rabilibus
220 5379 355 5433 fratribus
375 5380 514 5451 Etruscae]
540 5379 735 5449 lugdunensi,
751 5385 778 5433 et
799 5377 884 5450 llice·

63 5472 160 5545 ueniet
178 5473 324 5527 bisuntino
344 5472 572 5542 aielriepiseopis,
589 5474 712 5527 salutern
731 5480 758 5526 et
775 5477 885 5544 cyreste-

64 5569 149 5622 licam
164 5567 403 5621 benedictionem.

103 5663 157 5725 Qui
179 5662 459 5731 lrorrajecelesiurmn
485 5664 664 5730 praesumunt
687 5660 831 5725 invadere,
857 5663 885 5713 et

65 5759 143 5815 siros
156 5755 305 5830 religiosos
318 5774 349 5810 ae
365 5760 452 5812 terras
464 5755 592 5830 ipsorum
607 5753 687 5812 duris
705 5758 734 5813 at
753 5752 885 5811 indebitis

931 2384 1088 2455 plenariam
1105 2385 1139 2439 de
1164 2383 1226 2456 ipso
1239 2387 1269 2437 et
1282 2390 1379 2438 enutrn
1395 2385 1457 2454 ejus
1478 2384 1744 2454 (ebullientium)

925 2477 1064 2548 justitiam
1084 2477 1205 2544 laniatis,
1225 2480 1253 2530 ut
1273 2477 1372 2531 saltem
1389 2477 1490 2531 timore
1511 2494 1603 2549 poenre
1620 2475 1746 2532 dediscat

930 2571 963 2641 (l.
980 2572 1096 2641 desinet)
1112 2570 1188 2625 bona
1203 2570 1329 2642 praedicti
1352 2570 1518 2626 ruonasterii
1535 2571 1680 2637 infestare,
1694 2584 1745 2624 seu

930 2664 1071 2720 indebitas
1085 2665 1247 2719 exactiones
1261 2679 1361 2719 eornm
1378 2664 1461 2718 terris
1476 2664 1634 2735 imponere.

964 2760 1067 2813 Datum
1092 2759 1189 2813 bonite
1209 2757 1285 2830 apud
1305 2760 1441 2813 Sanctum
1458 2760 1584 2825 Petrum,
1604 2772 1669 2812 xvm
1686 2759 1743 2812 lla·

929 2853 1026 2907 lendns
1038 2851 1110 2908 llaii.

1285 2977 1383 3033 llllllll.

931 3096 1071 3152 Canonicis
1084 3094 1306 3150 cabilonensibus
1318 3095 1442 3163 precipit
1455 3097 1485 3147 ut
1497 3094 1634 3148 ecclesium
1649 3108 1744 3163 quam-

1031 3175 1095 3228 dam
1107 3177 1270 3229 monasterio
1287 3176 1474 3228 trenorciensi
1486 3175 1641 3227 restituant.

1064 3289 1183 3360 (Roma,
1200 3306 1246 3360 ap.
1263 3289 1291 3344 S.
1306 3290 1431 3355 Petrum,
1450 3288 1537 3359 april.
1554 3289 1607 3357 ll.)

1223 3391 1316 3462 libid,
1332 3408 1361 3462 p.
1377 3390 1449 3461 tub]

965 3511 1105 3562 Annianus
1134 3507 1294 3576 episeopus,
1318 3522 1415 3560 servus
1438 3521 1583 3559 serrorum
1613 3504 1675 3570 Dei,
1701 3502 1745 3557 di-

931 3601 1008 3655 lectis
1021 3600 1086 3654 liliis
1098 3599 1238 3654 ceauonicis
1250 3598 1446 3655 cabilonensis
1464 3598 1606 3663 Ecclesia,
1623 3597 1744 3652 salutem
1808 3637 1814 3647 .

930 3700 959 3749 et
974 3694 1159 3765 apostolicam
1174 3692 1411 3747 benedictionem.

968 3790 1029 3842 Non
1043 3788 1150 3843 debent
1163 3786 1230 3841 boui
1243 3786 1291 3840 lilii
1306 3802 1427 3840 vacuare
1442 3786 1520 3857 quod
1535 3788 1646 3856 [latrem
1662 3798 1746 3839 sunm
1830 3840 1834 3849 ,

932 3878 1094 3934 rationabili
1120 3877 1300 3950 previdentia
1331 3876 1453 3930 viderint
1491 3875 1632 3929 statuisse.
1661 3874 1746 3928 Bonas

932 3973 1077 4028 maineriae
1092 3970 1251 4040 (Galterias)
1265 3971 1411 4043 quondam
1430 3966 1623 4025 cabilonensis
1636 3966 1746 4038 episco-

932 4084 994 4138 pus,
1009 4068 1163 4139 quarradaur
1176 4065 1322 4121 ecelesiam
1333 4063 1443 4119 dilectis
1453 4063 1518 4117 liliis
1529 4062 1633 4117 uostris
1642 4061 1748 4132 P[etro]

933 4162 954 4232 l]
968 4161 1063 4215 abbati
1077 4165 1106 4215 et
1126 4160 1272 4213 rnouaebis
1284 4157 1495 4214 l'rerrorciensis
1513 4155 1687 4223 nrouasterii,
1702 4156 1747 4208 ιιι-

932 4254 1006 4309 tuitu
1020 4254 1131 4325 pietatis
1146 4253 1270 4307 donarit.
1287 4254 1377 4316 Otium
1393 4252 1465 4306 sicut
1480 4267 1531 4305 sua
1544 4247 1748 4319 cariquestinne

936 4347 1018 4402 nobis
1040 4346 1161 4401 dilectus
1182 4345 1257 4399 tilius
1273 4351 1370 4399 noster
1392 4345 1503 4415 Pletrus
1517 4344 1550 4412 ll]
1572 4341 1658 4395 abbas
1673 4338 1747 4408 ejus-

892 4441 999 4542 Ddem
1027 4439 1192 4493 monasterii
1215 4438 1323 4492 studuit
1349 4437 1552 4500 demonstrare,
1575 4434 1627 4505 ipsi
1650 4434 1749 4487 contra

929 4532 1068 4605 justitiam
1094 4532 1258 4586 abstulistis.
1282 4532 1322 4585 Ne
1349 4530 1437 4601 igitur
1464 4529 1605 4582 taenarum
1629 4539 1749 4596 operum

934 4627 1121 4682 destructores
1143 4628 1245 4680 merito
1267 4622 1447 4694 comprobari
1468 4620 1589 4693 possitis,
1605 4635 1655 4690 per
1673 4633 1747 4690 prae-

933 4719 1024 4774 seutia
1039 4720 1117 4775 robis
1132 4719 1237 4790 scriptu
1251 4717 1430 4784 claudamus,
1440 4718 1579 4785 quatenus
1597 4712 1619 4767 si
1633 4709 1750 4783 quercla

933 4815 1022 4885 ipsius
1035 4814 1153 4868 veritate
1174 4812 1298 4878 lulcitur,
1313 4809 1460 4865 ecclesiam
1474 4810 1565 4880 ipsam
1585 4805 1680 4862 eidem
1691 4803 1749 4859 lilio

933 4912 1028 4963 nostro
1050 4906 1197 4962 restituere
1213 4906 1375 4959 nullatenus
1394 4903 1541 4959 dilleratis.
1556 4898 1750 4957 blandarirnus
1822 4964 1825 4969 ,

933 5001 1075 5073 siquidem
1091 4998 1244 5054 venerabili
1261 4997 1340 5051 tratri
1354 5002 1447 5051 nostro
1460 4997 1490 5050 G.
1500 4994 1632 5065 episcopo
1646 4995 1749 5057 vestro,

934 5097 964 5149 ut
981 5110 1029 5149 ros
1050 5092 1086 5149 ad
1100 5092 1228 5163 ejusdem
1249 5088 1371 5144 ecclesie
1390 5087 1602 5143 restitutionem
1621 5098 1749 5139 courmo-

935 5192 1009 5242 ueat.
1024 5188 1058 5240 lit
1079 5185 1102 5239 si
1125 5184 1251 5256 aliquam
1276 5186 1335 5236 tam
1354 5181 1384 5236 in
1398 5179 1501 5236 eadem
1525 5176 1641 5233 ecclesia
1665 5191 1751 5248 quam

934 5281 963 5335 in
986 5280 1070 5335 rebus
1095 5278 1156 5332 aliis
1180 5276 1315 5331 adversus
1340 5290 1389 5329 eos
1413 5272 1554 5344 justitiam
1578 5286 1626 5324 vos
1648 5269 1752 5324 babere

934 5371 1086 5438 confiditis,
1113 5371 1141 5425 iu
1170 5368 1324 5442 praesentia
1350 5365 1517 5422 venerabilis
1544 5363 1640 5419 fratris
1661 5362 1753 5418 nostri

935 5466 1059 5536 lllracliil
1082 5463 1281 5535 Lugdunensis
1306 5459 1511 5532 archiepiscopi
1538 5460 1658 5513 vestram
1678 5460 1754 5529 pote-

936 5561 996 5616 ritis
1005 5560 1145 5631 justitiam
1164 5558 1305 5611 (tietmare.
1319 5555 1451 5626 Alioquin
1469 5552 1541 5608 scire
1556 5568 1604 5606 res
1625 5553 1753 5605 volumus

935 5658 1011 5730 quod
1033 5673 1083 5710 uos
1103 5657 1141 5708 ita
1163 5652 1418 5724 praesumptionem
1450 5655 1571 5705 vestram
1595 5651 1624 5702 et
1653 5646 1750 5701 inulte-

936 5752 1084 5822 dieutiaur,
1092 5754 1206 5807 aucune
1219 5746 1351 5819 lloruino,
1361 5744 1523 5823 puniemus,
1534 5741 1611 5819 quod
1622 5739 1658 5796 ad
1669 5752 1752 5794 aures
