3750 6046
18 168 28 263 ¹·
150 172 219 230 aar
686 170 833 235 ausam
851 168 1149 234 nrvraaaacmsrs
1166 170 1271 235 misc.
1762 173 1828 235 rrae

151 294 251 352 altario
272 295 380 363 vivunt,
400 294 472 352 mibi
491 295 574 369 quasi
595 295 781 356 infructuosa
798 299 893 357 arbori
915 316 961 356 se-
1012 304 1116 369 ratnm,
1145 297 1238 356 olilcic
1261 296 1361 355 alteris
1389 295 1581 366 interdixisse,
1610 296 1743 371 proiecto
1771 313 1830 355 non

150 388 227 447 curis
240 387 555 462 pouitnradredicem,
568 389 592 446 si
611 407 716 448 munus
736 393 772 449 ad
793 395 883 450 altare
903 410 962 451 non
1014 393 1068 449 boc
1088 392 1156 449 iecit
1174 390 1341 448 auctoritaie
1361 389 1522 463 judicandi,
1543 389 1593 446 sed
1612 389 1741 446 utilitate
1759 406 1827 447 con·

152 481 259 553 detero,
276 499 329 539 nec
339 498 456 556 possum
468 483 624 540 obtendere
637 490 848 557 paupertatem,
859 503 923 543 cum
935 487 965 544 in
1014 486 1126 543 sulendi
1136 488 1271 559 tanquam
1283 485 1386 559 spiritu
1398 483 1566 557 prophetico
1578 484 1831 558 praesciens,qnod

151 575 306 659 Evangelio
318 592 408 633 auum
423 577 540 634 riduem
550 578 608 635 duo
622 594 747 652 quoque,
759 596 825 653 que
837 580 891 637 sibi
906 582 967 637 ecla
1015 585 1088 636 esset
1105 579 1148 636 illi
1165 580 1240 635 male
1258 579 1401 649 futurum,
1415 577 1465 651 qui
1486 582 1546 634 tam
1561 576 1677 635 salubre
1691 578 1766 634 tenti
1780 576 1831 634 riri

151 672 323 744 supererant
341 686 411 741 era,
429 671 593 727 mittentem
614 671 786 744 laudaverit,
806 673 879 731 mibi
898 679 965 731 anie
1015 674 1176 747 praeteriret
1187 670 1543 737 consiliumouodautem
1557 671 1705 727 exeodem
1717 669 1830 745 dialogo

152 764 354 839 presbyterum
370 764 471 821 sedere
484 781 541 822 nou
554 765 633 837 licet,
649 766 691 823 illi
709 767 733 823 si
756 783 918 840 peccavero,
933 768 966 825 li·
1015 765 1177 834 subscribis,
1199 782 1267 823 eum
1292 764 1434 839 quasdam
1463 781 1576 821 sorores
1600 764 1832 821 sanctimoniales

153 863 199 915 cet
211 858 324 915 tradere
340 874 388 914 me
403 860 516 916 &tanae
530 860 560 915 in
580 861 727 917 interitum
748 863 849 928 carnis,
864 862 967 935 uispi·
1017 860 1290 928 excommunicasse,
1313 862 1343 915 et
1362 858 1400 915 ob
1419 858 1474 915 boc
1496 857 1645 914 arbitraria
1667 874 1738 914 eum
1761 858 1831 915 banc

154 953 225 1009 ritus
246 952 340 1009 salsus
362 952 414 1009 tlst
435 952 465 1009 in
489 953 535 1011 die
557 954 670 1011 Domini
687 957 752 1012 iesu
767 955 880 1013 Christi.
893 976 909 1007 s
933 958 968 1012 at
1017 955 1214 1011 auctoritatem
1236 952 1433 1009 ecclesiasticae
1456 967 1586 1008 censurae
1608 950 1757 1022 babuisse,
1777 968 1832 1009 non

153 1045 252 1103 inira:
270 1067 285 1097 ιι
297 1044 381 1112 Quod
400 1045 424 1103 si
445 1048 474 1102 te
491 1063 608 1121 quoque
626 1049 661 1105 ad
681 1050 815 1106 eumdem
835 1050 966 1107 ordinem
1017 1053 1092 1104 recte
1105 1046 1303 1115 considerasti,
1318 1046 1369 1119 qni
1384 1045 1477 1102 tidelis
1496 1045 1575 1101 illam
1594 1046 1831 1102 excommunica-

154 1139 203 1213 pia
226 1138 350 1197 fratrum
377 1138 578 1197 blandimenta
606 1141 766 1211 sollicitant,
796 1143 909 1216 gaudeo
933 1143 968 1200 de
1017 1141 1104 1198 tionis
1128 1140 1302 1196 sententiam
1316 1155 1376 1196 nou
1396 1138 1580 1212 proferendo,
1593 1138 1642 1195 sed
1665 1138 1833 1195 intentando

154 1248 284 1301 escensu,
297 1232 387 1290 timeo
397 1233 432 1289 de
444 1234 535 1306 lapsa.
549 1255 564 1285 »
577 1236 647 1291 item
661 1234 764 1293 beatus
776 1236 967 1310 Augustinus:
1018 1234 1134 1305 intulit3
1147 1250 1218 1306 quas
1230 1233 1318 1289 etiam
1333 1248 1444 1289 sorores
1455 1231 1641 1306 postmodum
1656 1247 1727 1288 rere
1739 1238 1831 1289 aneto

156 1326 248 1397 «Vix,
262 1326 366 1400 inqiut,
380 1327 523 1400 perfectus
539 1330 695 1386 monachus
709 1331 968 1389 bunumclericnm
1018 1327 1103 1385 ritate
1128 1326 1308 1396 sacerdotali,
1335 1343 1393 1384 non
1416 1325 1481 1400 lege
1509 1325 1711 1394 ecclesiastiea,
1740 1330 1833 1399 utpote

155 1421 232 1478 iacit.
249 1442 264 1472 s
1018 1422 1178 1490 defunctas,
1192 1420 1244 1477 sed
1266 1420 1422 1490 oblatione,
1433 1436 1520 1493 quam
1541 1436 1595 1493 pro
1616 1420 1677 1475 illis
1697 1418 1834 1491 recitate

192 1515 272 1585 Vide,
285 1515 386 1584 irater,
401 1519 433 1571 ιιι
452 1531 498 1586 ea,
518 1532 613 1589 quaa
631 1517 719 1574 tantu
734 1516 802 1574 riris
822 1519 971 1576 humiliter
1019 1515 1120 1587 solrit3
1137 1515 1197 1570 imo
1213 1514 1310 1588 potius
1323 1531 1341 1570 e
1354 1514 1415 1570 lieo
1430 1513 1571 1570 absolutae
1582 1512 1722 1585 cognorit
1736 1518 1767 1569 et
1785 1528 1835 1569 cu·

156 1609 261 1684 scripta
274 1613 349 1679 sunt,
367 1614 398 1665 tn
420 1625 535 1682 quoqne
556 1609 706 1667 humiliter
724 1612 813 1685 legas.
836 1613 891 1670 Sed
908 1613 969 1671 ior·
1019 1610 1089 1666 teris
1103 1608 1250 1665 indiderit.
1267 1608 1328 1681 Ego
1342 1606 1438 1681 aliquo
1452 1613 1595 1680 tempore,
1613 1622 1681 1663 cnm
1696 1621 1792 1663 essem
1809 1607 1836 1663 in

156 1707 232 1760 tasse
255 1707 318 1776 post
334 1704 426 1758 tantm
443 1701 627 1760 auctoritates
645 1705 758 1761 animus
778 1708 845 1763 tuns
866 1705 1010 1779 marultB
1021 1702 1152 1760 Romana
1164 1702 1290 1758 Ecclesia
1301 1700 1360 1758 ridi
1372 1705 1403 1759 et
1413 1701 1509 1757 audiri
1521 1699 1682 1774 quemdam
1703 1700 1837 1757 abbatem

157 1813 219 1853 esse
232 1795 326 1852 adbuc
344 1794 457 1867 dubius,
473 1812 561 1869 quem
577 1796 613 1854 de
633 1797 679 1854 bis
693 1816 758 1873 que
780 1800 888 1858 inritus
907 1817 970 1857 cre·
1021 1797 1058 1852 de
1071 1795 1225 1854 Clararaile
1238 1797 1316 1853 reste
1323 1794 1480 1868 bispidum,
1489 1794 1580 1852 macie
1589 1794 1770 1865 coniectum,
1781 1792 1838 1868 dig·

157 1892 211 1963 dit,
226 1895 331 1960 certus,
342 1889 465 1962 ideoque
480 1895 512 1946 ιιι
524 1889 577 1947 tibi
597 1891 634 1947 ad
646 1893 822 1951 credendum
840 1894 923 1951 tardo
939 1911 972 1950 ac
1020 1906 1090 1947 num
1115 1889 1212 1963 ntique
1234 1890 1290 1946 lieo
1311 1889 1418 1960 rirum,
1441 1905 1499 1946 non
1516 1888 1633 1959 falsum,
1660 1886 1714 1944 sed
1729 1893 1837 1945 eertum

158 1983 268 2042 diliicili
282 1982 355 2040 nihil
366 1983 449 2053 desit,
461 1982 511 2039 ubi
525 1985 669 2056 precessit
682 1987 871 2057 auctoritatis,
882 1988 921 2045 ibi
930 1988 973 2044 in·
1020 1977 1262 2041 beati'beuedicti
1286 1982 1457 2057 discipulam
1484 1999 1520 2038 ex
1547 1981 1689 2038 mandato
1718 1982 1836 2039 Romani

157 2077 301 2135 convulsae
322 2075 442 2132 rationis
463 2076 655 2151 subsequatur
675 2078 759 2136 tlrma
780 2081 892 2138 raritas.
905 2082 971 2138 listo
1020 2075 1369 2151 pontilicislnnocentiilI‚
1381 2075 1518 2149 magniet
1530 2075 1836 2148 incomparabilisriri¹

157 2171 277 2228 interim
297 2169 388 2242 igitur
402 2184 512 2239 rerum,
526 2169 604 2242 qued
625 2170 704 2241 dicis,
718 2178 748 2229 et
765 2173 882 2230 attende
898 2191 970 2246 pau·
1020 2171 1097 2228 inter
1118 2171 1236 2227 clericos
1262 2170 1421 2228 assidentes
1443 2168 1529 2226 rerba
1553 2169 1657 2226 divinar
1684 2168 1838 2243 scriptura

158 2266 253 2338 lisper.
271 2262 452 2321 itunssticam
466 2263 673 2337 professionem
688 2266 820 2323 omnibus
831 2267 894 2324 aliis
908 2284 972 2341 pro·
1021 2264 1205 2338 explanando
1222 2264 1373 2334 disserere,
1393 2264 1470 2337 qnod
1492 2266 1588 2321 umen
1607 2262 1704 2335 magis
1722 2262 1792 2319 iecit
1808 2279 1838 2319 er

158 2358 333 2417 lessiouibus
344 2357 446 2414 asseris
462 2373 523 2415 esse
537 2357 709 2441 digniorem.
729 2363 800 2418 item
819 2361 972 2436 subjungis
1021 2358 1186 2415 obedientia
1208 2357 1363 2431 pontificali
1385 2374 1473 2430 quem
1495 2373 1529 2414 ex
1543 2356 1639 2414 cilicio
1653 2355 1836 2413 sacerdotali.

158 2452 290 2525 exemplo
304 2450 381 2507 beati
392 2451 532 2523 Gregorii,
548 2457 577 2509 et
593 2452 716 2510 aliorum
736 2472 824 2528 quam
845 2456 971 2528 plurium
1020 2453 1171 2521 Praeterea,
1187 2455 1221 2508 ut
1232 2450 1268 2508 de
1280 2468 1327 2508 me
1342 2467 1458 2524 quoque
1472 2467 1532 2507 non
1545 2449 1658 2521 dteam,
1673 2449 1727 2524 qui
1742 2450 1837 2523 utique

158 2546 314 2606 monachos
328 2544 403 2601 licite
416 2561 499 2617 possa
514 2547 636 2602 transire
649 2547 686 2603 ad
698 2548 830 2606 ordinem
851 2549 970 2606 clerico·
1021 2545 1057 2602 de
1071 2562 1118 2601 me
1140 2547 1202 2619 ipso
1222 2550 1358 2618 tanquam
1376 2551 1521 2618 peccator,
1536 2549 1566 2600 et
1584 2543 1717 2616 sigillum
1739 2544 1837 2600 divine

158 2657 235 2711 rum,
250 2639 324 2696 bene
339 2638 427 2709 dicie;
440 2637 525 2708 bene,
540 2638 671 2713 inquam,
687 2640 791 2698 videris
804 2642 909 2711 dicere,
921 2642 971 2700 sed
1022 2639 1178 2714 Scriptura
1187 2639 1297 2696 solvere
1308 2639 1446 2709 nesciens,
1459 2638 1608 2695 humiliter
1616 2638 1729 2695 sentire
1740 2637 1834 2695 debeo.

157 2736 236 2809 juste
250 2734 421 2807 illaqueatus
434 2750 464 2788 es
476 2732 570 2789 verbis
582 2734 640 2790 oris
649 2735 702 2792 tui.
717 2737 773 2793 Aut
782 2736 861 2793 enim
872 2754 972 2793 rerum
1021 2732 1098 2789 ldem
1114 2733 1144 2789 S.
1158 2734 1245 2789 Rom.
1265 2732 1396 2789 Ecclesiae
1411 2732 1552 2805 pontifex,
1566 2732 1639 2789 dum
1661 2731 1799 2789 collectas
1810 2735 1836 2788 et

158 2836 211 2899 est,
224 2827 415 2885 monasticum
428 2826 538 2883 ceteris
551 2827 699 2885 ordinibus
717 2845 778 2886 esse
794 2830 971 2903 digniorem,
1022 2826 1172 2883 missarum
1187 2826 1329 2882 solemnia
1341 2826 1370 2882 in
1387 2825 1536 2883 Nativitate
1548 2826 1599 2883 liei
1610 2825 1767 2898 genitricis
1783 2826 1833 2883 Ιι·

159 2929 188 2980 et
201 2923 237 2979 ab
250 2922 301 2978 iilo
313 2938 370 2977 non
384 2920 451 2977 licet
464 2921 587 2977 transire
606 2921 635 2977 in
651 2922 801 2980 clericatus
814 2925 944 2981 ordinem
963 2941 970 2981 :
1022 2921 1076 2977 rire
1092 2921 1260 2992 celebraret,
1273 2936 1331 2991 me,
1345 2921 1394 2995 qui
1407 2926 1474 2977 tunc
1485 2920 1558 2976 torte
1570 2918 1707 2986 aderam,
1719 2920 1832 2988 vocarit,

160 3017 247 3074 antei
265 3015 386 3072 transire
404 3014 482 3084 licet,
494 3022 706 3089 consequenter
719 3033 821 3074 verum
835 3023 880 3075 est
891 3019 969 3075 ordi-
1022 3018 1053 3071 et
1071 3018 1104 3071 ut
1124 3015 1338 3072 archidiaconus
1360 3016 1431 3071 lectu
1454 3014 1605 3088 Evangelio
1629 3015 1778 3086 tacuisset,
1793 3030 1832 3071 me

159 3127 226 3168 nem
240 3110 321 3166 illum
335 3126 353 3165 e
366 3124 424 3182 quo
438 3109 575 3166 transitur
584 3124 649 3166 rere
657 3126 785 3168 nonesse
795 3112 969 3185 digniorem
1020 3108 1050 3165 iu
1068 3109 1235 3183 analogium
1258 3109 1317 3165 sire
1341 3109 1493 3166 ambonem
1515 3108 1671 3166 ascendere
1690 3109 1787 3182 jussit,
1807 3112 1833 3163 nt

158 3220 245 3263 nemo
268 3203 346 3260 enim
367 3201 514 3277 cuiquam,
527 3202 582 3260 nisi
602 3204 678 3260 torte
695 3205 808 3277 publice
831 3207 911 3280 lapso
935 3208 971 3265 de
1021 3219 1055 3260 eo
1068 3203 1154 3261 etiam
1166 3208 1318 3276 presente,
1329 3207 1358 3261 et
1371 3204 1482 3261 cunctis
1494 3203 1531 3261 ad
1544 3202 1725 3260 audiendum
1739 3202 1830 3270 avidis,

160 3298 293 3373 digniore
320 3297 355 3353 ad
383 3296 577 3370 indigniorem
603 3297 735 3355 ordinem
764 3301 970 3358 transeundum
1021 3297 1139 3355 verbum
1153 3298 1291 3354 doctrinae
1303 3302 1333 3355 et
1343 3297 1553 3355 exhortationis
1561 3297 1704 3355 iacerem.
1717 3296 1798 3364 ilriod
1806 3296 1830 3353 et

159 3397 266 3451 censet.
283 3391 363 3465 illiga
376 3407 445 3464 ergo
458 3392 533 3464 quod
548 3392 600 3461 ris,
615 3395 666 3448 aut
680 3392 880 3451 ecclesiasticis
894 3395 972 3451 ordi·
1020 3409 1073 3466 pro
1089 3392 1206 3449 modulo
1222 3409 1286 3449 meo
1298 3392 1457 3449 secundum
1467 3392 1567 3449 datam
1578 3391 1687 3449 miliia
1702 3393 1829 3465 [teogri-

157 3488 243 3547 nibus
258 3489 497 3560 prursusexutus,
511 3486 658 3543 etsolaac
677 3486 799 3560 simplici
816 3489 972 3546 monastica
1021 3487 1093 3543 tiam
1116 3486 1181 3557 ieci,
1204 3503 1262 3544 non
1286 3490 1346 3543 tam
1368 3503 1445 3557 mea,
1471 3487 1539 3543 licet
1560 3502 1655 3543 auem
1680 3487 1831 3562 episeopus,

158 3581 298 3655 dignitate
319 3585 471 3637 contentus
493 3579 565 3649 rire,
585 3586 635 3637 aut
656 3580 679 3637 ei
700 3580 736 3637 ab
758 3581 804 3638 ilia
827 3583 863 3639 ad
881 3584 972 3640 eccle·
1020 3581 1198 3650 anctoritate,
1213 3598 1300 3655 qnam
1314 3581 1400 3650 illius,
1413 3580 1460 3637 cui
1479 3596 1525 3637 me
1542 3580 1675 3654 oportuit
1694 3580 1833 3639 humiliter

159 3677 285 3734 siasticos
297 3675 413 3733 ordines
425 3680 454 3730 et
467 3673 620 3746 dignitates
633 3674 848 3733 ascendendum
869 3677 922 3733 tibi
935 3677 967 3733 li·
1020 3674 1050 3731 in
1065 3674 1200 3731 omnibus
1214 3674 1341 3733 obedire.
1358 3676 1432 3748 Ergo
1441 3691 1478 3732 ne
1487 3673 1629 3731 trahenda
1638 3676 1700 3732 sint
1709 3677 1833 3733 inexem-

158 3772 247 3828 citum
268 3775 361 3842 putas,
376 3772 404 3824 te
424 3767 540 3824 inierim
556 3768 704 3825 humiliter
723 3768 899 3842 inferiorem,
915 3772 969 3828 cle·
1020 3768 1101 3843 plum
1122 3785 1167 3838 ea,
1183 3785 1248 3842 quas
1265 3770 1338 3825 liunt
1358 3768 1504 3826 interdum
1525 3768 1587 3825 utili
1611 3768 1831 3843 dispensatione,

158 3866 249 3922 ricum
268 3864 331 3936 jam
353 3863 491 3918 veraciter
512 3862 690 3933 superiorem
712 3878 838 3934 mecum,
856 3871 884 3922 et
904 3882 971 3923 cum
1021 3863 1166 3920 interdum
1196 3863 1315 3920 discrete
1344 3863 1547 3936 permissione,
1576 3863 1728 3922 interdum
1752 3864 1832 3922 etism

157 3963 217 4016 tota
231 3957 356 4014 Ecclesia
371 3954 526 4024 confitere3
541 3954 667 4028 alioquin
681 3958 842 4015 necessario
853 3958 973 4016 vinceris
1021 3957 1137 4030 speciali
1153 3957 1282 4030 jussione
1296 3957 1431 4014 adsersus
1446 3973 1490 4029 ee,
1507 3973 1573 4030 quae
1594 3957 1744 4017 immobili
1764 3959 1830 4032 lege,

160 4052 191 4108 ln
210 4052 297 4109 talem
317 4048 449 4106 incidisse
472 4049 656 4120 sententiam,
671 4054 703 4106 ut
724 4051 800 4107 dicas
821 4059 851 4109 et
873 4053 973 4110 doceas
1021 4056 1051 4108 st
1062 4050 1215 4108 invincibili
1229 4051 1398 4108 auctoritate
1413 4050 1598 4110 roborantur.
1612 4052 1711 4110 Absiti

157 4144 237 4219 quod
256 4143 423 4211 monachas,
437 4142 488 4216 qui
511 4141 658 4200 desiderat
679 4160 740 4201 esse
759 4145 888 4217 clericus,
909 4163 971 4203 um·
1057 4144 1200 4201 Perlatum
1220 4148 1263 4201 est
1277 4144 1363 4201 etiam
1381 4144 1419 4202 ed
1443 4160 1504 4215 nos,
1518 4145 1595 4220 quod
1621 4149 1653 4202 tu
1675 4147 1831 4222 aliquorum

156 4239 226 4297 nino
237 4236 350 4294 studeat
365 4253 426 4293 esee
441 4236 572 4293 vitiosus:
584 4237 759 4310 quodquam
770 4239 971 4296 sitabsnrdum
1023 4237 1140 4295 auribus
1158 4238 1296 4296 instillare
1315 4256 1374 4296 non
1394 4240 1504 4311 timeas,
1517 4239 1562 4295 rel
1584 4239 1675 4297 etiam
1689 4241 1831 4299 interdum

157 4338 188 4391 et
199 4329 422 4406 reprehensibile
433 4330 565 4403 judicent
577 4336 636 4388 tam
653 4333 787 4389 monachi
807 4350 896 4408 qnam
914 4334 972 4390 cle·
1023 4332 1101 4406 apud
1114 4333 1225 4406 aliquos
1241 4333 1336 4391 dicere
1351 4350 1409 4391 non
1431 4333 1592 4403 erubesces,
1606 4335 1688 4409 quod
1709 4334 1831 4393 canonici

157 4428 219 4498 rici,
234 4426 284 4501 qui
299 4426 404 4499 ‚ntique
420 4425 559 4482 hactenus
580 4430 660 4483 tanto
676 4426 826 4483 viciniores
842 4444 903 4485 esse
922 4427 1166 4520 sa·1)regulares
1178 4444 1230 4483 nec
1244 4428 1393 4500 parochias
1413 4431 1523 4497 tenere,
1537 4443 1589 4484 nec
1608 4444 1715 4485 curam
1732 4431 1831 4487 anima·

157 4523 212 4581 cris
225 4520 373 4578 ordinibus
386 4518 626 4594 praedicebantur,
641 4523 749 4592 quanto
764 4521 892 4579 melioris
905 4523 971 4579 ritae
1019 4537 1085 4578 rum
1098 4521 1127 4577 in
1141 4523 1246 4594 populo
1259 4522 1386 4594 dirigere
1398 4521 1627 4588 debeant'tluud
1636 4523 1661 4580 si
1671 4540 1775 4582 reram
1784 4528 1829 4592 est,

156 4615 385 4674 inveniebantur.
1019 4614 1056 4671 de
1077 4615 1230 4689 prudentia
1252 4622 1301 4673 tua
1321 4615 1572 4673 vehementissime
1592 4617 1741 4689 admiror;
1760 4619 1830 4693 quis,

191 4706 292 4763 Adbuc
305 4720 375 4777 ergo
385 4703 447 4776 iam
463 4702 578 4759 tandem
593 4708 672 4760 muta
685 4704 868 4776 sententiam,
882 4722 969 4778 quam
1020 4709 1183 4783 quicunque
1195 4710 1251 4766 hoc
1264 4727 1390 4767 asserere
1405 4711 1562 4780 contendit,
1576 4728 1644 4769 cam
1659 4718 1761 4771 tamen
1774 4713 1829 4770 nni·

156 4802 252 4876 potius
271 4799 375 4856 rideris
397 4797 568 4867 somniasse,
582 4812 668 4870 quam
687 4797 782 4872 alique
801 4800 969 4857 auctoritate
1018 4802 1080 4859 ium
1102 4803 1261 4876 sapientem
1283 4805 1336 4861 boc
1358 4805 1481 4861 arbitrer
1503 4805 1621 4878 sentire,
1647 4808 1829 4865 manifestum

154 4897 198 4953 rei
221 4894 330 4951 ratione
361 4891 492 4966 probare.
519 4890 604 4958 Quod
630 4894 727 4948 autem
753 4893 789 4950 de
822 4894 970 4952 miraculis
1019 4896 1127 4954 estboc
1149 4913 1217 4955 eum
1238 4898 1331 4955 iacere
1354 4900 1451 4973 potius
1471 4899 1558 4956 livore
1578 4901 1715 4959 canonici
1730 4901 1830 4959 ordinis

156 4990 231 5048 beati
245 4987 388 5046 benedicti
403 4987 434 5043 in
447 4986 549 5042 litteris
562 4987 617 5043 tuis
632 4986 772 5058 gloriaris,
785 5005 850 5045 cum
870 4992 969 5047 umen
1018 5007 1107 5065 quam
1121 5008 1219 5048 amore
1233 4993 1376 5063 veritatis3
1390 4992 1440 5066 qui
1449 4994 1529 5050 euim
1539 4997 1618 5051 reete
1628 4997 1719 5071 sapit,
1731 5012 1829 5055 omnes

156 5085 294 5141 miracula
315 5098 374 5137 non
397 5082 455 5138 sint
475 5081 506 5137 in
526 5081 691 5153 exemplum
715 5082 866 5153 trahenda,
880 5083 971 5141 miror
1018 5085 1176 5142 sacerdotes
1190 5085 1285 5158 potius
1299 5087 1335 5142 ad
1350 5087 1612 5159 regularemritam
1623 5088 1830 5164 invitatoriam

156 5194 245 5252 quere
265 5177 408 5250 apostolos
428 5179 458 5231 et
480 5173 621 5231 infinitam
642 5190 745 5231 eorum
769 5176 896 5249 turbam,
919 5178 969 5251 qui
1019 5179 1190 5252 regulariter
1211 5180 1371 5237 virenteea
1394 5182 1721 5243 Dominicis-amorium
1742 5188 1829 5243 custo·

156 5288 206 5329 eos
230 5270 392 5339 imitantur,
413 5271 443 5325 et
463 5267 589 5342 uestigiis
607 5284 709 5325 eornm
730 5268 881 5339 inhaerent,
910 5287 968 5328 non
1018 5273 1067 5330 dia
1091 5274 1204 5346 penitus
1229 5279 1386 5345 removeat,
1409 5276 1513 5349 quibus
1537 5279 1618 5334 tantu
1643 5278 1713 5352 pins
1737 5277 1830 5353 displi-

156 5365 279 5433 mireris,
299 5380 351 5437 per
365 5379 436 5436 quos
455 5363 530 5419 lteus
551 5367 593 5419 tot
608 5368 636 5419 et
659 5366 739 5419 tanta
759 5363 837 5432 iecit,
851 5369 881 5421 et
900 5365 970 5422 iacit
1018 5383 1082 5424 cere
1096 5366 1181 5425 debet
1192 5368 1285 5425 aliena
1298 5369 1415 5440 malitia,
1429 5373 1536 5442 quanto
1548 5371 1664 5444 longius
1676 5372 1832 5432 dmm

155 5458 304 5529 miracula,
318 5460 581 5514 utasennmerare
595 5456 672 5513 nulla
686 5472 815 5529 unquam
828 5457 970 5523 sutilciant
1018 5462 1256 5534 dignoscuntura
1270 5480 1331 5529 saa,
1350 5463 1397 5521 cai
1411 5467 1510 5520 tamen
1522 5466 1605 5522 tanto
1625 5468 1757 5525 securim
1773 5482 1831 5523 cre·

149 5552 282 5627 ingenia.
296 5550 380 5618 Quod
389 5565 457 5606 rere
466 5550 601 5624 scripsisti
615 5565 650 5607 ex
662 5550 776 5624 dialogo
786 5553 819 5609 it.
828 5552 967 5626 Gregorii,
1019 5553 1114 5612 denda
1129 5555 1269 5613 correctio
1281 5556 1345 5614 ritas
1358 5557 1470 5623 dune,
1483 5560 1593 5631 quanto
1608 5559 1756 5634 meren
1769 5557 1830 5619 dili·

133 5644 972 5724 eumdemrenerabilembenedictum,presbyterum,qui
1021 5649 1149 5724 gentiam
1159 5649 1481 5725 mainuteorrigsnea
1490 5651 1557 5710 ritas
1568 5666 1831 5731 mensamqu-

117 5744 240 5799 uastos
259 5748 308 5803 est
324 5759 345 5801 s
367 5741 493 5804 diabolo
514 5746 588 5805 aute
613 5748 803 5823 assumptum
825 5744 979 5824 presbyts·
1032 5745 1114 5806 emm
1128 5745 1271 5803 canentes
1290 5743 1753 5815 erdsdaintsuselardsradirn
1771 5748 1829 5827 μι-
