3750 6046
412 194 565 261 nistoriis
586 194 850 261 ECCLESthTlCh.
867 230 899 244 -
914 200 999 258 rans
1017 197 1062 258 lli.
1078 232 1111 242 -
1126 197 1187 258 llo.
1208 192 1264 258 illi.
1620 204 1672 261 902

72 328 100 382 ni
116 327 283 400 potentique
297 327 398 383 marito
415 332 568 401 copularet,
584 347 615 384 ac
629 346 714 401 snper
733 346 795 385 orn·
809 341 838 414 Α
850 327 1008 385 ilannulins
1037 329 1207 408 bajocensis,
1233 328 1348 383 vitricus
1368 341 1445 399 suns,
1460 344 1512 400 pro
1533 331 1670 386 comitatu

72 422 238 477 sarenlclam
254 439 331 476 snam
354 422 457 477 divitiis
475 431 501 477 rt
528 424 682 478 honoribus
709 422 796 477 snbli·
848 426 951 482 aesna
966 422 1027 493 regi
1053 422 1223 489 reddiderat,
1247 423 1371 494 repetiit,
1392 425 1537 495 aliamque
1560 441 1669 495 posscs-

72 535 86 571 ·..
100 517 205 571 Verum
220 517 327 571 meliori
337 518 452 572 coasilio
468 536 515 571 usa
528 525 579 585 cst,
603 535 667 589 quse
691 518 799 571 eoelesti
851 518 970 583 sionem,
984 517 1113 573 corvam
1129 522 1331 586 nnncnputam,
1348 516 1376 571 in
1390 517 1493 589 huglia
1506 517 1666 589 requisivit.

74 628 101 678 o,
126 610 173 663 ilci
198 609 378 682 Virginisque
402 611 481 677 Filio,
506 627 635 665 connexa
657 614 707 665 est.
733 612 800 664 Erat
849 611 903 666 Sed
921 609 1075 681 postulanti
1090 625 1136 664 rex
1156 626 1212 663 uun
1231 608 1388 681 acquievit,
1405 610 1463 665 imo
1478 610 1613 682 injuriosa
1627 611 1668 666 illi

76 703 202 774 prodens
216 707 244 757 et
257 704 387 774 pulchra,
403 705 539 775 eloquens
553 709 582 758 et
593 704 664 759 benc
678 704 801 776 morige-
855 702 1012 775 respondit.
1029 704 1118 757 iratus
1136 703 1231 774 itaque
1250 702 1364 773 juvenis
1381 704 1508 775 protinus
1526 704 1555 759 in
1577 705 1664 759 Naus-

88 797 243 868 mnitisqne
271 797 405 852 decenter
425 797 623 852 honestatibus
652 797 798 852 redimita.
849 797 933 852 triam
956 795 1159 863 transfretavit,
1175 803 1203 851 et
1217 803 1379 867 opportuno
1393 802 1520 870 tempore
1541 804 1667 869 reperto,

84 890 113 944 in
129 890 211 945 bonis
228 890 335 945 utinam
348 893 555 946 consummatio
577 892 613 946 sit
635 891 800 946 hominibus
849 906 865 944 a
881 905 947 961 rege
960 889 1085 957 recessit,
1103 891 1315 961 multorumque
1330 890 1502 948 adminiculo
1515 891 1614 961 fretus,
1632 893 1668 947 de

72 982 123 1051 ilis,
139 991 167 1039 et
180 985 235 1038 beo
247 983 365 1055 piacita!
848 983 1057 1038 Novo-llercato
1093 998 1230 1055 gunnam
1259 984 1289 1037 iu
1323 985 1502 1040 Normanuos
1529 985 1668 1040 acerrime

72 1076 124 1132 lem
150 1083 287 1148 tempure,
312 1077 480 1142 Amalricus,
507 1077 682 1133 Ebrrriceirsis
705 1094 801 1134 comes
850 1077 987 1131 exercuit.
1003 1076 1120 1131 Biennio
1142 1076 1238 1147 utique
1254 1076 1398 1149 praediset
1412 1077 1562 1147 incendiis,
1577 1078 1670 1133 homi·

72 1170 205 1225 ,nimiam
219 1169 442 1225 amaritudinem
457 1171 572 1241 gerebat
590 1171 667 1243 quod
686 1188 798 1243 praepo·
851 1184 979 1241 unruque
1000 1169 1124 1240 capturis
1143 1169 1192 1223 ine
1213 1186 1271 1224 suae
1292 1170 1436 1234 satisfecit.
1452 1187 1504 1225 nec
1522 1171 1557 1225 ab
1572 1172 1667 1242 hujus·

72 1270 147 1335 itque
160 1265 345 1335 gravaringos
362 1264 391 1317 in
409 1269 482 1317 terra
495 1281 546 1318 sna
568 1265 688 1319 nimium
703 1265 800 1320 lurore
852 1262 930 1317 mmli
948 1262 1096 1317 molimine
1109 1263 1240 1330 cessavit,
1254 1263 1346 1318 dorice
1357 1263 1384 1318 ei
1410 1280 1459 1317 rex
1473 1268 1669 1335 competenter

72 1362 104 1411 st.
128 1358 259 1413 insolitas
274 1358 352 1411 enirn
369 1358 532 1412 exactiones
554 1358 751 1429 imponebant,
768 1375 800 1412 ac
850 1354 993 1422 satisfecit,
1007 1359 1036 1409 ct
1050 1371 1185 1427 magnam
1201 1360 1311 1428 partem
1323 1357 1397 1427 juris
1410 1358 1484 1429 qnod
1499 1364 1666 1428 poposcerat
1753 1406 1756 1411 .

72 1450 130 1504 bitu
144 1468 195 1506 sno
209 1451 316 1521 judicia
330 1452 547 1521 pervertebant;
563 1452 682 1506 summis
700 1457 728 1506 et
744 1468 801 1506 me·
851 1448 986 1505 restitnit.

72 1544 123 1599 bus
144 1544 245 1599 multas
267 1545 436 1615 gravedines
459 1544 636 1607 inferebant:
667 1545 717 1599 sed
739 1545 800 1599 lianc
885 1542 978 1597 Mense
1007 1542 1177 1612 Septembri,
1216 1542 1373 1598 amalricus
1409 1549 1438 1598 ut
1461 1544 1668 1615 Gnalerannns,

72 1654 104 1691 us
118 1638 230 1704 viriato,
248 1637 306 1692 imo
325 1638 425 1691 timore
440 1638 515 1708 regis
535 1643 562 1692 et
576 1643 723 1709 potestate,
736 1639 798 1709 agi·
851 1636 956 1707 aliique
981 1651 1052 1707 quos
1078 1652 1165 1708 snpra
1189 1637 1348 1691 memoravi
1370 1636 1405 1691 ad
1430 1640 1550 1694 Crucem
1573 1639 1667 1695 Sancti

72 1736 89 1784 t.
105 1731 175 1784 liam
192 1730 262 1801 ipsc,
281 1731 379 1784 talium
397 1730 518 1795 nescius,
535 1730 562 1784 in
576 1731 681 1801 singlis
704 1732 799 1786 demo·
811 1708 837 1779 B
851 1727 1000 1784 Leudlredi
1016 1735 1219 1797 couvenerant,
1239 1729 1335 1802 ibique
1352 1733 1517 1802 generalem
1530 1732 1663 1802 conjura·
1749 1740 1752 1749 '

72 1840 111 1890 rr·,
136 1824 196 1893 ejus
217 1827 312 1877 tamen
332 1828 409 1877 metu
429 1823 559 1877 militaris
579 1824 696 1878 andacia
717 1841 796 1879 corn·
850 1821 957 1877 tionem
970 1822 1227 1894 pariterlecernut.

74 1916 169 1985 batur,
187 1917 284 1971 dolens
298 1916 373 1988 quod
400 1920 478 1971 tarrla
492 1917 584 1972 subies
604 1917 797 1987 gastaldorum
884 1915 1070 1970 Clandestinae
1085 1915 1199 1971 fraudes
1213 1932 1312 1987 regem
1326 1934 1383 1972 non
1405 1917 1557 1973 latuerunt.
1572 1919 1667 1975 Mense

82 2009 187 2064 incolas
202 2013 390 2081 grassaretur.
408 2009 546 2064 Olhciales
569 2010 635 2064 ruali
653 2012 794 2081 praedoni·
849 2009 937 2080 igitnr
956 2009 1070 2065 Octobri
1091 2025 1140 2064 reu
1166 2010 1313 2081 ingentem
1340 2010 1469 2067 militiam
1497 2012 1669 2085 llothomagi

72 2103 160 2174 ejores
173 2111 255 2157 sunt:
272 2120 410 2173 pagenses
426 2120 528 2174 nempe
549 2104 732 2171 latrunculos,
753 2105 796 2159 ln·
848 2103 956 2171 aseivit,
970 2103 1049 2158 etde
1065 2103 1133 2157 urbe
1150 2119 1317 2174 progressos
1341 2104 1497 2173 Dominico,
1514 2111 1667 2178 postquam

72 2196 795 2268 osendivnrtcndo,devitarepossnnt;versipelles
848 2195 981 2263 consedit,
1011 2196 1207 2268 ignorantibus
1228 2197 1335 2252 cunctis
1356 2214 1413 2269 qno
1440 2198 1480 2253 irs
1502 2199 1599 2267 vellet,
1620 2200 1664 2255 vel

80 2290 207 2345 bedellos
243 2292 404 2344 mullatenus
428 2290 488 2344 sine
524 2290 629 2344 danruo
656 2290 798 2346 declinare
849 2289 917 2361 qnid
929 2289 1123 2356 meditaretur,
1137 2291 1284 2361 {ingonem
1299 2290 1334 2345 de
1349 2291 1530 2347 hiante-Furti
1544 2294 1664 2363 vucavit,

72 2389 104 2439 rt.
848 2383 960 2454 sibique
973 2400 1038 2438 mor
1053 2382 1207 2453 assistenti,
1222 2390 1253 2438 nt
1267 2384 1457 2440 munitionem
1481 2385 1565 2441 castri
1586 2387 1662 2441 hon-

75 2493 168 2531 mosns
187 2477 276 2547 igitar
294 2478 452 2531 amulricus
480 2478 643 2546 Falconem,
668 2479 796 2549 Andaga·
847 2476 984 2533 iisl'ortis
999 2477 1052 2531 sibi
1066 2476 1208 2545 redderet,
1221 2477 1383 2548 imperavit.
1398 2482 1433 2533 at
1450 2479 1505 2547 ille,
1522 2479 1590 2551 quia
1604 2480 1660 2535 doli

72 2571 238 2637 reornitem,
257 2587 341 2625 suarm
366 2571 472 2625 scilieet
495 2578 641 2641 nepotem,
667 2572 796 2642 expetiit,
848 2571 1184 2640 eratconscios,detecta
1199 2570 1298 2626 fraude
1324 2572 1416 2626 subito
1438 2573 1470 2626 lit
1488 2574 1600 2642 aurius,
1626 2577 1665 2646 et,

72 2680 134 2736 ique
147 2663 379 2735 persuasibilibus
392 2665 671 2720 vei-biscommouuit
685 2664 798 2719 nthil·
847 2665 915 2736 quid
931 2664 960 2719 iu
971 2670 1030 2719 tam
1046 2663 1125 2719 brcri
1136 2669 1234 2735 ageret
1248 2664 1367 2719 articulo
1382 2666 1520 2736 temporis
1542 2668 1664 2738 nescius,

72 2757 229 2825 ,liodberti
251 2758 329 2812 dneis
348 2757 416 2824 illio,
434 2757 580 2829 Sibyllam,
601 2759 686 2813 liliam
706 2775 796 2827 snaur,
847 2758 950 2813 annrril
979 2758 1092 2813 tandem
1118 2758 1205 2828 jussis
1240 2757 1391 2828 regalibus.
1427 2758 1558 2815 Timebat
1587 2762 1666 2817 enim

72 2856 178 2920 ageret,
219 2851 299 2921 cujus
330 2852 454 2922 probitas
490 2855 519 2905 ct
552 2851 734 2922 pulchritudo
767 2869 799 2906 ac
849 2852 936 2924 quod,
952 2851 975 2906 si
994 2852 1141 2918 renuisset,
1169 2850 1298 2922 protinus
1324 2851 1443 2907 vinculis
1467 2853 1663 2923 subjacuisset.

72 2961 93 2998 ra
109 2944 269 3014 ingenuitas
290 2945 410 3015 irnperio
437 2944 523 3016 digna
541 2946 683 3000 existeret.
700 2950 734 3000 bt
752 2945 798 3000 ille
848 2950 906 3002 lter
931 2949 1026 3000 autom
1044 2944 1151 2999 amicos
1174 2962 1239 2999 cnm
1274 2945 1322 3000 illo
1351 2946 1460 3001 remisit
1485 2946 1595 3018 fideles,
1614 2947 1665 3020 qni

72 3038 124 3093 :ulo
139 3054 189 3092 suo
218 3039 300 3092 laeile
321 3038 469 3109 acquievit,
495 3045 523 3092 et
549 3039 683 3093 accersito
694 3040 797 3109 juvene
852 3038 1212 3110 reciperentmunitionum
1237 3040 1339 3094 clares.
1364 3039 1414 3095 lile
1440 3056 1507 3096 vero
1523 3046 1667 3098 ntaeon·

72 3132 229 3203 predsrgogis
243 3138 270 3186 et
291 3132 449 3202 pedisequis
465 3132 532 3199 suis,
558 3140 653 3186 natam
678 3132 703 3187 ci
721 3150 800 3186 suarm
852 3140 947 3204 spectu
975 3133 1050 3202 regis
1081 3133 1233 3204 elongatus
1259 3133 1382 3201 evanuit,
1408 3134 1493 3189 celeri
1522 3135 1667 3191 dextrario

75 3225 103 3292 it,
129 3232 157 3278 ct
179 3242 244 3278 cnm
268 3226 376 3290 eadrnn,
404 3225 494 3279 donee
516 3225 730 3280 baerelitarinm
753 3226 801 3295 jus
852 3228 983 3281 currente
999 3229 1104 3293 vectus,
1122 3227 1150 3280 in
1167 3227 1287 3281 introitu
1313 3227 1389 3281 silvas
1415 3228 1506 3283 socios
1535 3229 1662 3301 reliquit.

72 3323 205 3376 seeretnr.
227 3319 472 3373 Ccnnnninnicnm
493 3319 669 3373 consulatum
687 3335 800 3373 coricus·
852 3319 960 3375 Deinde
973 3337 1023 3392 per
1037 3320 1237 3391 compendium
1251 3320 1326 3392 qnod
1342 3320 1445 3375 melius
1458 3327 1586 3389 noverat,
1601 3323 1667 3379 illos

72 3412 173 3466 heinric
204 3412 361 3466 durabimus
389 3429 488 3466 onmes
502 3429 684 3484 quoscunque
698 3413 800 3483 potnit,
852 3413 998 3485 praevenit,
1016 3430 1066 3467 nec
1086 3412 1120 3467 de
1146 3413 1550 3484 equodcscendii,sediratri
1570 3422 1665 3471 suoet

72 3506 211 3560 nsortinm
226 3523 284 3559 sirm
302 3507 389 3576 quartis
409 3505 559 3572 contraxit,
583 3506 744 3577 rrrnltosquc
766 3506 801 3560 ad
853 3507 944 3576 uxori,
958 3506 1076 3577 aliisque
1090 3507 1240 3560 clientibus
1257 3512 1381 3562 castrum
1391 3507 1544 3578 diligenter
1553 3525 1667 3565 servare

72 3604 95 3654 rt
108 3617 136 3653 se
159 3599 257 3654 levitas
281 3599 367 3654 babet
391 3600 630 3663 Normnnnnrnm,
657 3600 751 3654 suellos
774 3605 803 3656 ct
853 3600 997 3673 praecepit.
1015 3620 1028 3652 a
1045 3600 1115 3666 ilex,
1131 3598 1232 3671 inquil,
1246 3600 1302 3654 buc
1317 3599 1393 3655 venit
1405 3616 1472 3655 eum
1483 3618 1534 3656 sira
1546 3603 1664 3673 virtute;

72 3710 90 3748 rs
105 3694 221 3748 invenit.
852 3700 951 3749 coritra
979 3709 1065 3764 quem
1089 3693 1277 3747 munitionem
1299 3693 1373 3747 liuue
1395 3693 1507 3749 fortiter
1524 3701 1628 3751 tenete.
1651 3718 1665 3748 u

72 3787 218 3842 alerannus
239 3788 345 3859 itaque,
369 3804 465 3843 comcs
484 3788 618 3854 licllcnti,
644 3790 672 3842 et
691 3788 803 3842 Gnillel·
853 3788 919 3843 lude
935 3786 1055 3842 iestirnrs
1071 3786 1221 3841 Brionnam
1235 3787 1395 3842 convolavit
1409 3792 1437 3842 et
1452 3789 1547 3844 relatis
1557 3789 1667 3846 casibus

72 3882 98 3935 le
112 3882 256 3947 llolmara,
279 3883 358 3951 lingo
374 3882 408 3936 dc
429 3883 610 3936 hiante-Furti
624 3885 652 3935 ct
668 3883 747 3952 lingo
766 3882 801 3936 de
852 3882 1065 3938 Gnaleraunum
1076 3881 1212 3936 comitem
1229 3882 1401 3953 adapertum
1415 3886 1559 3938 certamen
1575 3901 1668 3941 arma·

72 3976 208 4040 tlastello,
228 3975 390 4029 Guillrlmns
406 3976 537 4047 lupellus
556 3979 585 4030 ct
604 3975 748 4029 llaldricns
766 3975 801 4029 de
852 3976 900 4031 rit.
928 3974 1124 4031 Redeuntibus
1150 3981 1246 4030 autem
1272 3976 1382 4044 amicis,
1406 3976 1454 4049 qni
1480 3993 1508 4032 se
1535 3978 1667 4034 dolebant

72 4071 216 4139 ,l‘agauus
229 4069 263 4122 de
279 4070 406 4137 Gisortis,
423 4076 450 4124 et
467 4070 561 4140 plures
575 4069 621 4123 alii
633 4068 800 4124 lrarrdulen·
852 4069 1000 4125 fraudibus
1019 4068 1145 4141 lingonis
1166 4070 1290 4140 delusos,
1309 4070 1454 4126 animosus
1467 4088 1517 4127 rex
1535 4072 1590 4127 cito
1603 4073 1666 4143 Jus-

72 4164 248 4227 rarissilanles,
277 4163 349 4216 elam
380 4163 458 4234 prius
480 4163 615 4217 consiliati
644 4169 726 4230 suut;
752 4163 802 4217 sed
852 4163 888 4218 sit
902 4163 1006 4217 armari
1021 4163 1125 4218 milites
1139 4180 1213 4231 suos;
1226 4169 1254 4219 et
1267 4164 1386 4236 aggredi
1400 4169 1557 4221 castrenses
1572 4167 1666 4238 impa-

86 4263 149 4327 pusl
160 4257 187 4311 in
201 4257 383 4311 nsanllcstam
394 4257 590 4325 rebellionem,
600 4256 799 4311 addctrimen·
856 4259 940 4310 sartos.
956 4258 987 4311 ln
999 4255 1108 4311 duobus
1130 4257 1229 4326 primis
1256 4256 1356 4312 diebus
1373 4262 1429 4313 tota
1443 4259 1507 4313 villa
1519 4259 1669 4318 combusta

72 4352 122 4418 sni,
147 4354 351 4421 proruperunt.
375 4352 569 4405 Goalcrannns
593 4367 689 4405 comes
711 4351 801 4419 spesi·
851 4356 902 4417 est,
915 4355 944 4404 et
962 4349 1185 4422 munitionsqne
1198 4350 1233 4405 ad
1254 4367 1348 4406 arcem
1364 4356 1448 4423 capta
1468 4357 1520 4408 est.
1541 4353 1666 4410 liodber-

84 4444 203 4499 tirocinii
226 4444 268 4497 sni
287 4443 422 4497 ardenter
440 4449 582 4498 ostentare
603 4443 727 4514 optavit3
753 4444 801 4498 sed
813 4446 842 4519 1)
854 4448 898 4498 tus
910 4443 984 4498 iilius
1000 4443 1078 4514 regis
1099 4449 1128 4498 ct
1153 4444 1279 4514 Nigellns
1302 4444 1337 4500 de
1355 4445 1506 4500 Albiuueiu
1529 4461 1668 4517 magnum

72 4539 124 4592 vine
145 4537 232 4592 diririo
258 4537 424 4608 insipienter
446 4537 597 4605 inchoarit,
613 4537 679 4591 dom
705 4540 803 4592 contra
853 4554 957 4609 agmen
972 4537 1007 4591 de
1021 4538 1216 4605 Constantino,
1232 4538 1351 4609 aliisque
1372 4538 1523 4608 provinciis
1546 4537 1669 4596 adduxe·

72 4648 136 4686 unm
151 4631 358 4702 nutritiumque
379 4647 461 4684 stlttln
484 4630 639 4698 rebellavit,
655 4634 692 4698 et,
708 4631 801 4685 inimi·
855 4634 930 4697 nisit,
942 4630 1116 4686 etlladullns
1130 4630 1166 4685 de
1191 4631 1299 4699 Gauda,
1313 4631 1417 4704 aliique
1438 4631 1544 4687 obsessi
1561 4630 1667 4688 crebris

72 4742 85 4779 n
102 4725 161 4795 ojus
174 4725 298 4794 adjutor,
316 4742 396 4778 arma
411 4725 535 4793 primum
550 4729 647 4779 corrtrn
664 4725 744 4779 illum
762 4725 801 4779 le·
853 4724 1003 4779 assrrltibus
1017 4724 1120 4779 acriter
1135 4724 1211 4779 intus
1225 4724 1366 4780 molestati
1387 4729 1463 4780 suut.
1487 4724 1622 4797 bellique,
1635 4733 1669 4784 ut

72 4820 159 4874 lextra
180 4818 292 4871 levavit.
313 4819 379 4872 Tres
405 4819 510 4888 qnippe
536 4834 647 4872 sorores
671 4834 744 4886 snas,
772 4823 804 4872 nt
853 4835 883 4872 se
897 4818 974 4873 omni
988 4819 1201 4889 conjuratorum
1223 4818 1325 4872 auxilio
1351 4818 1501 4874 destitutos
1525 4819 1667 4889 viderunt,

72 4913 183 4984 sgaliter
206 4913 430 4979 corisolarentnr,
450 4918 478 4966 et
502 4912 560 4983 ipse
573 4912 759 4967 nihilominus
774 4912 803 4966 in
855 4912 927 4967 intra
947 4927 1131 4967 mensurnam
1153 4911 1342 4979 obsidionem,
1358 4912 1462 4966 saniori
1478 4912 1596 4968 consilio
1615 4930 1667 4986 po·

72 5022 90 5059 is
118 5005 243 5076 nudique
270 5005 518 5060 contribulessnos
540 5005 801 5070 corroborarentur,
855 5004 1218 5075 titi,paeemfeccnmt,et
1242 5005 1269 5058 iu
1299 5005 1424 5060 amicitia
1446 5007 1522 5078 regis
1549 5003 1666 5080 recepti,

72 5100 240 5172 rprsecipnis
254 5099 369 5153 deflerat
383 5099 544 5169 oppidanis,
556 5098 803 5169 qnihusbomines
854 5097 951 5152 terrim
970 5098 998 5152 ei
1019 5097 1216 5152 reddiderunt.
1239 5098 1305 5152 lnde
1324 5115 1373 5153 rer
1392 5097 1668 5156 Pontem-Aldcmarl

71 5193 195 5263 inicipia,
213 5193 365 5263 multaeque
381 5193 484 5247 divitiae
500 5191 726 5262 suppeditantur.
742 5192 803 5246 Una
852 5191 933 5259 adiit,
949 5194 978 5247 et
992 5207 1040 5245 scr
1056 5191 1221 5262 septimanis
1235 5197 1358 5246 castrum
1372 5191 1491 5249 viriliter
1504 5193 1624 5250 obsedit.

72 5291 94 5341 st
109 5287 173 5341 data
187 5292 230 5341 est
246 5286 354 5356 {ingoni
369 5286 402 5340 dc
418 5287 613 5351 haurierant,
629 5288 657 5338 ct
675 5285 729 5339 alia
745 5286 801 5339 tin·
888 5283 1014 5339 Adelinae
1027 5300 1102 5352 reru,
1119 5284 1340 5356 qnialtodberti,
1358 5285 1534 5342 deltelleato
1546 5287 1667 5357 comitis,

75 5380 111 5435 de
140 5381 365 5443 Novo-Castalio,
395 5380 451 5433 lilio
473 5379 604 5446 tim-vasli,
633 5379 717 5433 tertia
738 5395 802 5433 vcro
853 5377 1169 5449 bliainit,ctllliocjus
1194 5378 1371 5434 Gualeranno
1395 5381 1509 5451 planam
1534 5382 1667 5438 tellurem

72 5475 134 5528 lrno
149 5473 275 5543 anellu,
290 5472 411 5526 ascelini
431 5474 496 5538 lilio,
513 5473 562 5544 qni
589 5480 652 5542 post
680 5477 801 5526 nantem
852 5471 899 5527 tali
914 5478 1011 5527 tenure
1025 5488 1073 5526 rer
1089 5472 1227 5527 concessit
1238 5472 1275 5528 :si
1295 5474 1374 5545 tluge
1388 5473 1502 5546 pactiles
1518 5475 1554 5531 ad
1572 5476 1666 5548 ipsum

72 5567 121 5624 arti
135 5568 236 5634 tinelli,
257 5566 350 5621 fratris
372 5567 424 5633 sni,
447 5567 567 5636 adeptus
589 5573 631 5620 cst
653 5582 718 5619 cum
744 5569 802 5619 toto
852 5565 1012 5636 repedaret,
1025 5565 1133 5638 sibique
1146 5565 1349 5621 arundelldeiis
1360 5568 1545 5625 etfamiliaris
1558 5570 1667 5625 amicus

72 5661 160 5716 nonio
175 5677 269 5715 arcem
284 5660 319 5714 de
332 5659 434 5713 ibreio.
853 5658 996 5716 existeret.
1008 5657 1096 5727 nouo
1115 5658 1254 5729 audiens,
1269 5661 1359 5732 hugo
1383 5661 1501 5730 spread
1517 5658 1697 5716 temeres&

72 5753 228 5807 llolmosde
242 5753 372 5807 llolmaru
387 5759 495 5810 terram
509 5754 610 5812 matris
629 5773 700 5825 suas,
716 5773 806 5834 qnam
858 5756 1069 5817 exheredatus
1091 5756 1201 5815 maluit
1231 5753 1375 5815 omnbius
1398 5751 1463 5807 suis
1488 5757 1610 5803 meae,
1627 5744 1727 5801 *xm
