3750 6046
100 186 150 247 {83
788 188 950 248 onoanlcl
968 187 1099 246 virttis
1146 230 1149 235 -
1731 185 1781 247 ibi

97 311 128 368 id
146 317 187 368 est
202 311 319 375 bubulci,
336 311 387 368 snb
407 312 525 386 rupibus
540 311 622 385 juxta
642 328 723 371 mare
741 312 853 369 letatus
872 318 916 369 est
925 313 995 404 Ain
1007 311 1140 385 loco,qui
1154 307 1655 385 vocabaturahsngelis(³lt,ignem
1667 325 1781 368 saccom

97 406 194 473 valde3
220 406 375 479 positisque
404 408 523 479 genibus
550 406 703 464 Dominum
730 407 911 479 glorifieavit,
963 406 1016 474 dit,
1040 411 1069 461 et
1093 407 1230 479 reliquias
1252 411 1363 462 sanctas
1387 406 1556 462 comburere
1582 405 1682 462 voluit.
1706 406 1782 463 Tunc

99 514 331 572 opemquesuem
349 500 379 556 in
399 502 493 558 verbis
512 506 541 556 et
558 500 733 556 orationibus
751 500 914 573 benigniter
962 499 1143 573 providentie
1164 500 1213 555 liei
1232 499 1323 555 valida
1340 504 1496 571 tempestas
1512 502 1611 555 exorta
1627 501 1682 566 est,
1695 499 1778 556 rehe-

97 593 212 664 adjecit.
964 609 1106 666 mensque
1122 593 1250 665 procella
1264 593 1342 648 venti
1359 593 1433 649 lacta
1446 596 1497 662 est,
1515 607 1639 665 suosque
1654 593 1699 649 sol
1714 594 1781 649 sub·

132 688 259 760 Cumque
266 689 327 759 jam
340 694 452 760 tempus
465 689 665 759 compleretur,
677 688 745 742 etin
757 687 913 743 [ideChris-
963 687 1050 742 traxit
1070 686 1166 742 radios
1186 690 1215 742 et
1235 686 1362 742 tonitrua
1380 686 1452 742 iacta
1471 690 1537 742 sunt
1555 687 1665 759 gravia.
1687 687 1782 743 imber

97 781 170 837 tiam
191 782 459 855 multiplicarentur,
479 785 564 853 atque
584 780 736 836 simulacra
757 781 913 852 dejiceren·
964 782 1052 836 etiam
1066 780 1206 853 plurimus
1218 798 1235 836 a
1248 796 1332 837 mane
1345 796 1433 852 usque
1445 779 1643 849 advesperam
1658 779 1779 848 effluxit,

98 878 155 944 tur,
178 876 296 947 gentiles
318 879 448 930 sanctum
468 874 615 930 advenisse
637 879 848 946 cognoverunt3
874 876 914 930 ni·
965 877 1006 931 ita
1023 881 1055 929 ut
1073 875 1233 930 habitacula
1251 874 1408 930 multorum
1422 877 1598 943 corruerent,
1615 876 1645 929 et
1662 873 1781 946 plurimi

98 969 215 1040 mioque
236 969 334 1037 livore,
357 971 473 1039 propter
495 967 633 1022 miracula
654 983 719 1040 qua
740 967 776 1022 ab
797 984 830 1023 eo
852 968 914 1023 fieri
964 973 1056 1024 morte
1076 968 1212 1040 perirent.
1233 969 1391 1024 Metuentes
1410 983 1476 1023 vero
1497 967 1629 1024 custodes
1650 972 1779 1023 sanctum

100 1065 309 1132 compererant,
324 1061 427 1133 repleti
448 1066 523 1116 sunt.
540 1061 672 1117 lnlirmos
690 1061 768 1116 enim
784 1061 913 1130 sanabat,
965 1078 1067 1134 corpus
1080 1061 1251 1117 dimiserunt
1264 1064 1293 1116 et
1306 1061 1452 1133 ingerunt.
1464 1061 1517 1117 dlii
1531 1060 1694 1118 deridentes
1707 1061 1780 1117 dice·

98 1154 252 1209 incredulis
277 1155 466 1226 predicabat,
493 1154 620 1210 auditum
648 1155 740 1209 surdis
765 1155 913 1222 reddebat,
964 1154 1035 1210 bant
1048 1155 1123 1226 quod
1139 1154 1251 1227 Serapis
1265 1154 1325 1209 haec
1344 1158 1453 1226 ageret,
1469 1154 1548 1210 etsie
1560 1153 1590 1209 in
1606 1169 1656 1209 sua
1672 1152 1780 1210 testivi-

98 1248 247 1319 risnmque
261 1248 341 1303 cacis
355 1248 540 1303 condonabat.
558 1248 638 1304 illum
654 1248 744 1319 igitur
756 1248 915 1320 apprehen·
966 1251 1024 1304 tate
1036 1247 1185 1304 inimicum
1198 1264 1283 1304 suum
1297 1247 1442 1303 inviseret.

99 1341 167 1396 dere
189 1342 367 1412 querebant,
391 1357 444 1396 nec
466 1341 592 1397 invenire
616 1343 758 1413 poterant.
783 1341 863 1397 Unde
885 1342 914 1397 in
1000 1344 1078 1397 Tunc
1092 1341 1217 1414 religiosi
1232 1342 1284 1396 viri
1298 1341 1445 1397 venientes
1460 1341 1571 1413 justum
1589 1358 1692 1414 corpus
1706 1341 1781 1398 tole·

99 1434 264 1506 spectaculis
286 1434 428 1490 idolorum
447 1451 563 1490 snorum
582 1435 713 1490 dentibus
732 1435 789 1489 suis
808 1434 913 1490 lreme-
964 1443 1043 1504 runt,
1062 1434 1139 1489 etin
1158 1436 1220 1491 loco
1238 1434 1342 1507 lapidis
1361 1435 1447 1490 excisi
1466 1451 1531 1491 cum
1547 1435 1647 1508 gloria,
1664 1451 1703 1492 vn
1717 1436 1780 1492 Kal.

99 1529 177 1597 hant,
200 1529 336 1600 factisque
361 1528 616 1584 comessationibus
639 1527 696 1583 suis
720 1528 882 1583 clamabant
906 1545 913 1583 :
964 1528 1059 1597 lisias,
1078 1528 1260 1600 sepelierunt.
1283 1528 1327 1585 Sic
1347 1528 1447 1584 beatus
1466 1529 1573 1584 hlarcus
1595 1529 1779 1601 evangelista,

100 1643 113 1672 o
134 1624 235 1693 ldagna
249 1621 290 1676 vis
309 1622 395 1692 hujus
413 1621 499 1694 magi.
517 1621 670 1677 »Tandem
692 1621 839 1676 Dominico
860 1623 912 1676 Pa·
965 1622 1076 1695 primus
1094 1621 1271 1677 Alexandria
1287 1620 1391 1694 praesul
1411 1638 1463 1693 pro
1483 1621 1593 1677 Christo
1610 1638 1713 1695 passus
1726 1628 1779 1691 est,

99 1717 184 1783 seha,
204 1715 235 1772 id
254 1721 296 1771 est
314 1732 361 1772 rur
379 1715 438 1770 llal.
454 1715 529 1782 llaii,
543 1731 599 1787 quo
616 1719 746 1787 tempore
766 1702 952 1787 SarapiacaB
965 1719 994 1771 et
1011 1731 1115 1787 corpus
1133 1715 1195 1787 ejus
1214 1715 1345 1771 orientali
1363 1718 1445 1787 parte
1458 1715 1614 1787 repositum
1633 1719 1686 1771 εει.
1700 1716 1780 1781 Quod

98 1810 245 1866 celebritas
265 1808 415 1881 agebatur,
439 1809 620 1864 insidiatores
641 1808 759 1864 adunati
783 1808 914 1879 protinus
962 1813 1028 1883 post
1046 1810 1203 1864 multorum
1221 1808 1362 1864 curricula
1376 1825 1529 1876 annorum,
1545 1815 1662 1881 propter
1680 1810 1778 1865 incur-

98 1903 272 1975 diriguntur,
287 1919 303 1957 a
316 1902 419 1974 quibus
433 1901 476 1956 uir
493 1901 544 1957 liei
558 1901 776 1957 sacratissimam
791 1901 913 1958 oblatio·
963 1903 1059 1959 aiones
1077 1918 1255 1974 paganorum
1270 1903 1321 1975 qui
1339 1905 1428 1957 totum
1450 1901 1599 1958 Orientem
1615 1907 1648 1958 nt
1662 1903 1780 1958 locuste

98 2013 166 2052 nem
193 1994 294 2051 divina
319 1995 460 2066 majestati
486 1994 634 2049 celebrans
661 1995 812 2066 reperitur.
839 1995 913 2050 Con·
964 1998 1147 2068 operuerunt,
1170 1995 1282 2068 sibique
1304 1995 1460 2051 maximam
1483 2001 1597 2067 partem
1620 1997 1720 2052 mundi
1744 1997 1779 2052 ad

98 2090 179 2145 tinuo
206 2088 318 2160 proleni
346 2105 458 2143 servum
485 2087 537 2143 Dei
561 2092 733 2159 rapuerunt,
758 2088 858 2143 funem
883 2088 913 2143 in
963 2090 1180 2145 austrumetad
1194 2089 1360 2162 aquilonem
1374 2089 1558 2162 subegerunt,
1575 2089 1780 2147 fidelesChn's

99 2185 172 2243 collo
185 2184 246 2253 ejas
262 2182 411 2249 miserunt,
429 2181 643 2253 ipsumqueper
656 2186 796 2236 saraiam
812 2182 912 2236 crude·
962 2184 1036 2240 tiani
1051 2183 1220 2257 Aquileiam,
1234 2183 1285 2238 ubi
1300 2183 1410 2255 primus
1426 2181 1568 2238 Christum
1587 2183 1788 2254 annuntiavit,

98 2276 164 2332 liter
181 2280 328 2330 traxerunt
347 2280 378 2329 ut
394 2274 423 2330 in
442 2279 551 2330 terram
566 2275 724 2331 defluerent
741 2290 839 2330 carnes
852 2275 913 2345 ejus
962 2277 1182 2334 transtulerunt.
1207 2276 1395 2348 Aquileiensis
1418 2275 1507 2348 igitur
1527 2277 1633 2348 praesul
1656 2280 1780 2333 shmmn

98 2373 128 2426 et
145 2386 212 2425 saxa
231 2369 416 2425 inficerentur
435 2385 536 2424 cruore
557 2369 627 2439 ejus.
647 2368 702 2423 litis
723 2369 817 2440 itaque
838 2368 911 2422 insa·
964 2370 1181 2442 patriarchatus,
1197 2386 1254 2442 qno
1267 2370 1473 2426 Alexandrinus
1485 2370 1613 2442 pontifex
1627 2370 1694 2425 olim
1710 2370 1780 2442 poti·

97 2464 243 2519 trientibus
260 2469 290 2518 et
304 2463 465 2518 dicentibus
486 2479 493 2518 :
511 2483 525 2512 «
540 2462 700 2518 Trahamns
719 2461 857 2517 bubalum
877 2461 913 2517 ad
962 2467 1007 2519 tas
1027 2469 1079 2533 est,
1100 2480 1177 2519 nunc
1195 2463 1309 2531 retinet,
1326 2468 1356 2518 et
1373 2466 1490 2535 quartus
1511 2464 1625 2535 primas,
1641 2463 1677 2518 ob
1698 2480 1778 2520 reve·

96 2558 159 2612 loca
173 2557 309 2625 Bncolioe;
325 2576 339 2607 o
353 2560 468 2610 sanetus
485 2557 593 2611 Marcus
608 2556 665 2609 lieo
681 2555 788 2626 gratias
805 2554 912 2609 relere-
962 2557 1085 2612 rentiam
1097 2557 1168 2628 ejus,
1182 2558 1211 2611 in
1225 2556 1293 2613 orbe
1308 2556 1420 2624 renitet,
1435 2557 1525 2612 sancti
1538 2556 1669 2612 videlicet
1680 2557 1775 2625 ilorci,

98 2651 156 2718 bat,
173 2651 288 2705 dicens:
306 2671 320 2697 κ
335 2649 443 2704 Gratias
458 2649 509 2703 tibi
529 2665 595 2720 ago,
612 2647 730 2702 Domine
750 2663 830 2702 meus
848 2649 912 2702 iesu
962 2666 1049 2723 quem
1063 2652 1162 2707 Petrus
1181 2649 1304 2722 claviger
1319 2650 1402 2721 regni
1421 2650 1558 2706 coelorum
1573 2649 1603 2704 in
1621 2652 1776 2722 AEgyptum

97 2743 217 2811 Christe,
236 2743 303 2815 quia
320 2742 425 2813 dignus
442 2741 555 2796 habitas
574 2756 638 2795 sum
654 2741 716 2796 haec
729 2757 781 2812 pro
795 2740 911 2797 nominc
961 2743 1120 2812 destinavit,
1145 2750 1174 2798 et
1198 2742 1347 2798 meridiani
1372 2741 1495 2798 climatis
1520 2743 1717 2815 principatum
1743 2744 1779 2799 ad

98 2840 147 2892 tuo
162 2838 232 2908 pali.
247 2855 261 2887 u
960 2836 1116 2892 multarum
1128 2837 1248 2892 salntem
1258 2835 1422 2891 animarum
1432 2835 1584 2892 commisit.
1596 2837 1778 2892 venetiarum

133 2930 388 3001 Advosperescente
402 2927 460 2996 die,
476 2928 617 2984 miserunt
631 2943 697 2983 eum
710 2929 740 2983 in
755 2943 911 2996 carcerem,
960 2929 1107 3002 indigena
1120 2936 1148 2985 et
1157 2928 1346 2986 occidentales
1355 2930 1451 3002 populi
1465 2928 1563 2985 habito
1574 2945 1692 3002 corpore
1703 2930 1778 2985 beati

98 3039 187 3096 nsque
206 3026 411 3094 pertractarent
432 3038 490 3093 qua
509 3036 575 3077 eum
594 3024 686 3076 morte
705 3021 910 3093 disperderent.
922 3070 949 3144 C
963 3024 1144 3096 evangelista
1166 3023 1355 3095 gratulantur,
1379 3026 1407 3078 et
1430 3022 1629 3079 indesinenter
1649 3024 1720 3079 illud
1743 3024 1778 3080 ad

97 3117 178 3174 Circa
195 3116 318 3171 mediam
337 3131 404 3170 vero
423 3117 547 3181 noctem,
561 3114 663 3169 clausis
676 3115 754 3170 ostiis
772 3119 801 3170 et
817 3118 910 3170 custo·
960 3117 1074 3172 laudem
1092 3117 1310 3189 cunctipotentis
1329 3116 1378 3172 Dei
1392 3122 1574 3186 venerantur,
1590 3117 1777 3187 deprecantes

97 3210 180 3265 dibus
203 3215 269 3265 ante
291 3209 366 3264 fores
388 3207 606 3275 dormientibus,
627 3224 692 3263 ecce
714 3213 797 3263 terrae
817 3211 912 3263 motus
962 3215 993 3265 ut
1005 3210 1034 3265 in
1048 3210 1169 3282 collegio
1183 3209 1335 3265 beatornm
1348 3209 1507 3282 computari
1522 3208 1552 3265 in
1566 3212 1707 3266 aeternum
1722 3227 1779 3266 me·

98 3304 188 3360 iactus
206 3310 248 3357 est
267 3319 399 3374 magnus.
417 3302 542 3373 Angelus
557 3305 653 3357 antem
668 3301 777 3356 Domini
791 3302 826 3356 de
842 3302 912 3357 coelo
962 3307 1091 3358 reantur.
1108 3305 1213 3358 Amen.

96 3396 252 3464 descendit,
276 3399 304 3450 et
326 3400 447 3466 tangens
470 3410 537 3449 earm
561 3394 660 3449 dixit:
686 3415 700 3443 o
723 3393 839 3449 Famula
863 3394 912 3449 [tei
1279 3397 1344 3452 xiil.
1365 3400 1462 3453 Lucos.

96 3491 196 3556 ldarce,
214 3490 345 3562 princeps
364 3504 395 3543 ac
413 3492 586 3559 pmpagator
604 3488 846 3544 sanctissimorum
861 3503 913 3559 per
999 3490 1085 3544 Lucas
1106 3490 1291 3561 evangelista,
1316 3491 1432 3546 natione
1456 3490 1553 3562 Syrus,
1576 3492 1655 3563 apud
1678 3492 1777 3548 Antio·

96 3585 248 3655 AEgyptnnr
269 3582 460 3650 decretorum,
476 3597 540 3637 ecce
561 3597 669 3637 nomen
692 3588 773 3636 tuum
792 3582 821 3636 in
839 3581 911 3637 libro
965 3583 1058 3639 chiam
1090 3583 1239 3638 medicinae
1266 3584 1335 3639 artis
1363 3584 1495 3656 egregius
1522 3589 1551 3640 et
1580 3587 1777 3657 apostolorum

95 3677 161 3731 vitea
186 3676 305 3732 coelestis
330 3677 485 3747 ascriptum
509 3679 561 3744 est,
586 3681 614 3729 et
639 3676 806 3730 memoriale
829 3681 912 3731 tuum
961 3676 1064 3732 Christi
1087 3676 1253 3748 discipulus,
1276 3680 1375 3748 postea
1396 3694 1486 3749 usque
1507 3679 1542 3733 ad
1566 3678 1778 3734 confessionem

96 3786 155 3825 non
173 3770 389 3842 derelinquetur
405 3770 434 3824 in
454 3769 601 3824 seculum.
615 3767 712 3824 Socius
727 3769 806 3824 enim
822 3769 912 3825 factus
960 3771 1078 3825 Paulum
1091 3771 1249 3841 apostolum
1262 3774 1384 3839 secutus,
1397 3772 1458 3827 sine
1469 3771 1590 3826 crimine
1603 3788 1778 3844 permanens

96 3879 126 3919 es
139 3879 328 3934 supernarum
344 3863 492 3917 virtutum.
509 3863 579 3917 Nam
594 3866 623 3916 et
638 3862 667 3916 in
683 3863 762 3917 coelis
779 3862 911 3933 spiritum
961 3862 990 3917 in
1013 3863 1185 3934 virginitate,
1207 3864 1328 3919 Domino
1352 3864 1454 3919 maluit
1475 3864 1590 3920 servire.
1612 3865 1659 3920 ilic
1682 3865 1779 3920 divino

96 3960 178 4010 tuum
192 3956 336 4026 colligent,
351 3960 379 4009 et
394 3955 423 4008 in
441 3959 470 4009 te
488 3955 601 4026 requies
614 3971 671 4010 non
688 3955 804 4026 peribit.
819 3976 833 4004 »
848 3956 912 4010 ilaec
960 3956 1121 4012 stimulatus
1132 3957 1265 4028 imperio,
1279 3958 1309 4011 in
1324 3958 1437 4013 Achaiae
1451 3958 1578 4028 partibus
1593 3959 1777 4030 Evangelium

97 4048 216 4103 audiens
236 4049 333 4102 beatus
353 4041 471 4117 Marcus,
491 4064 554 4102 snas
575 4047 610 4103 ad
632 4047 736 4102 coelum
757 4048 911 4103 extendens
960 4049 1619 4121 scripsit,Grecisquelidclibusincarnationem
1627 4051 1780 4106 hominih-

96 4157 209 4210 ananus,
235 4141 334 4196 dixit:
361 4162 374 4187 r
400 4140 512 4196 Gratias
538 4139 589 4195 tihi
615 4158 678 4212 ago,
702 4141 819 4197 Domine
844 4143 910 4197 lesu
960 4141 1016 4197 deli
1027 4142 1187 4196 narratione
1198 4142 1334 4212 ostendit,
1344 4144 1537 4215 eumdemque
1547 4144 1583 4199 de
1592 4144 1681 4216 stirpe
1693 4145 1778 4201 David

19 4250 25 4258 ’
96 4234 216 4303 Christe,
233 4235 301 4305 quia
319 4250 375 4289 non
393 4251 437 4288 mc
453 4234 628 4306 dereliquisti
634 4252 642 4303 3
657 4235 707 4290 sed
725 4251 789 4289 cum
807 4235 911 4290 sanctis
960 4234 1138 4290 descendisse
1155 4236 1332 4291 monstrarit.
1349 4237 1455 4292 Deinde
1476 4238 1564 4292 alium
1585 4237 1691 4293 librum
1712 4255 1777 4311 spe·

94 4328 152 4383 tuis
183 4327 424 4384 commemorasti.
460 4327 582 4382 Obsecro
616 4333 661 4397 to,
694 4328 814 4383 Domine
844 4330 910 4383 Jesu
959 4327 1058 4383 cialem
1069 4328 1167 4395 edidit,
1179 4328 1208 4382 in
1219 4334 1364 4399 quoactus
1374 4330 1565 4400 apostoloram
1578 4336 1606 4385 et
1617 4331 1776 4401 primordia

94 4421 214 4490 Christe,
229 4421 340 4492 suscipe
353 4421 481 4475 animam
500 4435 594 4475 meam
613 4421 641 4475 in
657 4436 736 4492 pace,
752 4425 780 4476 et
792 4436 847 4476 non
863 4434 948 4506 mel)
958 4421 1100 4476 nascentis
1115 4421 1248 4476 Ecclesiae
1261 4421 1421 4477 luculenter
1434 4423 1603 4479 enucleant.
1619 4423 1666 4479 Sic
1682 4426 1775 4496 gemi-

93 4515 209 4588 patiaris
224 4514 330 4569 diutius
351 4513 478 4584 separari
493 4530 510 4568 a
523 4518 561 4569 ιε.
581 4535 596 4563 a
617 4515 680 4569 ilaec
695 4531 761 4569 cnm
782 4514 907 4583 dixisset,
959 4530 1010 4569 nos
1031 4514 1118 4570 Lucas
1138 4515 1304 4585 Theophila,
1323 4515 1352 4569 id
1372 4520 1415 4570 ost
1432 4518 1515 4572 licum
1533 4516 1666 4584 diligenti,
1688 4517 1778 4574 libros

96 4609 231 4664 Dominus
241 4611 321 4664 iesus
334 4608 413 4662 venit
424 4606 460 4661 ad
473 4623 539 4662 enm
553 4607 582 4662 in
596 4606 697 4663 habitu
710 4612 739 4663 ει
751 4608 841 4663 forma
854 4623 909 4680 qna
958 4607 1095 4678 condidit,
1109 4607 1275 4680 cunctisque
1289 4608 1403 4679 gemina
1417 4608 1554 4665 chantate
1570 4610 1776 4681 flagrantibus,

92 4701 189 4756 fuerat
203 4718 267 4757 cum
286 4701 432 4773 discipulis
452 4701 510 4755 suis
530 4703 687 4773 antequam
707 4706 861 4772 pateretur,
881 4704 909 4756 et
959 4701 1117 4772 inspirante
1130 4701 1233 4773 Spiritu
1249 4704 1356 4768 sancto,
1372 4701 1507 4757 exhibuit.
1522 4704 1554 4758 ln
1566 4703 1653 4774 priori
1666 4705 1777 4776 quippe

92 4794 131 4849 ait
148 4812 153 4847 :
171 4813 184 4845 o
203 4796 257 4848 l‘ax
271 4795 333 4861 tibi,
349 4795 440 4850 lderce
454 4800 551 4849 noster
565 4794 746 4866 evangelista.
761 4814 776 4843 »
790 4798 824 4850 nt
838 4794 905 4849 ille:
959 4794 1031 4850 libro
1057 4810 1155 4849 verum
1182 4793 1285 4849 Christi
1312 4794 1503 4850 sacerdotium
1528 4795 1689 4868 descripsit,
1717 4813 1777 4869 quo

93 4906 108 4936 r<
124 4886 242 4953 Gratias,
260 4886 362 4957 inquit,
380 4886 431 4941 tibi
447 4902 513 4957 ago,
529 4887 648 4942 Domine
668 4888 734 4942 iesu
753 4887 875 4942 Christe.
892 4906 906 4940 n
957 4891 1055 4959 Agnus
1068 4887 1118 4943 tlei
1130 4886 1404 4958 pretiososanguinc
1415 4887 1504 4942 effuso
1515 4888 1616 4943 mundi
1629 4889 1777 4960 piaculum

91 4979 170 5033 Mane
186 4982 283 5032 autem
303 4980 386 5046 facto,
405 4980 539 5035 convenit
558 4981 713 5035 multitudo
733 4981 864 5047 civitatis,
878 4984 907 5035 et
957 4981 1090 5052 expiavit.
1107 4981 1138 5034 ln
1159 4979 1289 5049 sequenti
1306 4996 1374 5036 vero
1394 4980 1601 5038 sublimitatem
1620 4981 1776 5039 ineffabilis

92 5071 239 5142 ejicientes
262 5087 328 5126 curn
353 5073 388 5126 de
412 5074 550 5140 custodia,
574 5074 714 5129 miserunt
735 5074 838 5129 iterum
861 5074 874 5128 l
893 5105 905 5115 ·
957 5072 1070 5128 deitatis
1093 5072 1281 5146 deprompsit,
1306 5089 1362 5145 qua
1388 5073 1474 5128 Filius
1501 5074 1550 5129 liei
1571 5075 1607 5130 ad
1631 5075 1777 5131 dexteram

90 5180 159 5219 nem
177 5164 207 5218 in
228 5164 301 5219 collo
321 5165 391 5234 ejas,
411 5172 439 5219 et
458 5166 620 5233 trahebant,
640 5165 786 5222 dicentes:
808 5188 822 5217 e
840 5168 905 5221 Tra-
956 5166 1047 5222 Patris
1057 5166 1087 5221 in
1100 5168 1246 5238 assumpto
1258 5165 1374 5222 homine
1387 5166 1691 5235 ascendit,adrentam
1705 5185 1777 5242 quo·

88 5256 146 5314 hite
160 5257 296 5312 bubalum
311 5257 347 5312 ad
367 5259 428 5313 loca
448 5258 580 5315 lincoliae.
600 5283 613 5310 a
629 5260 757 5333 Cumque
774 5261 905 5316 trahere·
956 5274 1012 5331 que
1036 5258 1158 5329 Spiritus
1181 5257 1322 5314 peracleti
1347 5275 1433 5332 super
1455 5260 1599 5331 apostolos
1623 5261 1654 5315 in
1681 5262 1777 5333 igneis

90 5352 147 5419 tur,
166 5353 223 5406 lieo
241 5351 347 5422 gratias
367 5365 465 5423 agens,
480 5351 541 5407 ait:
562 5375 576 5402 α
594 5355 626 5410 ln
644 5370 745 5409 maniis
764 5357 837 5423 tues,
851 5355 905 5410 llo·
955 5351 1063 5424 linguis
1082 5351 1231 5419 enarravit,
1253 5368 1309 5423 quo
1332 5351 1476 5423 primitiva
1497 5352 1618 5409 Ecclesia
1637 5352 1777 5411 illustrata

89 5444 179 5510 mine,
199 5445 373 5500 commendo
394 5445 524 5517 spiritum
546 5461 655 5502 meum.
677 5468 691 5496 a
713 5449 778 5504 llaec
795 5446 905 5516 dicens,
956 5445 1081 5517 gloriose
1096 5444 1277 5516 splendescit.
1291 5446 1321 5500 ln
1336 5444 1382 5500 his
1396 5444 1507 5501 duobus
1522 5445 1603 5501 libris
1617 5446 1700 5502 Luca
1718 5447 1776 5519 spi·

88 5536 208 5592 tradidit
226 5537 369 5609 spiritum.
386 5539 520 5594 immania
535 5544 633 5596 erstem
653 5541 738 5597 turbe
754 5541 906 5613 gentilium
959 5539 1070 5595 ritualia
1085 5537 1219 5595 archiatri
1238 5554 1303 5594 vera
1321 5537 1463 5596 medicina
1482 5535 1635 5609 iuvenitur,
1655 5555 1714 5611 qua
1733 5540 1774 5598 le·

115 5728 167 5798 tbi)
181 5730 223 5784 ld
236 5731 353 5800 amotos.
368 5732 407 5789 Le
421 5734 544 5789 Prevost.
