3750 6046
65 208 134 263 lais

725 210 871 268 lithOGl.
891 242 926 253 -

944 212 1009 271 LlB.
1029 210 1076 268 lll.
1679 206 1745 264 izit

63 331 152 385 latere
167 330 269 386 Christi
287 331 317 386 in
336 348 420 387 cruce
433 332 601 404 sanguinem
625 336 655 389 et
668 350 775 406 aquam
789 334 877 390 simul
889 336 1098 421 Atrianorum
1122 340 1229 392 sectam
1245 334 1476 390 manifestissima
1490 330 1608 388 haeresis
1621 333 1665 386 est
1676 347 1682 398 ;
1694 344 1747 385 nec
1820 346 1823 351 ·

63 440 199 479 manasse
214 425 243 479 in
263 425 492 497 redemptionem
509 428 610 481 salariis
630 432 733 483 nostrae
748 435 777 483 et
790 429 878 484 totius

62 519 183 573 humani
205 520 329 588 generis,
354 521 506 591 Evangelio
527 525 659 590 testante,
681 522 878 577 indubitanter

63 612 169 666 scimus
182 619 210 667 cl
219 612 371 680 credimus,
383 614 502 685 ideoque
516 620 544 669 et
557 631 610 669 nos
623 615 720 669 vinum
735 621 763 671 et
772 632 877 687 equam

62 706 148 760 simul
164 707 193 761 in
206 723 261 761 uno
276 708 364 761 calice
377 708 460 762 mista
475 714 503 763 et
511 713 673 765 consecrata
687 710 717 763 in
731 709 878 765 remissio·

63 816 131 854 nenr
145 800 275 855 omnium
286 806 466 872 peccatorum
482 802 637 872 ollerimns,
651 806 681 857 et
693 809 810 875 propter
826 804 878 858 hoc

63 894 141 948 hunc
157 894 244 949 ritum
259 894 396 949 olierendi
413 895 557 964 docemus,
573 902 600 951 ci
611 896 717 951 sufficit
733 896 813 951 nobis
826 898 880 952 lor·

64 1004 142 1042 mam
159 988 295 1059 passionis
308 989 412 1043 Christi
425 989 542 1058 imitari,
556 989 623 1061 quia
633 990 767 1045 nolumus
777 991 877 1063 aliqui-

63 1081 117 1137 bus
129 1082 207 1137 novis
221 1082 620 1154 adinventionibusimpcdiri.
631 1083 878 1156 Quidquidautem

66 1179 125 1228 tarn
141 1176 168 1227 in
186 1176 238 1228 hoc
253 1192 340 1246 quam
355 1176 384 1230 in
407 1177 468 1230 aliis
488 1178 674 1231 sacramentis
688 1178 880 1233 ecclesiasticis

64 1268 195 1336 facimus,
209 1273 259 1323 aut
271 1271 429 1324 secundnm
443 1272 566 1342 liguram
580 1288 643 1343 quae
660 1271 815 1342 praecessit,
831 1275 881 1327 aut

64 1363 220 1417 secundum
235 1362 382 1417 veritatem
398 1380 462 1435 quae
478 1365 507 1419 in
521 1365 630 1419 Christo
653 1365 794 1435 apparuit,
810 1365 878 1420 iaci·

63 1471 128 1509 mus
136 1473 145 1523 ;
161 1461 190 1510 et
205 1455 274 1510 nihil
287 1473 320 1510 ex
333 1457 426 1524 nobis,
450 1457 500 1512 sed
515 1458 610 1512 omnia
624 1476 656 1512 ex
673 1460 739 1526 lieo,
754 1458 802 1530 qui
818 1475 878 1513 om·

66 1548 115 1603 nia
130 1549 375 1604 sacramentaliter
390 1553 418 1604 et
442 1551 580 1606 veraciter
601 1552 763 1620 sanctificet,
784 1552 878 1607 existi-

66 1659 189 1698 mamus.

928 431 1046 486 concilia
1060 430 1218 496 vobiscum,
1234 430 1284 485 sed
1297 434 1396 484 contra
1419 444 1468 483 vos
1483 437 1549 481 sunt
1560 425 1739 494 celebranda,

929 530 958 578 et
971 524 1031 578 sine
1044 525 1103 579 nlla
1114 523 1270 595 quaestione
1286 523 1328 578 vel
1343 522 1489 577 audientia
1499 520 1566 575 estis
1577 519 1748 574 anathema·

927 617 1053 685 tizandi3
1076 622 1105 673 et
1128 616 1264 689 quidquid
1283 616 1376 671 facitis
1395 615 1437 670 vel
1461 614 1563 681 dicitis,
1588 616 1680 668 totum
1703 617 1745 667 est

929 711 1132 781 abominabile,
1157 715 1185 765 et
1207 726 1304 766 eoram
1318 711 1375 765 lieo
1389 714 1418 765 et
1442 707 1605 763 hominibus
1619 706 1743 761 deteste-

928 804 984 859 bile
1005 808 1035 859 et
1059 804 1252 859 exsecrabile:
1270 803 1393 858 maxime
1415 803 1440 857 si
1454 818 1562 858 nornen
1586 799 1699 856 Domini
1712 799 1743 855 in

929 913 1036 952 vanum
1050 897 1184 970 accipitis,
1198 900 1227 952 et
1239 897 1450 951 invocationem
1466 899 1572 950 sacratas
1586 893 1741 960 Trinitatis,

929 1007 985 1063 qua
996 991 1155 1046 innomine
1169 991 1259 1051 Patris
1272 996 1300 1045 et
1313 990 1373 1045 Filii
1388 996 1417 1045 et
1436 989 1557 1061 Spiritus
1571 986 1661 1043 sancti
1672 987 1742 1059 bap·

928 1085 1059 1153 tizamur,
1073 1101 1182 1139 cassare
1198 1084 1380 1156 praesumitis.

965 1178 1101 1235 Eusebius
1121 1178 1265 1251 quondam
1287 1177 1462 1233 Nicomediae
1483 1177 1642 1247 episcopus,
1666 1176 1744 1230 totus

930 1272 1032 1328 Ariana
1046 1272 1149 1327 haeresi
1162 1273 1359 1341 fermentatus,
1376 1271 1448 1326 sicut
1471 1273 1570 1324 narrat
1593 1268 1744 1324 historiae

928 1365 1099 1421 'theodorito
1116 1365 1269 1421 venerabili
1282 1365 1412 1436 episcopo
1423 1365 1520 1419 Graem
1532 1378 1664 1419 sermone
1678 1378 1744 1416 vaon-

929 1459 1071 1531 scripta,et
1081 1459 1270 1514 aCassiodoro
1280 1475 1333 1530 per
1342 1457 1533 1529 Epiphaniam
1546 1455 1744 1512 scholasticum

929 1554 957 1608 in
972 1553 1104 1608 Latinum
1119 1555 1248 1608 nastrum
1264 1553 1412 1618 translata,
1426 1567 1565 1622 magnum
1579 1548 1741 1605 Constanti-

930 1664 999 1703 num
1014 1647 1218 1718 imperatorem
1235 1646 1264 1700 in
1278 1645 1416 1700 Asianum
1428 1645 1534 1715 dogma
1547 1643 1737 1715 rebaptizavit.

101 1736 231 1791 Nechiies
247 1736 475 1808 archiepiscopus
489 1737 660 1794 Nicomediae
675 1739 768 1794 dixit:
786 1740 881 1794 Placet
892 1721 919 1793 Β
931 1743 973 1798 lta
981 1741 1059 1795 enim
1067 1740 1107 1795 ibi
1115 1739 1223 1810 legitur
1234 1755 1241 1794 ε
1251 1737 1455 1795 Constantinus
1465 1736 1635 1808 egritudine
1644 1738 1745 1806 eaptus

63 1830 150 1898 ratio,
165 1830 258 1900 placet
272 1830 433 1897 auctoritas,
448 1830 538 1901 placet
557 1832 673 1901 veritas,
693 1833 785 1904 placet
798 1833 878 1900 ritus,

63 1923 157 1993 placet
175 1922 262 1978 ctiam
285 1928 332 1978 tua
359 1924 515 1993 humilitas,
536 1925 627 1996 placet
651 1925 878 1993 insatiabilitas,

62 2015 158 2087 placet
179 2017 331 2071 verborum
352 2022 470 2072 tuorum
493 2019 625 2073 ordinata
638 2020 806 2089 maturitas;
830 2020 880 2075 sed

64 2109 205 2180 superbis
220 2111 352 2165 omnibus
376 2112 511 2181 generale
525 2112 676 2167 concilium
690 2113 785 2168 videre
799 2113 877 2167 desi-

13 2214 16 2221 ·
63 2204 146 2268 dero,
164 2210 193 2258 ut
203 2204 334 2259 omnibus
348 2205 379 2258 in
393 2204 471 2259 idern
485 2205 729 2260 consentientibus
743 2206 771 2261 id
786 2207 880 2278 ipsum

62 2312 163 2352 omnes
182 2296 309 2353 dicamus
328 2298 358 2352 in
373 2299 483 2355 Christo
503 2301 571 2353 iesu
584 2299 706 2354 liorriiuo
720 2302 828 2355 nostro.
846 2301 881 2354 Et

63 2391 137 2444 sicut
152 2407 186 2445 ex
194 2391 289 2445 multis
302 2391 444 2463 purissimi
453 2392 592 2447 frumenti
604 2393 701 2464 granis
711 2398 769 2448 turn
779 2409 879 2464 azyma

63 2500 152 2554 quam
162 2484 597 2553 fermentatahostiaconiicitur,
611 2491 640 2541 et
652 2486 724 2541 sicut
739 2503 773 2541 ex
782 2487 880 2543 multis

930 1850 964 1889 ex
979 1834 1049 1889 urbe
1062 1832 1372 1905 constantinopolitana
1386 1830 1467 1902 quasi
1484 1830 1519 1885 ad
1536 1830 1641 1884 calidas
1656 1843 1744 1900 aquas

930 1943 1062 2000 egressus
1088 1931 1142 1994 est,
1169 1926 1217 1997 qui
1243 1941 1308 1980 curn
1331 1923 1505 1979 Nicomediae
1529 1923 1659 1993 degeret,
1684 1922 1745 1976 lan·

932 2037 1022 2093 guore
1042 2025 1183 2092 gravatus,
1208 2034 1262 2074 nec
1286 2020 1421 2090 ignorans
1448 2018 1514 2072 vitae
1537 2016 1623 2087 liujus
1649 2015 1742 2069 incer-

929 2120 1002 2177 tum,
1018 2114 1143 2185 gratiam
1156 2113 1228 2168 sacri
1249 2112 1427 2184 baptismatis
1447 2115 1489 2167 est
1510 2110 1637 2180 adeptus.
1663 2110 1744 2164 llunc

929 2207 1064 2264 eumdem
1077 2206 1421 2278 Constantinopolitannm
1441 2206 1655 2277 imperatorem,
1672 2201 1745 2255 sicut

929 2306 1027 2357 narrat
1049 2303 1173 2357 ilistoria
1200 2302 1379 2355 ecclesiastico
1394 2298 1447 2369 (39)
1463 2298 1498 2352 ab
1517 2296 1635 2352 Eusebio
1650 2297 1742 2352 Caesa-

930 2395 1014 2451 riensi
1036 2395 1193 2450 Palaestinae
1217 2393 1349 2465 episcopo
1371 2392 1541 2463 conscripta,
1562 2388 1744 2444 beatissimus

931 2506 1006 2561 papa
1021 2488 1154 2543 Silvester
1168 2487 1245 2558 prius
1266 2488 1295 2541 in
1314 2486 1395 2541 initio
1410 2502 1469 2540 suae
1482 2480 1671 2539 conversionis
1685 2482 1743 2537 Ro·

64 2577 125 2632 nvis
140 2578 169 2632 iu
186 2595 273 2633 arnum
290 2578 411 2634 collectis
426 2580 524 2632 vinum
534 2595 701 2650 expressum
715 2580 877 2657 colligitur3
930 2599 985 2637 mm
1002 2582 1077 2636 intra
1089 2581 1224 2653 palatium
1239 2582 1428 2636 Lateranense
1442 2578 1645 2650 baptizaverat.
1659 2576 1742 2630 Utra-

64 2671 261 2727 itaexmultis
278 2676 336 2726 tarn
351 2672 513 2728 Graecorum
528 2688 616 2744 quam
633 2672 796 2729 Latinorum
820 2679 877 2729 tur·
929 2678 1096 2747 queautem
1121 2674 1243 2729 historia
1264 2677 1323 2728 tani
1339 2672 1452 2728 Eusebii
1469 2687 1552 2743 quam
1576 2668 1743 2737 cassiodori,

62 2764 107 2819 bis
118 2781 176 2820 una
190 2771 218 2819 et
239 2781 368 2832 concors,
383 2772 411 2821 et
423 2766 452 2821 id
467 2767 561 2836 ipsum
576 2766 700 2821 sentiens
718 2767 874 2823 constitua·
928 2768 1119 2824 Ecclesiastico
1134 2768 1241 2823 meruit
1251 2766 1388 2837 appellari
1403 2770 1518 2837 propter
1532 2763 1679 2820 veritatem
1693 2779 1741 2819 re·

63 2867 110 2914 tur
122 2860 254 2925 Ecclesia,
271 2860 365 2913 nevel
380 2860 463 2914 nobis
473 2864 599 2914 vestram
616 2877 726 2932 azyma,
743 2861 787 2915 vel
800 2860 878 2916 vobis
928 2880 993 2918 rum
1007 2863 1035 2916 in
1050 2861 1173 2916 Ecclesia
1187 2861 1304 2915 diversis
1316 2859 1489 2931 temporibus
1503 2864 1658 2930 gestarum.
1670 2860 1742 2913 ltem

63 2959 192 3008 nostrum
204 2953 379 3008 fermentum
394 2953 423 3007 in
437 2953 482 3008 die
499 2953 611 3008 Domini
625 2953 674 3008 liat
689 2954 879 3009 damnationis
928 2956 1108 3011 Constantios
1132 2958 1292 3025 Augustus,
1325 2954 1424 3025 magni
1451 2951 1625 3007 Constantini
1650 2951 1741 3018 lilius,

60 3047 213 3117 judicium,
237 3046 305 3100 dum
327 3047 494 3101 altrinsecus
509 3047 576 3102 inde
599 3047 743 3118 surgimus
764 3048 792 3102 in
809 3065 876 3103 con·
928 3050 1029 3107 eadem
1054 3048 1156 3103 haeresi
1171 3048 1368 3115 fermentatus,
1392 3052 1455 3101 eta
1480 3046 1598 3117 praelato
1621 3044 1742 3100 Eusebia

63 3140 234 3207 tentionem,
248 3139 324 3213 quod
334 3141 460 3211 utrisque
473 3141 635 3196 institutum
645 3142 731 3196 estad
745 3142 876 3196 salutem.
927 3141 1098 3199 Nicomediae
1113 3141 1245 3212 episcopo
1260 3140 1459 3211 rebaptizatus,
1484 3138 1626 3194 Liberium
1641 3153 1743 3210 papam

61 3233 150 3305 blagis
173 3233 251 3287 enim
279 3233 436 3287 tamnobis
461 3250 549 3305 quam
572 3235 649 3289 vobis
672 3235 802 3289 timenda
836 3240 878 3290 est
927 3236 1121 3291 venerabilem
1143 3234 1178 3288 ab
1203 3231 1743 3298 exsiliorevocatnm,utsibiconsen·

62 3325 219 3398 periculosa
245 3327 403 3394 contentio,
428 3343 514 3399 quam
542 3327 670 3399 ejusdem
697 3328 878 3400 obligationis
928 3329 1003 3395 tiret,
1018 3334 1046 3382 et
1069 3344 1133 3383 cum
1160 3327 1300 3381 haereticis
1321 3325 1556 3396 rebaptizaretur,
1580 3324 1690 3395 rogavit
1716 3329 1745 3379 et

62 3419 174 3473 diversa
188 3420 375 3475 consuetudo.

331 3527 525 3582 cuminian
543 3529 608 3580 iii.

133 3622 171 3673 lic
186 3619 337 3675 Graecorum
352 3626 376 3674 ct
383 3622 550 3745 oLattmomm
568 3624 646 3675 uarie
659 3627 684 3675 et
699 3622 806 3675 ‹tiaerso

399 3708 434 3760 ap
449 3694 552 3746 arante.

927 3421 1078 3494 imperavit
1095 3439 1100 3474 :
1117 3420 1194 3492 quod
1208 3420 1387 3474 beatissimus
1399 3434 1473 3488 papa
1489 3418 1606 3471 minima
1619 3416 1695 3470 lecit.
1710 3417 1745 3471 Et

928 3516 993 3570 licet
1013 3514 1106 3569 cidem
1132 3514 1296 3568 Constantio
1321 3512 1456 3566 lrmretieo
1481 3526 1510 3564 se
1525 3510 1635 3581 publice
1650 3508 1678 3563 in
1691 3508 1744 3563 hoc

927 3611 1094 3680 opponeret,
1111 3610 1207 3660 tamen
1222 3611 1339 3677 propter
1362 3620 1429 3659 curu
1455 3604 1544 3658 multa
1559 3602 1692 3657 haeretica
1713 3601 1744 3656 in

927 3701 1026 3757 multis
1044 3702 1217 3773 supportans
1242 3698 1437 3754 dissimulavit.
1463 3698 1541 3753 ldern
1565 3694 1744 3753 Constantius

95 3791 245 3848 dnselmus
257 3792 488 3864 llavelbergcnsis
499 3792 728 3863 episcopusdixit
740 3810 746 3846 :
762 3793 878 3864 Sapicn·
926 3798 1071 3866 Augustus
1095 3793 1232 3848 decollari
1258 3792 1394 3864 praecepit
1416 3791 1537 3846 Felicem
1549 3805 1667 3862 papam,
1680 3806 1742 3844 snc-

60 3893 121 3943 teni
144 3892 171 3941 tc
204 3887 232 3941 in
255 3887 389 3940 omnibus
410 3887 501 3940 verbis
523 3889 577 3940 tuis
599 3890 627 3941 et
654 3886 810 3941 discretum
833 3888 875 3941 in·
927 3905 1068 3944 cessorem
1081 3872 1196 3955 Liberii,
1212 3904 1245 3942 oo
1256 3885 1332 3958 quod
1343 3886 1534 3940 declaraverat
1547 3883 1742 3939 eunrhaereti-

58 3981 161 4048 venio,
177 3985 205 4036 et
219 3980 283 4033 idco
298 3996 367 4050 rogo
384 3996 419 4034 ne
437 3979 531 4052 pigeat
544 3986 571 4033 te
586 3981 677 4034 adhuc
690 3996 792 4051 parurn
817 3998 876 4035 res·
927 4000 1004 4049 carm,
1027 3988 1054 4037 et
1081 3981 1205 4037 secondo
1225 3980 1430 4051 rebaptizatum
1445 3996 1462 4034 a
1485 3979 1604 4050 praelato
1623 3976 1743 4034 Eusebio

61 4074 198 4146 pondere,
218 4080 245 4128 ct
260 4091 304 4128 nie
320 4090 375 4126 nan
392 4090 495 4145 parurn
518 4074 671 4127 mirantem
685 4074 818 4144 expedire
841 4075 877 4127 dc
928 4075 1102 4130 Nicomediae
1117 4075 1250 4146 episcopo
1263 4075 1344 4144 juxta
1355 4073 1547 4128 Nicomediam
1562 4071 1668 4126 invilla
1680 4086 1744 4143 quae

62 4172 116 4223 hoc
142 4168 215 4238 qriod
232 4184 277 4220 mu
296 4171 399 4221 moret.
416 4167 492 4221 Sicut
507 4168 600 4233 audio,
615 4167 788 4221 consuetudo
802 4167 878 4237 apud
928 4168 1091 4241 appellatur
1099 4166 1338 4239 Aquilonetluod
1349 4166 1372 4220 si
1381 4167 1435 4220 faex
1443 4166 1498 4237 (io)
1513 4165 1642 4236 ejusdem
1655 4165 1745 4219 lucre-

60 4279 110 4316 vos
125 4264 176 4327 ost,
192 4267 224 4314 nt
237 4261 260 4314 si
285 4261 398 4331 (perennio
415 4261 528 4314 Graecus
543 4276 663 4314 risorem
678 4260 808 4314 Latinam
825 4260 876 4314 du·
928 4279 992 4317 seos
1004 4262 1096 4316 adhuc
1113 4264 1212 4315 manci
1226 4261 1253 4315 in
1268 4266 1354 4331 gente
1375 4260 1546 4326 Graecorum,
1563 4257 1695 4313 videlicet
1713 4262 1744 4311 ut

60 4371 125 4409 cere
153 4355 280 4418 volucrit,
304 4353 375 4406 sicut
401 4354 569 4423 plerinnquc
592 4354 679 4418 lit,et
697 4353 770 4407 sicut
791 4353 877 4407 etiarn
928 4355 1042 4411 aliosin
1067 4355 1184 4409 riornine
1207 4361 1311 4409 sancte,
1323 4353 1472 4408 Trinitatis
1485 4352 1640 4423 baptizatos
1657 4351 1692 4405 ad
1713 4366 1745 4404 se

61 4449 137 4503 inter
157 4463 290 4519 personas
303 4448 467 4515 arrgirstalcs
483 4464 557 4517 sape
572 4446 678 4501 lactans
694 4463 754 4501 esse
773 4446 1074 4519 digno-Dvenientes
1101 4464 1152 4503 suo
1176 4447 1231 4502 ritu
1251 4447 1437 4517 rebaptizent,
1463 4445 1541 4516 quid,
1563 4460 1669 4515 quaeso,
1691 4450 1743 4509 est,

61 4543 159 4608 scitur,
184 4542 259 4612 (pared
277 4543 354 4611 prius
378 4540 624 4594 olcosanctilicato
649 4541 677 4593 in
693 4557 758 4594 vase
782 4541 877 4611 aliquo

60 4636 154 4689 iulaso
170 4651 232 4688 carn
250 4634 430 4705 portenditis,
442 4640 468 4687 et
483 4651 534 4703 per
548 4637 640 4687 totum
651 4650 753 4704 corpus
766 4633 876 4698 lavatis,

58 4732 87 4783 et
113 4728 152 4782 sic
176 4727 295 4782 demnm
319 4729 396 4798 (perusi
423 4728 451 4781 in
478 4727 567 4780 ritum
592 4731 621 4780 et
645 4727 737 4798 legem
754 4734 877 4780 vestram

57 4822 200 4877 transiens
220 4821 402 4876 matrimomo
423 4823 592 4892 copulatnr;
616 4821 691 4891 quod
708 4836 797 4891 qirare
817 4821 876 4888 liat,

58 4915 82 4970 si
93 4919 189 4969 tamen
200 4915 241 4982 lit,
257 4916 361 4986 oppido
371 4916 443 4969 scire
457 4915 575 4968 vellem:
593 4914 703 4967 videtur
713 4914 791 4967 enim
802 4931 880 4984 quaen

60 5009 129 5063 darn
144 5009 237 5063 ferma
260 5025 319 5063 esse
334 5008 535 5079 rebaptizandi.
561 5008 637 5061 Etsi
662 5008 701 5061 ita
725 5010 776 5072 est,
801 5007 876 5078 quad

56 5107 173 5157 nostros
189 5101 313 5171 latinos,
331 5102 373 5155 vel
389 5102 476 5173 ctiam
501 5101 612 5171 aliquos
639 5100 813 5155 Christianos
825 5099 877 5153 sub

55 5195 235 5251 invocatione
261 5198 367 5249 sanctae
391 5195 537 5248 Trinitatis
562 5193 715 5265 baptizatos
745 5210 875 5264 quoquo-

56 5287 877 5360 modojudicatisrebaptizandos3p1anejaxtaqoamdam

88 5546 138 5608 (39)
154 5547 272 5596 ilistoria
286 5545 468 5596 ecclesiastico.
493 5546 534 5597 De
551 5546 637 5610 gestis
657 5544 780 5596 silvestri
800 5557 878 5610 papae

53 5618 200 5682 cogitavit,
216 5631 281 5681 qnae
296 5617 564 5669 circumferebantur
581 5616 634 5668 sub
650 5616 765 5668 Eusebii
784 5616 877 5668 Caesa·

54 5689 158 5740 riensis
170 5689 293 5751 nornine,
304 5691 334 5738 ut
344 5702 409 5740 cum
422 5688 543 5750 aliunde,
556 5692 616 5739 tum
626 5701 642 5740 e
651 5688 794 5739 Retramni
804 5687 877 5738 libro

53 5772 87 5813 xv
103 5760 291 5824 oppositorum
304 5760 436 5813 adversus
451 5760 563 5816 Grecos
580 5759 710 5817 dicimus.
726 5760 798 5830 Qua
812 5761 881 5831 qui-

929 4559 1016 4614 quare
1036 4546 1172 4596 vocentur
1184 4539 1334 4595 Christiani
1349 4539 1363 4594 ἱ)
1377 4539 1509 4610 Quisquis
1524 4538 1602 4592 enim
1618 4536 1743 4607 rebapti-

928 4637 1050 4690 zandum
1076 4638 1165 4707 putat,
1190 4634 1325 4687 virtutem
1348 4636 1453 4687 sancta
1476 4631 1629 4700 Trinitatis,
1642 4631 1672 4684 in
1686 4626 1744 4701 oua

927 4728 1084 4800 baptismus
1108 4727 1265 4783 catholicus
1280 4728 1321 4793 sit,
1348 4732 1445 4797 nogat,
1470 4725 1574 4795 etjam
1600 4723 1745 4796 J'udicatus

928 4826 980 4876 est.

963 4916 1095 4971 Nechites
1123 4916 1352 4986 archiepiscopus
1390 4911 1560 4966 Nicomediae
1587 4911 1684 4966 dixit:
1713 4909 1743 4965 Si

928 5009 1021 5064 Latini
1035 5010 1105 5064 ritus
1119 5009 1282 5063 Graecorum
1298 5024 1329 5061 ex
1344 5005 1456 5076 integro
1470 5009 1596 5072 nossent,
1612 5020 1671 5059 non
1683 5009 1742 5058 tam

927 5103 1009 5158 lacile
1034 5119 1082 5157 eos
1113 5101 1367 5165 calumniarentur,
1389 5114 1442 5153 nec
1469 5099 1497 5152 in
1518 5097 1557 5151 eis
1581 5100 1639 5151 tarn
1662 5097 1743 5152 facile

928 5195 1193 5250 scandalizarentur.
1209 5194 1261 5250 Sed
1274 5209 1332 5247 non
1355 5198 1397 5246 cst
1421 5191 1585 5246 mirandum
1605 5190 1674 5246 side
1688 5190 1743 5246 hoc

927 5305 984 5344 non
1012 5292 1087 5344 recto
1105 5287 1248 5359 judicant,
1263 5285 1378 5341 tametsi
1391 5289 1500 5340 rectum
1514 5285 1550 5339 sit
1570 5282 1645 5356 quod
1659 5284 1741 5356 igno-

928 5548 991 5599 dem
1011 5550 1088 5613 gesta
1106 5545 1259 5597 etiamnum
1280 5544 1309 5594 in
1329 5541 1504 5594 Bibliotheca
1524 5541 1553 5594 S.
1577 5541 1707 5595 Germani
1728 5554 1744 5591 a

927 5618 1016 5668 Pratis
1030 5620 1185 5668 serventur.

957 5689 1007 5753 (till
1021 5688 1098 5753 Quod
1108 5688 1132 5741 at
1144 5687 1208 5753 [aa.
1218 5687 1267 5738 lta
1274 5682 1594 5737 emendavitiaaanns
1602 5694 1616 5724 κ
1628 5676 1775 5726 aemam

931 5760 1062 5818 ediderat
1077 5774 1136 5829 aaa,
1148 5764 1181 5816 et
1190 5749 1540 5825 conseranensem
1549 5749 1639 5795 secio.
