3750 6046
154 202 222 261 {627

151 421 273 492 Dignum
295 435 420 490 namque
441 425 468 475 et
482 419 625 475 honestati
643 419 815 474 conveniens
829 435 889 474 esse
905 418 968 490 dig·

152 513 288 580 noscitur,
306 513 399 585 utqui
415 513 451 567 ad
467 529 563 568 earum
578 513 720 585 regimen,
735 512 856 567 llomiuo
872 512 968 583 dispc-

152 610 249 675 uente,
261 608 399 680 assumpti
413 624 520 674 sumus,
533 623 580 661 eas
591 610 619 661 et
629 624 646 661 a
656 623 808 678 pravorum
819 606 969 661 bominum

152 702 279 772 nequitia
292 707 436 768 tueamur,
451 706 479 756 ct
495 703 525 756 B.
539 702 614 756 Petri
627 704 711 771 anua
725 699 969 770 sedisapostolicae

153 794 312 866 patrocinio
325 794 498 849 muniamus.
516 796 681 864 Eapropter,
693 794 787 848 dilecti
803 793 831 847 in
845 793 967 848 Domino

151 889 212 956 lilii,
228 889 326 943 vestris
340 888 425 959 justis
443 887 679 959 postulationibus
694 889 850 942 clementer
865 887 966 941 aimul-

151 999 231 1048 mus,
257 988 285 1037 et
315 982 464 1053 praefatum
493 981 697 1037 monasterium
722 981 750 1035 in
781 997 838 1051 quo
871 980 967 1035 divino

152 1076 308 1148 mancipati
330 1076 398 1131 estis
416 1075 563 1146 obsequio,
579 1075 630 1130 sub
645 1075 721 1130 beati
737 1075 810 1130 l‘etri
827 1078 854 1128 ct
872 1078 968 1128 nostra

151 1169 329 1241 protectione
346 1170 513 1241 suscipimus
532 1174 560 1223 et
578 1168 725 1240 praesentis
744 1168 840 1240 scripti
857 1168 967 1239 privile·

151 1263 199 1333 gio
219 1264 445 1330 communimus3
463 1267 627 1330 statuentes,
650 1268 679 1316 ut
699 1279 884 1335 quascunque
903 1279 966 1334 pos·

150 1359 297 1424 sessiones,
313 1374 490 1429 quaecunque
504 1357 580 1411 bona
597 1357 674 1411 idem
689 1359 895 1411 monasterium
911 1357 966 1410 iru-

151 1451 369 1522 praesentiarum
390 1452 467 1521 juste
494 1454 524 1505 et
546 1450 679 1505 canonice
705 1450 838 1521 possidet,
861 1453 910 1504 aut
937 1451 966 1504 in

838 201 976 257 ABRlAb'l
997 201 1028 255 tv
1047 200 1143 257 PAPAE

150 325 351 397 tranquillitati
370 324 529 393 salubriter,
547 325 703 381 auxiliante
720 326 790 391 Deo,
804 325 967 395 proridcrc.
979 336 1009 409 Α

1779 196 1842 249 tote

1381 322 1465 377 cccl.

1018 419 1178 475 Monosterii
1190 418 1426 485 Praeseninpensis
1446 415 1560 469 tutelam
1574 417 1702 486 suscipit,
1721 414 1842 484 lanaeque

1291 515 1322 551 oc
1331 498 1399 566 jetra
1413 500 1565 566 confitebat.

1259 595 1410 665 (Laterani,
1435 594 1524 666 April.
1554 594 1590 665 l.)

1161 690 1261 759 [llesn
1275 689 1414 759 lletropol.
1429 688 1542 750 Satist„
1556 688 1604 756 lll,
1622 686 1699 757 l3l.]

1053 800 1193 852 Annianus
1207 795 1477 867 episcopusservus
1492 810 1642 849 serrorum
1656 791 1725 860 Dei,
1737 791 1843 847 dilectis

1018 893 1083 947 liliis
1096 894 1198 948 Enaoar
1213 891 1308 947 abbati
1324 891 1488 947 monasterii
1507 891 1533 945 S.
1550 888 1669 961 Georgii
1691 887 1841 943 l‘rnteuiu·

1018 987 1112 1057 gensis
1136 987 1253 1056 ejusque
1280 984 1415 1040 fratribus
1444 990 1504 1039 tam
1531 982 1730 1056 praesentibus
1757 999 1840 1053 quarn

1016 1079 1119 1135 futuris
1134 1079 1294 1150 regularem
1310 1079 1397 1133 vitam
1411 1078 1553 1149 protessis,
1571 1077 1600 1130 iu
1616 1081 1808 1147 perpetuum.

1052 1174 1093 1229 nd
1114 1173 1167 1227 hoc
1188 1172 1354 1227 universalis
1369 1172 1501 1226 Ecclesiae
1515 1187 1584 1225 cura
1601 1170 1689 1225 nobis
1711 1186 1730 1223 a
1750 1169 1840 1241 prori-

1017 1284 1079 1322 sore
1097 1267 1226 1323 omuinm
1247 1267 1386 1322 bonorum
1403 1268 1460 1321 beo
1480 1264 1637 1320 commissa
1657 1269 1714 1329 est,
1732 1270 1763 1316 ut
1779 1263 1838 1317 reli·

1017 1362 1111 1432 glosas
1133 1361 1286 1431 diligamus
1310 1375 1453 1430 personas,
1475 1363 1503 1413 ct
1523 1357 1768 1428 beneplacentem
1788 1358 1839 1411 beo

1018 1454 1190 1525 religionem
1211 1453 1375 1508 studeamus
1397 1453 1488 1507 modis
1507 1451 1646 1505 omnibus
1668 1466 1836 1521 propagare.

150 1545 278 1600 futurum
298 1545 479 1599 concessione
499 1545 675 1615 pontificum,
696 1543 844 1613 largitione
865 1560 966 1615 regum
1017 1549 1072 1603 Nec
1091 1548 1168 1603 enim
1188 1550 1243 1603 lleo
1263 1554 1361 1619 gratus
1382 1546 1533 1618 aliquando
1552 1544 1719 1599 larrrulatus
1734 1544 1837 1615 impen-

151 1640 193 1694 vel
213 1639 386 1711 principum,
410 1638 551 1693 oblatione
571 1638 709 1707 lidelium,
730 1654 780 1691 seu
801 1638 863 1692 aliis
883 1637 967 1709 justis
1017 1642 1102 1704 ditur,
1117 1641 1171 1695 nisi
1189 1657 1223 1695 ex
1239 1641 1384 1696 charitatis
1399 1640 1491 1694 radice
1509 1638 1677 1711 procedens
1692 1654 1710 1691 a
1724 1638 1837 1709 puritate

152 1733 254 1799 modis,
281 1739 417 1803 operante
445 1731 576 1800 Domino,
604 1732 709 1802 poterit
735 1732 862 1802 adipisci,
886 1706 1162 1805 lirmassreligionis
1182 1735 1270 1791 fricrit
1285 1736 1476 1788 conservatus.
1491 1732 1615 1803 Oportet
1637 1732 1733 1802 igitur
1747 1747 1836 1785 onrucs

152 1826 232 1881 robis
256 1826 412 1896 vestrisque
439 1826 645 1880 successoribus
671 1831 699 1880 et
724 1826 831 1880 illibata
853 1843 966 1896 perma-
1017 1828 1186 1884 Christiana
1208 1828 1273 1882 lidei
1298 1830 1442 1882 amatores
1468 1825 1644 1895 religionem
1674 1823 1793 1893 diligere
1813 1829 1835 1877 et

151 1925 247 1974 neunt.
263 1923 293 1975 ln
307 1920 410 1991 quibus
423 1921 484 1973 baec
497 1919 619 1991 propriis
632 1919 766 1974 duximus
779 1920 968 1990 exprimenda
1017 1923 1077 1977 loca
1097 1922 1281 1989 rationabilia,
1296 1938 1361 1975 cum
1383 1921 1449 1991 ipsis
1468 1920 1601 1990 personis
1618 1919 1720 1973 (lirino
1736 1917 1834 1971 servitio

151 2013 320 2068 rocalnilis:
1019 2015 1188 2085 mancipatis
1205 2014 1341 2068 attentius
1356 2014 1518 2080 conlorere,
1535 2018 1567 2066 ut
1584 2011 1677 2066 nullis
1694 2026 1834 2081 prasonem

188 2107 340 2161 Ecclesiam
375 2108 403 2161 in
436 2107 710 2173 llermenstwillare,
745 2106 893 2161 ecclesiam
931 2106 966 2161 dc
1018 2108 1168 2163 hominum
1181 2108 1325 2179 agitentur
1340 2106 1488 2175 rriolestiis,
1504 2107 1549 2160 rel
1564 2104 1746 2177 importunis
1759 2121 1835 2173 anga-

152 2201 255 2266 llousb,
275 2200 424 2254 ecclesiam
444 2202 479 2254 dc
500 2200 608 2266 Stanes,
629 2199 775 2254 eeclesiam
798 2199 832 2253 de
854 2201 965 2267 lbschc,
1018 2202 1066 2256 riis
1089 2202 1244 2271 agitentur.
1259 2201 1347 2272 Hujus
1367 2200 1408 2254 rei
1430 2200 1533 2271 gratia,
1551 2199 1654 2254 dilecti
1675 2198 1705 2252 iu
1727 2196 1833 2263 beurim

152 2294 301 2348 ecclesiam
330 2294 365 2347 de
393 2294 524 2359 l'oliwilo,
547 2293 691 2347 ecclesiam
720 2293 754 2347 dc
781 2294 966 2363 Egenwilare,
1017 2295 1286 2365 lilii,restrisjustis
1306 2293 1544 2365 postulationibus
1563 2289 1831 2348 clementcrannni·

151 2388 301 2442 ecclesiam
314 2388 349 2442 de
363 2388 493 2455 ltnrdorl,
505 2387 652 2441 ecclesiam
667 2388 700 2442 de
715 2387 867 2454 Urtccbun,
884 2390 968 2442 eccle·
1017 2406 1081 2443 mus
1096 2395 1123 2442 et
1136 2388 1285 2459 praefatum
1301 2387 1377 2443 Beati
1395 2387 1508 2457 Georgii
1528 2386 1764 2457 Pruseningeuse
1780 2398 1832 2436 uro·

151 2482 221 2535 siam
244 2482 278 2536 de
297 2482 467 2536 Tellewilare
488 2485 516 2536 et
539 2482 686 2536 ecelesiam
708 2482 743 2535 de
763 2482 965 2537 cohelinchon.
1017 2482 1184 2547 nnsterinm,
1202 2482 1229 2535 in
1244 2498 1300 2552 quo
1316 2480 1411 2535 divino
1426 2480 1583 2551 mancipati
1603 2479 1676 2533 estis
1696 2478 1830 2547 obsequio,

152 2574 223 2630 Cum
250 2579 346 2629 autern
374 2592 528 2629 commune
556 2575 738 2629 interdictum
766 2578 843 2628 terra
869 2576 966 2642 suerit,
1016 2576 1052 2630 ad
1078 2575 1227 2646 exemplar
1253 2574 1468 2646 predecessoris
1495 2574 1586 2628 nostri
1613 2576 1724 2627 sancte
1749 2586 1830 2626 recor·

150 2668 233 2723 liccat
248 2668 337 2734 robis,
352 2669 573 2738 elausisjanuis,
588 2684 645 2721 non
659 2668 774 2738 pulsatis
792 2667 966 2722 tintinuabu-
1017 2669 1138 2724 dationis
1160 2668 1281 2740 Eugeuii
1304 2685 1396 2739 papae,
1421 2667 1472 2722 sub
1495 2666 1572 2721 beati
1596 2668 1678 2721 l’ctri
1702 2671 1730 2721 et
1749 2670 1832 2720 nostra

151 2762 196 2829 lis,
222 2763 339 2817 exclusis
366 2762 620 2817 excommunicatis
651 2765 680 2815 et
705 2762 872 2824 interdictis,
900 2778 965 2832 sup-
1017 2763 1195 2833 protectione
1215 2761 1393 2832 suscipimus,
1411 2766 1440 2814 et
1460 2761 1613 2831 praesentis
1636 2762 1734 2831 scripti
1756 2760 1833 2832 priri-

151 2873 248 2928 prcssa
267 2873 335 2910 rore
356 2856 451 2910 divina
469 2856 560 2910 allicio
579 2855 733 2910 celebrare.
751 2855 881 2909 Obeunte
901 2871 967 2910 rero
1017 2855 1497 2923 legiocernimunimus3statuentes
1510 2858 1543 2908 ut
1557 2870 1744 2925 ipurncunquc
1758 2855 1830 2917 bona,

152 2953 180 3004 te
203 2966 278 3003 nuiic
299 2949 427 3020 ejusdem
443 2950 496 3004 loci
515 2949 625 3015 abbate,
644 2948 687 3002 rel
708 2954 820 3002 tuorum
839 2949 968 3019 quolibet
1017 2966 1194 3020 quaecuuque
1210 2948 1401 3018 possessiones
1413 2947 1449 3002 ab
1463 2946 1569 3001 Ottoue
1586 2946 1678 3001 aona
1696 2950 1831 3003 memoria

151 3058 356 3109 successorum,
372 3043 466 3096 nullas
483 3042 522 3097 ibi
539 3041 665 3113 qualibet
682 3041 871 3112 subreptionis
890 3048 965 3096 astu·
977 3073 1004 3146 C
1018 3042 1202 3113 babergensis
1222 3042 1369 3112 episcope,
1385 3039 1526 3110 Egilberto
1547 3043 1577 3094 ct
1598 3040 1763 3096 Eberhaldo
1781 3044 1830 3113 ejus

151 3137 189 3191 tia
215 3152 264 3190 seu
292 3135 425 3190 violentia
453 3142 648 3206 praeponatur,
672 3135 725 3189 nisi
752 3151 837 3206 quem
864 3137 967 3190 fratres
1018 3134 1328 3205 suecessoribus,Jnste
1349 3136 1377 3188 et
1396 3133 1531 3189 canonice
1550 3137 1652 3188 restro
1672 3138 1830 3190 monasterio

151 3230 296 3285 communi
310 3245 461 3298 consensu,
475 3229 520 3283 rel
534 3246 633 3283 eorum
649 3248 713 3301 pars
726 3231 834 3284 consilii
849 3229 968 3284 sanioris
1017 3234 1083 3285 sunt
1096 3229 1200 3297 oblata,
1215 3233 1243 3283 et
1256 3228 1445 3299 inposterum
1460 3226 1495 3281 ab
1510 3243 1617 3283 eorum
1632 3230 1831 3284 successoribus

151 3322 308 3378 secundnm
333 3324 385 3377 llci
404 3323 537 3378 timorem
560 3329 588 3377 et
610 3324 640 3378 B.
662 3323 805 3380 Benedicti
828 3324 967 3394 Regulam
1018 3324 1074 3379 sire
1089 3323 1125 3378 ab
1140 3323 1201 3377 aliis
1220 3321 1268 3376 llei
1282 3321 1412 3376 fidelibus
1432 3320 1521 3375 simili
1542 3321 1635 3376 modo
1658 3338 1709 3377 seu
1730 3340 1829 3378 carices·

151 3416 329 3487 providerint
341 3416 517 3488 eligendum.
1017 3418 1096 3473 sione
1123 3415 1308 3488 pontificum,
1333 3413 1503 3469 liberalitate
1536 3429 1661 3486 regum,
1691 3416 1831 3488 largitione

186 3510 369 3565 lleceruirnus
382 3527 451 3581 ergo
466 3514 497 3565 ut
510 3510 580 3564 nulli
593 3511 709 3565 omnino
720 3510 871 3566 bominum
884 3509 968 3564 liceat
1017 3510 1190 3582 principum,
1203 3508 1345 3564 oblatione
1359 3507 1497 3576 lidclium,
1509 3513 1561 3562 aut
1574 3508 1670 3563 etiam
1685 3510 1750 3564 aliis
1759 3512 1831 3565 ratio

152 3605 347 3676 supradictum
368 3604 968 3674 nioiiasteriumternerepertn1·barc,aut
1017 3604 1161 3659 nabilibus
1187 3602 1291 3671 modis,
1317 3605 1467 3672 prestante
1490 3600 1635 3671 Domino,
1664 3602 1760 3658 eidem
1781 3605 1831 3658 loru

151 3698 213 3769 ejus
240 3699 432 3769 possessiones
460 3698 590 3762 auferre,
621 3697 664 3752 rel
689 3698 796 3752 ablatas
827 3698 965 3765 retinere,
1017 3698 1146 3753 conferre
1166 3696 1328 3767 contigerit,
1347 3696 1430 3749 firma
1449 3693 1528 3748 vobis
1547 3695 1713 3767 vestrisque
1735 3714 1833 3752 succes·

150 3793 292 3861 minuare,
307 3810 355 3847 scu
370 3792 545 3864 quibuslibet
561 3792 756 3847 vexationibus
771 3792 902 3862 fatigare,
918 3792 967 3847 sed
1017 3791 1143 3858 suribus,
1172 3797 1202 3845 et
1231 3789 1340 3844 illibata
1367 3791 1567 3861 permancant.
1597 3789 1673 3845 Saue
1701 3792 1833 3846 novalium

150 3885 369 3941 illibataorunia
390 3892 418 3940 et
437 3886 550 3956 integra
569 3891 773 3943 conserventur
787 3902 899 3952 eorum,
914 3902 966 3956 pro
1017 3890 1174 3940 vestrorum
1199 3901 1263 3955 quoe
1288 3883 1409 3955 propriis
1432 3881 1581 3951 nianibus,
1608 3890 1660 3938 aut
1683 3886 1835 3957 sumptibus

150 3996 272 4051 cruorum
301 3979 510 4051 gubernatione
539 3984 567 4033 et
596 3979 805 4034 sustentatione
834 3995 967 4034 coricessa
1018 3979 1118 4047 colitis,
1139 3978 1197 4033 sire
1217 3977 1252 4031 dc
1274 3975 1455 4031 nutrimentis
1474 3978 1643 4031 vestrorum
1662 3978 1834 4039 animalium,

150 4079 225 4139 sunt,
239 4074 337 4128 usibus
349 4074 520 4128 omnimodis
533 4073 692 4144 prolatura,
708 4073 782 4127 solra
802 4073 874 4128 sedis
895 4090 966 4144 apo·
1016 4073 1111 4128 nullus
1132 4088 1148 4126 a
1171 4071 1249 4126 robis
1274 4070 1397 4125 decimas
1423 4069 1538 4139 exigere
1564 4080 1741 4140 praesumat.
1766 4072 1834 4139 adji-

150 4168 254 4240 stolicre
275 4168 441 4222 auctoritate
462 4171 489 4221 ct
511 4168 662 4222 dioecesani
684 4168 809 4240 episcopi
829 4169 967 4223 corionica
1018 4167 1107 4223 cintus
1132 4165 1218 4220 etiam
1246 4169 1276 4218 ut
1299 4164 1329 4217 in
1355 4162 1480 4217 ecclesiis
1504 4162 1550 4217 rel
1579 4165 1704 4235 capellis
1727 4184 1789 4237 qua
1813 4166 1836 4218 in

145 4260 267 4331 justitia.
284 4262 312 4315 Si
327 4263 391 4332 quis
405 4278 471 4316 reru
491 4262 545 4316 boc
564 4261 744 4332 privilegium
761 4262 795 4315 ab
811 4261 968 4332 apostolica
1018 4259 1106 4315 fundo
1121 4257 1286 4313 monasterii
1302 4256 1386 4312 rostri
1405 4260 1479 4323 sunt,
1495 4256 1583 4310 liceat
1605 4257 1690 4312 robis
1713 4260 1836 4314 honestos

149 4355 216 4409 sede
234 4357 446 4425 emancipatum
463 4357 556 4426 aliqua
575 4356 799 4426 praesumptione
818 4355 965 4425 invaserit,
1018 4354 1124 4425 eligere
1146 4351 1317 4417 sacerdotes,
1340 4350 1388 4421 qni
1408 4348 1544 4403 nimirum
1569 4367 1697 4420 perros
1718 4353 1838 4425 episcopa

150 4448 261 4503 vinculo
277 4450 465 4505 ariatbematis
480 4449 636 4520 subjaceat.
975 4449 1236 4523 Dprrescnteutur,
1256 4450 1341 4516 atque
1364 4442 1387 4496 si
1413 4441 1509 4496 idonci
1530 4441 1658 4509 luerint,
1684 4447 1723 4501 ab
1747 4447 1838 4502 eodem

186 4543 212 4598 Si
239 4560 295 4615 qua
320 4543 408 4615 igitur
431 4543 461 4597 in
487 4544 627 4607 futurum,
654 4546 707 4597 otc.
732 4542 847 4598 Cunctis
871 4547 967 4598 antem
1017 4541 1148 4613 episcopo
1175 4555 1272 4593 curam
1297 4536 1461 4591 animarum
1492 4536 1675 4608 suscipiant,
1705 4541 1789 4613 eique
1813 4540 1841 4595 de

151 4637 247 4692 eidem
264 4638 333 4704 loeo,
348 4639 401 4692 etc.
1017 4633 1221 4705 spiritualibus,
1239 4629 1319 4686 robis
1334 4636 1429 4685 autem
1444 4628 1479 4684 de
1497 4632 1719 4701 temporalibus
1732 4652 1843 4707 respou-

103 4749 108 4758 ·
186 4734 246 4801 Ego
260 4731 409 4795 ndi-iarun,
424 4730 569 4785 catholicae
585 4729 714 4784 Ecclesiae
729 4729 886 4802 episcopus.
1018 4728 1114 4783 deant.
1129 4726 1209 4791 Quod
1225 4726 1248 4779 si
1263 4740 1417 4780 commune
1436 4722 1465 4777 in
1481 4725 1561 4778 terra
1581 4724 1633 4781 illa
1654 4727 1751 4784 luerit
1766 4731 1843 4784 inter·

186 4826 246 4897 Ego
260 4825 424 4896 Gregorius,
439 4824 612 4880 Sabinicusis
630 4824 787 4895 episcopus.
1018 4822 1136 4888 dictum,
1152 4819 1270 4875 exclusis
1287 4818 1322 4873 ab
1337 4817 1454 4872 ccclesia
1468 4820 1567 4872 restra
1584 4825 1845 4879 excommunicate

185 4922 244 4989 Ego
259 4919 413 4987 llubaldus,
429 4917 564 4974 Ostiensis
580 4917 739 4988 episcopus.
1018 4921 1045 4970 et
1065 4913 1234 4982 interdictis,
1251 4911 1353 4967 clausis
1369 4910 1474 4981 januis,
1494 4910 1582 4967 liceat
1604 4914 1692 4969 robis
1715 4918 1846 4973 submissa

185 5015 244 5084 Ego
265 5012 436 5080 bernardus,
454 5011 618 5067 Portuensis
638 5017 666 5066 ct
683 5012 711 5067 S.
728 5012 837 5067 ltnliuae
856 5011 965 5082 episcn-
986 5066 990 5074 ,
1017 5025 1083 5063 voce
1108 5008 1202 5063 divina
1224 5006 1318 5061 assicia
1341 5004 1496 5059 celebrare.
1519 5005 1720 5077 sepulturam
1744 5030 1846 5085 quoqne

151 5124 213 5178 pus.
1017 5103 1105 5174 ipsius
1131 5102 1184 5156 loci
1214 5101 1333 5155 liberam
1362 5114 1422 5153 esse
1450 5099 1665 5171 concedimus,
1695 5110 1729 5160 ut
1758 5122 1846 5162 eorum

185 5203 244 5273 ligo
257 5201 426 5268 Gualterius,
441 5199 610 5255 Albanensis
626 5199 786 5271 episcopus.
1018 5195 1164 5251 devotioni
1184 5198 1212 5250 ct
1231 5199 1364 5249 extremae
1376 5191 1526 5259 voluntati,
1539 5194 1595 5264 qui
1616 5212 1651 5253 se
1668 5198 1733 5255 illic
1747 5199 1847 5273 sepeliri

185 5295 290 5349 ilatum
303 5295 434 5351 Laterani
450 5310 632 5366 permenam
647 5293 776 5360 Rolandi,
792 5297 897 5348 sanctae
911 5293 966 5348 llo-

151 5402 245 5443 manre
260 5389 389 5445 Ecclesiae
407 5389 566 5461 presbytori
580 5388 729 5444 cardinalis
744 5393 773 5443 et
791 5386 965 5456 cancellarii,

149 5496 167 5533 ν
188 5481 305 5537 llalend.
327 5483 440 5555 Aprilis,
457 5483 611 5539 indictione
630 5499 677 5550 ru,
694 5481 901 5539 lncarnatiouis
915 5481 968 5536 llo

150 5573 261 5631 minicae
274 5592 348 5631 anno
367 5579 444 5645 nse,
459 5577 640 5649 pontificatus
653 5592 720 5632 rere
734 5575 833 5631 domni
846 5574 967 5631 Adnuni

145 5684 231 5741 papae
244 5669 279 5723 tv
295 5683 372 5723 anno
385 5684 413 5723 r.

1018 5288 1248 5356 deliberaverint,
1276 5286 1329 5341 nisi
1355 5285 1427 5341 forte
1455 5289 1719 5348 excommunicati
1745 5297 1789 5350 rel
1814 5296 1847 5348 in·

1018 5382 1130 5439 terdicti
1151 5382 1216 5451 siut,
1239 5381 1335 5436 nullus
1349 5378 1487 5445 obsistat,
1512 5379 1595 5435 salva
1620 5385 1732 5443 tamen
1750 5388 1848 5461 justitia

1017 5476 1130 5532 illarum
1152 5475 1336 5531 ecclesiarum
1353 5490 1371 5529 a
1388 5470 1494 5546 quihus
1515 5488 1648 5548 corpora
1671 5486 1847 5539 mortuorum

1017 5575 1216 5627 assumuntur.

1053 5664 1238 5720 Decernimus
1248 5678 1318 5734 ergo
1326 5666 1358 5717 ut
1370 5658 1442 5716 nulli
1454 5660 1580 5719 omuino
1592 5662 1761 5727 bominum
1772 5670 1842 5727 liccat

1017 5757 1215 5831 supradictam
1234 5753 1443 5813 monasterinm
1459 5758 1576 5815 temore
1595 5762 1842 5835 perturbarent
