3750 6046
308 224 312 233 .
402 183 559 243 HISTORIA
578 187 847 248 techESttsrtca.
864 220 897 232 «-
913 192 999 249 PARS
1018 191 1063 250 lll.
1077 223 1111 233 -
1128 194 1192 251 tta.
1212 194 1244 251 ll.
1604 198 1655 256 762

72 313 131 368 Pes
146 312 219 367 irater
243 309 309 370 duos
331 314 442 380 tratres,
468 317 613 371 Hauricum
637 318 737 373 scilicet
766 325 790 374 et
800 330 830 405 Α
841 319 988 377 miseruut.
1007 321 1138 379 seditiosi
1157 322 1316 395 proditores
1330 325 1421 397 magis
1435 324 1543 381 bellum
1563 341 1653 397 quam

212 394 365 459 R⁰b⁰itllmn
380 400 559 467 mmmmm?-
840 431 939 486 pacem
952 416 1099 488 optabant.
1113 418 1292 491 Eiquiaplus
1304 420 1424 491 privatae
1434 436 1520 491 quam
1531 420 1653 492 publicar

76 499 187 555 euticus
220 500 317 554 ⁰011⁵¹¹l
354 500 489 555 versutias
525 501 724 556 0⁰¹¹itibttlium
762 504 791 554 θῑ
840 509 1035 565 commoditati
1045 509 1223 581 insistebant,
1235 513 1398 585 versipelles
1412 513 1551 569 veredarii
1565 514 1652 570 rerba

71 593 610 667 ionemprospiciens,bdemquesnam
624 595 715 651 amico
729 594 789 666 regi
840 604 1050 676 pervertebant,
1075 608 1103 659 et
1126 606 1216 677 magis
1237 606 1334 678 jurgia
1358 623 1444 678 quam
1471 608 1652 663 concordiam

73 695 126 745 aeta
142 696 169 744 et
188 688 276 744 tristia
299 705 410 744 servare
423 691 572 761 mingens,
589 688 655 744 hinc
674 694 701 744 et
721 688 790 745 inda
838 698 1032 754 interficeres
1053 699 1194 755 serebant.
1218 701 1314 770 Porro,
1328 717 1412 773 sagax
1429 701 1565 757 ttenricas
1578 702 1652 758 istud

80 784 165 840 ῑθῦῑῑθ
182 784 421 839 0⁰tde³¹1bfflsttt
440 784 566 852 remitit,
590 789 619 839 θῑ
639 799 675 839 ¹¹0
701 785 789 837 status
838 792 968 862 advertit,
985 793 1060 848 unde
1075 793 1169 849 fratris
1191 794 1365 866 colloquium
1391 811 1440 850 ore
1460 795 1496 850 ad
1522 812 1553 851 os
1569 795 1652 869 petiit

72 880 223 949 iaculantis
235 880 335 934 abtim
347 878 495 934 l³b⁰stlib
511 877 583 933 ὓῑῐῑῑ
596 879 691 949 litque
707 878 785 949 regi:
838 889 867 943 et
881 886 1079 943 convenientes
1092 887 1210 943 fraterni
1223 888 1328 943 amoris
1345 888 1465 944 dulcedo
1483 888 1584 945 ambos
1597 889 1653 944 im·

81 977 182 1048 probus
196 979 221 1030 et
235 977 362 1045 equite-te
370 975 485 1044 pollens,
501 973 565 1027 dnm
579 974 653 1027 videt
672 975 789 1028 amicum
838 981 934 1052 plevit.
949 981 1056 1036 Nobilis
1070 998 1177 1037 corona
1191 982 1464 1055 ingentisexercitus
1473 983 1652 1040 circumstitit

72 1072 109 1126 ris
127 1072 229 1140 impeti,
245 1072 270 1124 si
293 1069 430 1137 beralitate
446 1069 507 1122 tuit
525 1068 676 1137 probabilis
694 1068 789 1122 baberi
837 1075 935 1146 ibique
948 1075 1080 1130 terribilis
1102 1076 1186 1131 decor
1203 1077 1433 1132 Normannorum
1446 1083 1474 1132 et
1487 1076 1649 1149 auglorum

72 1167 110 1219 ἰὴ·
132 1166 229 1219 dilecto
251 1165 326 1219 debet
352 1165 415 1218 totis
437 1164 541 1218 nisibus
569 1162 728 1231 suffreuuri·
755 1164 787 1215 ln
838 1169 868 1222 in
892 1168 980 1223 armis
1006 1169 1120 1224 ellulsit.
1144 1169 1199 1224 Soli
1222 1171 1278 1225 duo
1297 1171 1427 1243 germani
1447 1171 1601 1241 spectantia
1619 1171 1648 1226 in

72 1259 230 1315 tedisiudio
248 1274 302 1313 nou
324 1262 429 1312 tuntum
446 1259 549 1324 [αἰανῆ]
569 1257 697 1312 mercedis
716 1271 785 1311 erno·
837 1262 931 1318 medio
950 1262 1050 1336 populi
1070 1263 1200 1318 collocuti
1228 1270 1303 1331 sunt,
1330 1266 1359 1318 et
1383 1280 1432 1321 ora
1459 1265 1534 1336 quod
1563 1264 1648 1320 corda

72 1359 121 1409 'um
135 1353 210 1409 debet
223 1353 344 1423 pensari,
359 1353 534 1422 quautamde
548 1351 788 1419 indiqeetisumici
837 1355 1024 1413 ruminabant
1045 1356 1105 1413 sine
1132 1357 1196 1412 dolo
1221 1358 1408 1428 protulerunt.
1434 1358 1561 1430 Denique
1585 1364 1651 1430 post

72 1450 144 1503 tione
162 1449 286 1515 cenitari.
306 1449 403 1503 l’eruru
414 1447 507 1516 plures
528 1446 649 1500 eiciemus
669 1445 787 1499 muttum
837 1467 926 1523 penae
939 1450 1027 1506 verba
1039 1453 1139 1506 mutue
1151 1451 1303 1522 amplexati
1318 1458 1394 1521 sent,
1409 1451 1538 1524 detisque
1556 1450 1646 1508 dulei.

72 1548 187 1613 rpentes,
207 1542 333 1611 firieique,
355 1556 437 1609 quant
456 1541 562 1594 domine
578 1540 706 1609 periuret
726 1552 784 1599 suo.
836 1544 889 1599 bus
906 1544 1003 1612 basiis,
1019 1543 1079 1599 sine
1101 1549 1249 1617 sequestro
1276 1544 1431 1600 concordes
1452 1544 1544 1601 affecti
1569 1549 1646 1601 sunt.

72 1639 145 1707 uarpi
158 1637 382 1706 praeuaricatione
400 1634 559 1704 polluentes.
583 1635 644 1689 Hac
662 1632 784 1703 protecto
835 1637 927 1694 Verba
945 1638 1060 1710 quidem
1075 1639 1160 1710 hujus
1173 1638 1305 1711 colloquii
1321 1654 1434 1711 nequeo
1449 1638 1496 1694 hic
1508 1639 1646 1695 inserere.

72 1736 115 1788 'ste
129 1734 273 1793 ceruimus,
287 1734 313 1784 et
327 1731 415 1783 uetitis
424 1728 619 1799 praedivitibus
638 1729 667 1782 in
687 1707 902 1804 uostrtsssquia
923 1748 983 1787 non
1003 1732 1135 1802 interfui,
1161 1732 1209 1788 sed
1233 1749 1313 1804 opus,
1339 1732 1414 1804 quod
1440 1732 1475 1788 de
1502 1734 1647 1788 tantorum

72 1841 100 1880 us
114 1829 252 1880 sentimus.
267 1828 321 1881 Nos
336 1839 408 1893 erqo,
422 1824 520 1893 quibus
537 1824 685 1877 communis
705 1821 782 1875 utili·
834 1825 951 1881 consilio
966 1826 1085 1881 lratrum
1102 1826 1247 1897 processit,
1263 1826 1361 1882 auditu
1375 1825 1470 1881 didici.

72 1919 223 1974 rubidetttt'u
238 1920 377 1973 commissu
394 1923 432 1972 est
451 1917 593 1979 divinitus,
615 1915 784 1970 adsalutem
870 1922 902 1977 ln
921 1918 1020 1992 primis
1039 1919 1199 1976 Radbertus
1222 1920 1280 1975 dux
1302 1920 1487 1988 calumniam,
1512 1936 1600 1992 quam
1617 1919 1646 1976 in

78 2013 255 2082 Ecclesieque
276 2014 326 2067 liei
346 2012 466 2081 trudique
487 2011 623 2080 speculari
646 2008 782 2064 debemus.
834 2014 1213 2087 regnodngliaeingcsserat‚
1224 2014 1306 2070 tratri
1317 2013 1434 2082 dimisit,
1449 2015 1602 2086 ipsumque
1612 2014 1648 2070 de

74 2125 91 2163 o
109 2111 144 2164 sit
164 2124 228 2162 euro
245 2113 277 2160 at
293 2123 344 2176 per·
364 2108 483 2176 qratiam
495 2107 544 2159 liei
560 2105 670 2174 putide
687 2105 782 2157 vinec-
834 2107 979 2179 homagio,
997 2108 1074 2179 qnod
1093 2108 1147 2164 sibi
1160 2107 1335 2179 jamdudum
1351 2108 1467 2176 fecerat,
1491 2107 1648 2180 prorogati

75 2205 154 2258 tsine
170 2202 317 2260 Christiani
334 2202 477 2270 sanguinis
495 2199 622 2269 effusione
640 2199 783 2252 riciarium
833 2202 974 2274 dignitate
994 2201 1122 2257 absolvit.
1145 2202 1282 2257 llenrieus
1301 2207 1398 2257 atatem
1413 2218 1464 2257 rex
1485 2201 1539 2257 tria
1559 2201 1648 2257 millia

72 2313 136 2353 imas
150 2303 174 2351 et
188 2298 307 2365 trepaeis
325 2297 466 2349 serenitate
482 2293 570 2363 fidelis
589 2292 715 2346 remutet
731 2306 781 2360 po·
833 2295 969 2352 librarum
983 2296 1173 2351 sterilensium
1184 2312 1244 2352 sese
1258 2295 1323 2351 duci
1333 2295 1514 2352 redditurum
1528 2310 1579 2367 per
1591 2295 1650 2351 sin·

72 2394 258 2462 Narrrciqitur.
273 2391 379 2444 domine
399 2391 436 2444 rui
451 2404 510 2455 rea,
531 2387 673 2442 consilium
696 2400 784 2440 merem
834 2388 915 2461 gulos
940 2405 1031 2444 annos
1059 2390 1227 2462 spopondit,
1253 2392 1404 2461 totumque
1430 2388 1648 2445 Constantinum

72 2490 222 2557 nouitisque
234 2488 299 2540 meis
312 2501 344 2538 ue
356 2483 514 2553 dedigneris
528 2482 645 2550 obsequi.
668 2482 783 2537 Carnutes
832 2499 938 2555 pagum
959 2488 988 2538 et
1001 2482 1140 2555 quidquid
1158 2483 1187 2537 in
1200 2483 1329 2539 Neustria
1348 2482 1518 2555 possidebat,
1544 2486 1648 2554 proeter

82 2587 143 2637 tuos
159 2582 255 2636 leniter
269 2581 416 2648 alloquere,
436 2577 556 2632 oneribus
569 2580 598 2628 at
622 2579 701 2644 pater
719 2573 783 2643 filiis
834 2576 1031 2648 llantrontem,
1057 2576 1183 2648 reliquit.
1204 2577 1300 2633 Solum
1320 2577 1507 2632 Dantrontcm
1524 2578 1648 2631 rastrum

72 2693 102 2740 e,
114 2676 404 2748 promissisuuiaersos
425 2672 552 2732 demulce,
568 2685 678 2739 queque
694 2670 781 2737 petie·
833 2671 886 2726 sibi
900 2670 1031 2738 retinuit,
1049 2671 1114 2743 quia
1138 2671 1354 2739 Uennonianis,
1371 2670 1487 2743 qnando
1508 2670 1590 2725 illum
1602 2670 1645 2725 in-

72 2771 169 2835 tercede,
191 2775 216 2824 et
239 2771 277 2823 sic
299 2782 386 2821 omues
407 2766 444 2819 ud
464 2768 585 2863 sooqrem
612 2765 654 2817 tui
672 2763 784 2817 solerter
832 2766 1028 2832 tremuerunt,
1041 2764 1230 2837 jurejurando
1244 2765 1391 2837 pepigerat
1404 2763 1481 2836 quod
1497 2779 1647 2835 uunquam

72 2884 85 2921 ³.
102 2866 133 2921 Si
145 2864 312 2920 lundoniam
329 2861 524 2931 postulaverint
541 2859 585 2911 cel
603 2857 781 2923 Eberecburu,
833 2875 881 2914 eos
895 2859 931 2914 de
956 2875 1042 2914 mann
1063 2874 1113 2913 sna
1134 2858 1295 2929 projiceret,
1322 2874 1374 2914 nee
1392 2858 1470 2928 leges
1489 2872 1590 2912 eorum
1604 2856 1647 2911 rel

72 2975 121 3014 ras
134 2973 233 3025 manau
250 2957 383 3026 polliceri,
403 2958 433 3007 ut
450 2953 567 3020 regalem
582 2952 653 3006 decet
672 2952 781 3018 metuiti-
832 2952 1054 3008 consuetudines
1074 2956 1208 3007 mutaret.
1223 2953 1351 3007 Remotis
1372 2950 1506 3006 carnibus
1523 2949 1646 3017 arbitris,

72 3070 90 3107 t.
105 3052 198 3107 ltelius
210 3055 247 3105 est
260 3052 330 3103 euim
344 3049 410 3102 dare
422 3048 498 3114 requi
509 3045 687 3116 particulam,
699 3059 781 3113 quum
793 3074 821 3149 C
834 3045 885 3101 soli
904 3046 1005 3101 tratres
1022 3045 1092 3100 scita
1109 3062 1158 3100 sua
1173 3051 1339 3113 sanxerunt,
1362 3049 1401 3112 et,
1423 3044 1532 3100 cunctis
1546 3043 1576 3099 iu
1589 3043 1646 3099 cir·

72 3147 142 3201 tdiue
160 3146 331 3200 inimieorum
351 3159 410 3196 cum
428 3143 487 3195 cita
503 3139 615 3210 perdere
631 3140 782 3194 uictoriam.
835 3140 943 3195 cumitu
959 3156 1005 3194 eos
1032 3156 1097 3194 cum
1122 3139 1314 3194 admiratione
1331 3138 1530 3210 spectantibus,
1549 3137 1645 3193 decre·

72 3241 135 3296 eod
153 3242 231 3308 fluere
250 3238 330 3306 bajus
350 3237 460 3304 negotii,
475 3234 628 3288 auxiliante
641 3235 703 3295 Deo,
721 3246 783 3301 pro·
834 3238 935 3289 verunt
950 3234 1027 3306 quod
1042 3249 1114 3300 sese,
1130 3239 1162 3288 ut
1175 3233 1256 3288 decet
1270 3232 1381 3301 tratres,
1396 3232 1516 3288 invicem
1529 3230 1645 3303 adjum-

72 3336 236 3394 ereeniruus,
251 3333 284 3386 de
301 3329 452 3400 repetendis
474 3328 685 3396 dominusque
702 3330 780 3380 terne·
833 3334 908 3395 rent,
925 3331 954 3384 et
966 3328 1064 3383 omnia
1077 3327 1162 3399 patris
1175 3326 1218 3382 sui
1232 3326 1362 3381 dominia
1380 3330 1569 3392 resumerent,
1585 3341 1646 3380 sce·

72 3432 196 3482 asertorrs
212 3432 327 3495 tempore
342 3423 403 3477 belli
418 3422 620 3491 usurpaverint,
637 3419 705 3473 settle
723 3433 783 3472 ebn-
832 3424 976 3495 lestosque
995 3422 1086 3476 litium
1100 3424 1208 3477 satores
1228 3420 1334 3492 pariter
1352 3419 1487 3491 utrinqne
1500 3419 1645 3491 punirent,

72 3535 247 3591 negaremus.
269 3518 376 3573 Certum
399 3521 436 3570 est
460 3515 532 3585 quod
556 3514 677 3583 quisquis
699 3511 781 3565 domi·
868 3519 938 3572 Pace
954 3516 1049 3588 itaque
1070 3516 1154 3585 lacta,
1175 3514 1303 3569 conlusio
1328 3514 1450 3585 perlldos
1469 3512 1592 3585 operuit,
1619 3518 1647 3567 ct

72 3630 123 3670 tum
139 3617 169 3668 iu
192 3614 284 3669 mortis
299 3610 418 3682 periculo
438 3615 533 3680 sponte
556 3608 662 3672 deserit,
685 3607 783 3660 alium·
832 3609 1018 3682 despicabiles
1040 3609 1095 3664 illis
1117 3608 1204 3663 etiam
1223 3607 1327 3679 quibus
1344 3607 1442 3679 inique
1462 3605 1569 3661 adulati
1588 3604 1647 3661 fne-

72 3707 426 3775 raoiditatetuerioppetit,
441 3719 488 3758 seu
503 3703 620 3757 militare
631 3702 780 3763 seruitium,
832 3707 907 3770 rant,
922 3702 1024 3771 elleeit,
1041 3707 1069 3758 et
1079 3703 1228 3774 inglorios,
1244 3707 1379 3773 metuque
1392 3701 1529 3772 pallentes
1543 3717 1560 3755 a
1574 3698 1646 3755 facie

72 3804 123 3859 ltro
135 3817 185 3872 pro
199 3802 356 3868 defensioue
386 3801 463 3866 requi
475 3797 598 3852 adbibere
615 3796 701 3856 debet,
724 3796 782 3864 regi
832 3799 908 3869 regis
919 3797 1030 3853 latitare
1043 3797 1188 3869 compulit.
1207 3796 1329 3852 Sincera
1338 3812 1404 3850 vcro
1418 3795 1515 3867 plebes
1522 3800 1552 3849 et
1562 3793 1645 3865 justis

72 3897 219 3963 ealefacit,
242 3909 353 3963 cumque
374 3890 629 3962 propriisspoliare
654 3889 781 3943 dominiis
832 3891 974 3947 laboribus
1006 3891 1172 3946 insistentes
1204 3891 1423 3958 exsultaverunt,
1458 3895 1486 3944 et
1519 3892 1644 3943 armato·

72 3990 114 4052 ut,
132 3990 237 4059 judicio
257 3989 374 4043 rationis
398 3990 422 4041 et
447 3986 582 4054 equitetis
607 3989 637 4037 ut
657 3982 782 4053 proditor
831 4002 896 4041 rum
917 3985 1010 4053 cunei,
1033 3984 1148 4040 licentia
1174 3984 1250 4056 regis
1274 3990 1398 4056 accepta,
1422 3982 1550 4038 dissoluti
1567 3986 1644 4051 sunt,

72 4086 144 4145 titur,
175 4089 200 4138 et
235 4081 415 4136 hereditariis
441 4079 518 4134 rebus
537 4080 630 4133 merito
651 4076 779 4138 uadatus,
832 4079 1048 4153 gaudentesque
1077 4079 1112 4134 ad
1137 4095 1188 4134 sua
1215 4083 1289 4134 tecta
1316 4083 1524 4135 remeaverunt.
1549 4076 1646 4133 'lolius

72 4195 81 4234 s
111 4177 283 4247 etiuqnbitur.
315 4174 443 4229 Universi
474 4172 629 4243 optimates
661 4169 779 4224 llenrico
831 4172 1647 4245 atbtontsregnum,tranquillitatepacistripudians,situit

72 4272 210 4326 esisteutes
233 4268 318 4323 verba
342 4266 462 4322 consulis
483 4263 727 4329 collaudaverunt,
752 4266 782 4318 et
832 4271 861 4321 et
875 4267 999 4322 Ecclesia
1013 4267 1072 4336 llei,
1088 4267 1222 4322 diuturna
1236 4267 1331 4339 quiete
1344 4267 1452 4338 rigens,
1468 4266 1564 4320 divina
1582 4265 1645 4336 lege

80 4370 112 4420 nt
131 4363 243 4418 monitis
258 4363 319 4432 ejus
334 4360 538 4415 obsecundaret
550 4357 689 4412 cohortati
702 4361 778 4412 sunt.
831 4359 985 4431 splenduit,
1001 4361 1113 4432 liaoque
1130 4377 1229 4416 secura
1254 4361 1314 4416 siue
1335 4361 1499 4432 puellarum
1519 4360 1645 4414 tumultu

72 4476 121 4525 tro,
154 4457 292 4528 seruientia
323 4454 498 4525 praecellens,
531 4450 673 4506 benevolis
705 4449 974 4521 artri-Dmilitarit.
1013 4455 1171 4509 Narrationi
1203 4460 1307 4510 nostrae
1340 4453 1493 4526 perbibent
1529 4452 1644 4509 evidens

72 4551 202 4624 egentius
225 4550 293 4620 egit,
326 4563 485 4618 eorumque
507 4543 668 4599 salubribus
690 4544 784 4599 horta·
833 4547 1115 4603 testimoniumnorte
1128 4548 1261 4616 basilicae,
1277 4549 1405 4602 etrunlta
1418 4546 1644 4617 oratorianuper

100 4645 224 4700 libenter
257 4641 407 4712 acquievit,
442 4641 608 4710 pluresque,
640 4654 711 4709 quos
739 4655 782 4692 su·
833 4640 944 4695 condita
972 4658 1024 4712 per
1055 4641 1130 4696 ricus
1155 4642 1276 4713 ungtin,
1313 4645 1342 4696 et
1372 4656 1493 4712 operosa
1522 4640 1644 4695 claustra

72 4775 74 4788 .
95 4738 226 4804 babebat,
248 4735 394 4807 pronussie
409 4739 436 4787 rt
455 4732 621 4787 muneribus
643 4730 695 4785 sibi
716 4748 780 4786 cou-
833 4733 1038 4801 eoerrobioruu1‚
1053 4750 1119 4789 cum
1133 4734 1194 4789 eliis
1207 4735 1327 4789 officinis
1346 4734 1562 4801 mouacborum,
1579 4748 1644 4803 quan

72 4875 79 4888 .
94 4831 221 4886 Tandem
235 4846 300 4884 cum
322 4827 432 4899 ingenti
447 4825 571 4882 exercitu
593 4824 703 4879 ebriam
722 4824 780 4879 tra·
832 4831 992 4883 constructa
1005 4834 1071 4883 sunt
1085 4828 1196 4883 llenrici
1209 4829 1285 4900 regis
1298 4836 1438 4900 ternpore.
1455 4827 1552 4882 Omnis
1565 4827 1643 4882 caim

72 4926 161 4992 :essit
189 4927 217 4980 et
241 4924 351 4995 legatos
368 4921 478 4988 direxit,
494 4936 544 4991 per
572 4936 642 4991 quos
664 4917 781 4973 sollicite
832 4921 901 4977 ordo
924 4921 1378 4994 Religiosorum,pacelruenset
1398 4921 1597 4993 prosperitate,
1614 4919 1643 4974 iu

73 5020 112 5076 rit
130 5036 181 5073 eur
203 5018 312 5089 rlnglim
336 5016 405 5071 lines
432 5031 496 5069 eum
524 5017 634 5068 arelato
655 5012 781 5067 exercitu
832 5015 1212 5088 omnibusquaeadcultum
1234 5016 1348 5071 Deitatis
1376 5014 1522 5087 pertinent
1547 5013 1641 5069 omni·

102 5112 325 5184 praesumpserit.
347 5109 506 5167 llodbertus
527 5113 620 5162 autem
645 5107 702 5161 dux
730 5122 781 5177 per
832 5109 1047 5180 potentissimae,
1072 5111 1149 5164 intus
1168 5114 1197 5164 ct
1218 5110 1342 5165 exterius
1364 5125 1443 5164 suoru
1463 5107 1643 5181 diligentiam

75 5206 238 5279 esponsalcs
261 5205 298 5260 ita
325 5206 436 5260 locutus
461 5206 524 5257 est:
550 5205 667 5271 Repetam
691 5202 781 5272 putris
831 5202 936 5274 satagit
953 5202 1100 5259 exhibere.
1121 5204 1201 5258 Unde
1222 5205 1331 5275 templa
1351 5203 1508 5275 domosque
1531 5201 1644 5257 ferrem

72 5318 99 5356 m
125 5300 279 5371 proceribus
305 5300 370 5352 ritus
399 5299 535 5366 irtqressus
558 5311 633 5358 sum,
658 5300 683 5349 et
710 5294 780 5349 iilud
831 5296 960 5351 srdclium
988 5296 1099 5352 devotio
1125 5296 1642 5369 praesumitprosternerc,eademque

74 5437 82 5458 ,
97 5395 218 5449 debitum
231 5394 299 5447 mili
302 5393 365 5462 jure
376 5392 626 5461 primogenitorum.
830 5390 1007 5446 nrelioranda
1021 5390 1183 5446 renovando
1193 5390 1309 5446 iterare.
1324 5390 1417 5446 Prisca
1431 5406 1500 5462 ergo
1511 5389 1639 5459 aedillcia,

72 5487 167 5543 radam
183 5486 370 5558 planitie,duo
387 5484 517 5556 germani
532 5499 581 5554 per
596 5482 703 5554 aliquot
720 5482 780 5537 dies
830 5501 893 5556 quae
908 5484 959 5539 suh
986 5483 1110 5555 Edgaro,
1126 5484 1169 5538 vel
1182 5484 1325 5553 Eduardo,
1342 5484 1461 5557 aliisque
1480 5483 1643 5538 christianis

72 5578 513 5653 enini,sibiquemutuunobiles
527 5577 778 5649 natatiosquotidie
830 5577 944 5649 regibus
961 5581 1124 5632 constructa
1145 5583 1220 5647 suut,
1247 5577 1430 5649 dejiciuntur,
1457 5581 1485 5633 et
1511 5577 1642 5649 amplitu-

72 5710 77 5754 t
104 5706 160 5769 ejus
190 5709 297 5754 rriortem
327 5704 433 5752 doarr‘uo
463 5700 574 5750 libuloui
605 5699 627 5748 le
656 5702 776 5760 stt-anne.
829 5699 922 5763 peut.

72 5781 87 5828 t.
101 5775 216 5841 anglic,
227 5776 245 5826 l.
261 5790 287 5842 pv
304 5775 358 5825 303.
377 5772 446 5825 Vide
460 5773 543 5827 attam
561 5772 627 5822 tomi
641 5770 777 5837 ejusdam,
1082 5772 1153 5826 Dora
1164 5772 1318 5839 Bouuuar,
1330 5773 1380 5826 un.
1393 5773 1542 5839 munet,
