3750 6046
42 238 45 245 ·
92 208 145 270 au
776 208 936 270 onoaarer
956 211 1086 271 viratus
1371 274 1376 287 .
1717 213 1772 272 ree

92 335 243 410 pestiferas
256 335 386 409 potiones
401 338 462 393 brec
480 334 663 410 praeparavit3
679 333 726 393 ille
741 339 838 392 autem
855 338 904 394 Er·
917 337 1033 424 Aregis
1047 337 1220 393 Francorum
1234 335 1315 406 adiit,
1332 336 1465 410 regisque
1483 336 1608 409 armiger
1623 336 1727 405 factrus,
1745 338 1771 393 ei

93 430 177 486 ualde
200 431 320 487 domino
340 447 391 487 suo
413 435 441 486 et
459 430 560 486 Geroie
579 431 614 485 de
635 429 801 485 corbavilla
820 433 906 502 atque
956 430 1071 486 servivit
1083 430 1175 486 donec
1188 431 1224 486 ab
1238 447 1271 487 ee
1285 431 1515 487 armamilitaria
1527 431 1646 503 aceepit.
1665 431 1772 487 Ueinda

93 523 235 580 willelmo
246 529 438 597 cognomento
450 524 534 581 Goiot
543 524 578 580 de
589 523 800 579 flente-iliralie
812 523 908 596 propi·
957 525 1098 597 Apuliam,
1113 525 1159 581 ubi
1171 528 1304 598 parentes
1317 541 1429 598 maguae
1442 524 1623 581 sublimitalis
1636 524 1771 592 habebat,

92 617 179 674 navit.
196 618 240 675 Sic
252 634 311 675 runa
323 619 386 675 tabe
401 622 459 673 tres
475 633 606 689 proceres
621 616 696 688 apud
712 617 907 672 Corlucvillam
956 618 1091 691 appetiit3
1106 618 1238 692 aquibus
1256 619 1445 675 amicabiliter
1457 623 1597 687 retentus,
1613 635 1667 690 per
1681 619 1770 690 pluri-

94 711 180 767 simul
200 711 297 769 iulecti
319 717 394 767 suut.
417 711 470 768 Sed
493 711 612 766 Gereius
634 714 718 782 atque
740 710 906 777 tt‘illelmus,
957 729 1019 768 mas
1038 712 1192 784 probitates
1214 712 1409 785 multipliciter
1427 712 1560 768 excrevit.
1582 712 1625 768 lbi
1644 711 1771 767 nobilem

95 804 144 877 qui
156 805 191 861 ad
205 805 333 878 proprias
346 806 445 862 domus
458 804 543 860 delati
555 807 631 873 sunt,
642 803 738 874 ibique
751 803 794 859 sui
808 820 906 859 curam
958 804 993 861 de
1016 821 1122 876 genere
1145 805 1397 878 Langobardorum
1418 806 1573 878 conjugem
1598 805 1718 877 accepit,
1745 811 1773 861 et

95 898 132 954 ad
147 898 258 955 libitum
272 916 355 955 suum
372 913 503 953 exercere
523 902 690 969 potueruut,
705 898 761 952 Uee
776 897 907 954 ellectum
957 899 1166 971 possessiouem
1183 898 1299 972 triginta
1313 898 1493 955 castellorum
1507 899 1560 954 sub
1574 898 1712 955 lietberte
1724 915 1771 954 co·

95 992 231 1048 remediis
240 991 415 1048 medicorum
427 992 589 1062 prestante,
600 991 810 1047 convaluerunt.
822 993 908 1046 Perre
960 992 1028 1048 mite
1049 991 1192 1063 lorotelli,
1214 999 1319 1065 nepote
1337 993 1443 1049 scilicet
1463 991 1610 1060 Wiscardi,
1636 992 1771 1048 obtinuit.

95 1086 243 1153 Ernaldus,
259 1086 308 1156 qui
324 1085 480 1152 exsulabat,
495 1101 549 1139 nec
561 1085 604 1139 sui
616 1101 712 1140 curam
725 1085 755 1139 in
769 1085 908 1140 extraneis
958 1087 998 1141 Ex
1019 1087 1141 1142 fecunda
1166 1086 1283 1143 muliere
1304 1086 1490 1158 multiplicem
1516 1085 1664 1158 utriusque
1689 1103 1773 1140 sexus

93 1177 244 1250 penatibus
264 1179 440 1234 sufficienter
462 1194 594 1234 exercere
615 1181 738 1249 peterat,
758 1178 908 1250 aliquantis
958 1179 1083 1235 sobolem
1109 1179 1225 1251 recepit,
1252 1184 1281 1235 el
1304 1181 1533 1236 h'ormanuerum
1556 1179 1670 1247 oblitus,
1697 1179 1773 1234 inter·

95 1271 196 1327 diebus
215 1272 373 1344 egrotavit,
389 1273 564 1344 tandemque
579 1271 791 1343 ingravescente
807 1271 907 1328 morbo
959 1273 1077 1329 Wiuilos
1089 1274 1150 1329 fere
1165 1290 1199 1329 xn
1213 1273 1296 1329 annis
1308 1273 1513 1329 honorabiliter
1525 1272 1605 1328 vixit.

96 1366 155 1420 lial.
170 1365 294 1420 ianuarii
313 1365 476 1438 exspiravit.
495 1365 544 1420 llic
563 1365 657 1438 pridie
677 1381 763 1437 quam
783 1365 906 1433 obiisset,
995 1366 1147 1423 llaiualdus
1161 1372 1267 1435 autem,
1284 1366 1419 1423 minimus
1437 1366 1562 1422 filiorum
1578 1365 1707 1434 brualdi,
1722 1365 1771 1421 tri·

94 1458 163 1515 dum
182 1459 258 1514 solus
277 1458 307 1514 in
327 1476 441 1515 camera
457 1459 529 1514 lecte
549 1457 741 1526 decumberet,
756 1459 907 1530 quemdem
957 1459 1010 1516 bus
1032 1459 1176 1516 mensibus
1197 1465 1263 1516 ante
1283 1459 1373 1532 patris
1396 1459 1507 1516 obitum
1527 1459 1656 1516 osberno
1674 1459 1771 1515 abbati

94 1551 236 1609 seniorem
250 1552 486 1625 pulcherrimum,
502 1568 589 1624 quem
604 1551 633 1608 S.
646 1551 793 1607 Nicolaum
805 1568 908 1624 praesu·
956 1554 1079 1611 traditus
1091 1558 1143 1622 est,
1160 1557 1189 1609 et
1201 1553 1231 1609 iu
1246 1552 1368 1609 Uticensi
1382 1552 1500 1610 eeclesia
1513 1553 1564 1609 sub
1577 1552 1702 1624 regulari
1716 1552 1770 1608 dis

94 1645 153 1702 lem
169 1650 253 1710 ratus
266 1648 319 1713 est,
341 1646 499 1712 manifeste,
520 1662 578 1700 ueu
599 1645 629 1701 in
648 1645 766 1700 somniis
786 1645 870 1713 vidit;
890 1662 908 1701 a
957 1648 1060 1720 cipliua
1077 1647 1230 1719 diligenter
1243 1647 1379 1703 educatus
1390 1651 1442 1717 est,
1456 1651 1485 1703 et
1497 1663 1516 1701 a
1529 1648 1650 1718 praefato
1666 1647 1771 1703 abbate

87 1754 153 1812 ‚quo
173 1739 370 1812 hujuscemodi
388 1739 526 1795 mandale
543 1738 651 1796 audivit
669 1755 675 1794 :
696 1759 710 1789 u
730 1740 768 1794 Uc
788 1716 946 1795 sanitatcB
958 1739 1127 1796 Benedictus
1141 1739 1297 1796 dulcedinis
1314 1740 1408 1812 gratia
1422 1740 1637 1812 cognominatus
1650 1742 1704 1795 est.
1718 1741 1770 1794 Pa-

95 1831 222 1904 cerporis
244 1832 294 1900 tui,
314 1832 413 1900 frater,
435 1832 569 1889 sollicitus
590 1848 650 1888 esse
671 1832 739 1899 noli,
761 1832 827 1904 quia
847 1849 907 1888 cras
957 1839 1000 1892 ter
1018 1834 1091 1905 ejus,
1105 1834 1175 1889 dum
1189 1834 1282 1906 ipsum
1298 1834 1357 1889 ileo
1377 1834 1414 1890 ad
1434 1833 1636 1890 monachatum
1655 1833 1770 1902 obtulit,

95 1925 156 1980 siue
171 1924 258 1982 dubie
271 1924 417 1992 morieris;
431 1925 481 1981 sed
495 1929 554 1982 tote
569 1926 632 1981 uisu
651 1942 770 1998 pmcura
787 1927 909 1998 qualiter
957 1933 1063 1984 terram
1077 1927 1161 1982 unius
1179 1943 1303 1983 carrucas
1320 1927 1396 1999 apud
1409 1928 1437 1984 S.
1452 1928 1627 1984 Germanum
1642 1927 1672 1982 iu
1685 1943 1770 1999 pare·

95 2018 191 2074 anima
205 2024 255 2074 tua
270 2020 393 2075 salvetur
409 2019 437 2074 in
452 2019 582 2075 examine
592 2020 662 2091 justi
676 2024 706 2075 et
719 2020 817 2075 oeterni
828 2020 905 2092 judi·
957 2021 1022 2076 chia
1042 2020 1172 2076 Escalioii
1191 2019 1220 2078 S.
1235 2020 1353 2076 Ebrulfo
1373 2020 1525 2090 concessit;
1545 2037 1634 2093 quam
1654 2036 1708 2092 pre
1727 2020 1770 2075 iu·

96 2111 144 2167 cis.
165 2134 179 2162 »
200 2111 247 2168 llis
266 2112 358 2183 dictis,
377 2129 461 2169 seucx
482 2115 598 2185 repente
619 2113 766 2184 disparuit,
784 2116 813 2169 et
831 2130 908 2185 aeger
957 2114 1089 2171 fortuniis
1100 2131 1164 2187 quae
1177 2113 1270 2185 ipsum
1281 2113 1466 2187 haeredesque
1475 2115 1536 2187 ejus
1545 2131 1697 2186 perpessos
1710 2130 1771 2169 esse

96 2221 162 2261 mox
185 2206 294 2262 Uticam
319 2205 407 2274 misit,
433 2210 463 2263 ct
484 2207 519 2262 ab
541 2205 669 2278 ejusdem
695 2206 750 2262 loci
772 2206 908 2262 fratribus
957 2209 1117 2278 retulimus,
1143 2208 1262 2264 ecclesia
1281 2207 1452 2278 jamdudum
1478 2207 1612 2280 perdidit.
1635 2207 1772 2264 Praefatae

95 2298 203 2355 visitari
216 2299 338 2370 rogavit.
349 2299 392 2356 Illi
406 2303 501 2356 aulem
516 2300 668 2355 Falconem
681 2299 717 2355 de
728 2300 908 2357 Warleuvilla
957 2318 1030 2374 puer
1038 2298 1230 2375 quinquennis
1240 2305 1377 2358 eratcum
1388 2301 1550 2357 monachile
1557 2302 1663 2374 jugum
1673 2301 1770 2367 subiit,

95 2393 150 2448 cito
173 2392 313 2448 misemut
334 2392 538 2449 Corbaevillam.
563 2393 604 2450 lbi
626 2410 749 2465 namque
771 2394 908 2466 praefatus
958 2400 985 2452 et
1002 2411 1038 2451 eu
1053 2395 1135 2450 annis
1152 2395 1204 2449 sub
1222 2399 1345 2467 quatuor
1363 2394 1510 2451 abbatibus
1529 2411 1581 2467 per
1603 2395 1725 2451 adversa
1744 2399 1772 2449 et

94 2486 177 2543 miles
197 2503 263 2541 cum
286 2487 388 2543 Gereio
412 2487 540 2560 ejusdem
563 2487 660 2560 oppidi
681 2487 807 2558 domine,
827 2489 908 2561 cujus
957 2504 1093 2560 prospera
1111 2489 1224 2544 fortiter
1243 2488 1372 2560 pertavit.
1393 2489 1587 2545 Urrrditiouem
1607 2488 1726 2560 legendi
1744 2491 1773 2543 et

95 2580 272 2653 propinquus
291 2585 319 2636 et
337 2580 445 2636 amicus
463 2584 533 2652 erat,
554 2581 737 2638 exsulationis
755 2598 814 2636 sum
831 2587 906 2637 tem·
957 2582 1078 2637 canendi
1092 2583 1195 2654 etipse
1209 2581 1318 2637 affatim
1332 2581 1439 2653 didicit,
1451 2581 1559 2652 etaliis,
1570 2586 1724 2655 postquam
1736 2581 1772 2636 ad

95 2689 164 2744 pere
187 2689 239 2746 per
262 2674 418 2730 triennium
441 2680 568 2730 meratus
590 2675 692 2741 fuerat,
716 2678 746 2731 el
767 2675 835 2730 iude
857 2692 908 2748 per
957 2674 1036 2730 virile
1053 2674 1140 2731 robur
1150 2674 1291 2747 pervenit,
1306 2676 1367 2730 sine
1381 2674 1491 2730 fraudis
1503 2675 1588 2730 litura
1601 2675 1690 2748 gratis
1703 2674 1771 2731 inli-

94 2767 302 2824 Cerbenieuses
316 2773 345 2824 et
362 2768 516 2824 [trecenses
533 2773 619 2840 atque
636 2768 765 2840 Morinos,
781 2767 906 2841 aliosque
957 2769 1053 2824 mavit.
1067 2769 1201 2824 Memoria
1217 2785 1285 2825 roro
1306 2769 1441 2825 narrandi
1460 2785 1524 2841 quse
1539 2767 1650 2823 viderat
1662 2769 1708 2824 rel
1725 2784 1770 2824 au-

95 2878 167 2933 quos
184 2861 214 2916 iu
236 2860 373 2917 auxilium
391 2861 434 2917 sui
453 2863 591 2917 advocare
610 2865 753 2933 potuerat,
771 2861 906 2934 injuriam
957 2863 1047 2919 dierat
1057 2863 1207 2934 magnifice
1218 2863 1318 2935 viguit,
1329 2861 1547 2933 delectabilique
1558 2863 1650 2919 relatu
1662 2879 1771 2929 rerum,

95 2954 270 3028 expulsionis
296 2972 354 3011 suae
386 2955 453 3011 forti
484 2971 587 3027 guerra
613 2955 813 3011 vindicaverat.
840 2956 907 3011 illuc
957 2973 1028 3029 quas
1047 2957 1078 3011 iu
1098 2955 1198 3012 divinis
1216 2955 1409 3011 voluminibus
1429 2972 1479 3012 seu
1496 2955 1657 3028 peritorum
1679 2974 1772 3012 asser·

96 3048 219 3104 Falcone
238 3049 386 3104 confestim
403 3048 583 3116 adveniente,
599 3064 676 3120 aeger
693 3049 776 3104 valde
795 3048 908 3120 gavisus
918 3081 945 3154 C
958 3050 1084 3106 tionibus
1103 3050 1220 3106 rimatus
1236 3053 1288 3117 est,
1311 3048 1400 3104 socios
1418 3049 1564 3106 multoties
1578 3050 1689 3106 lenivit.
1704 3051 1773 3107 bliti-

96 3145 149 3210 cst,
166 3147 195 3198 et
208 3142 387 3198 manifestata
401 3142 574 3198 revelatione
588 3158 673 3215 quam
685 3141 776 3213 pridie
790 3142 906 3213 viderat,
956 3143 1010 3199 bus
1027 3149 1055 3199 et
1076 3143 1219 3212 modestis,
1234 3143 1409 3215 indoctisque
1430 3143 1579 3215 neophytis
1601 3142 1770 3199 affabilitate

95 3236 257 3308 seculoque
281 3235 380 3291 relicte
404 3252 469 3291 eum
490 3236 618 3308 benigna
643 3235 792 3291 devotione
817 3235 908 3291 animi
957 3240 986 3291 et
998 3236 1139 3309 obsequiis
1151 3252 1263 3308 semper
1277 3236 1388 3308 placere
1400 3236 1525 3304 studuit;
1538 3236 1588 3292 sed
1602 3236 1734 3309 superbis
1744 3244 1773 3293 ct

95 3330 252 3386 monachus
271 3329 385 3386 effeetus
407 3334 458 3385 est.
479 3329 585 3386 Deinde
606 3333 718 3401 peccata
737 3345 787 3385 sua
804 3328 906 3400 lugens
957 3329 1185 3397 simulatoribus,
1214 3330 1432 3403 novitatumque
1453 3330 1698 3386 commentoribus
1724 3348 1772 3387 au·

95 3428 124 3478 et
139 3425 169 3478 in
185 3426 241 3479 Deo
257 3424 391 3496 gaudens,
408 3423 508 3479 eodem
526 3422 572 3479 die
589 3426 719 3478 mortuus
732 3427 784 3490 est,
800 3426 829 3477 ct
845 3438 905 3477 cer·
956 3423 1017 3480 daci
1034 3423 1255 3479 contradictione
1280 3423 1398 3479 viriliter
1416 3424 1548 3479 resistere
1571 3424 1702 3480 decrevit.
1727 3425 1772 3480 Bis

95 3533 149 3590 pus
171 3517 232 3590 ejus
252 3517 363 3573 Utieum
387 3517 515 3573 delatum
538 3519 591 3586 cst,
612 3516 709 3587 ibique
731 3516 761 3571 in
783 3515 906 3571 claustro
955 3517 986 3573 iu
1005 3517 1136 3589 Apuliam
1150 3517 1289 3589 permissu
1312 3517 1429 3589 Begerii
1444 3516 1552 3573 abbatis
1574 3521 1694 3590 propter
1716 3519 1769 3595 uti·

94 3611 304 3667 monachorum
324 3628 341 3667 a
362 3611 470 3667 domno
487 3609 587 3666 abbate
606 3610 733 3666 Osberno
755 3615 784 3666 et
801 3627 818 3664 a
837 3625 906 3665 cou-
956 3609 1064 3666 litatem
1094 3610 1232 3666 Uticensis
1261 3611 1384 3666 ecclesiae
1410 3612 1553 3682 perrexit,
1583 3611 1681 3684 ibique
1707 3612 1772 3667 Wil-

93 3709 180 3761 veutu
194 3706 221 3762 S.
236 3705 343 3760 Ebrulli
355 3705 511 3761 honorifice
526 3705 653 3776 sepultus
666 3709 717 3759 est.
955 3705 1077 3760 lelmum
1098 3705 1218 3760 fratrem
1235 3721 1329 3772 suum,
1347 3704 1473 3776 aliosque
1492 3706 1596 3760 multos
1615 3722 1652 3760 cx
1672 3721 1772 3777 pareu-

129 3800 267 3855 Ucfuncto
287 3799 382 3871 itaque
400 3798 535 3868 Ernalde,
550 3801 610 3854 tota
628 3798 833 3855 Gereianorum
853 3813 905 3852 no·
956 3799 1015 3854 tela
1035 3813 1094 3865 suu,
1120 3797 1168 3870 qui
1192 3798 1221 3852 iu
1247 3803 1344 3853 extera
1367 3797 1487 3869 regione
1510 3797 1615 3853 divitiis
1642 3797 1771 3854 abunda·

93 3893 187 3951 bilitas
206 3909 280 3965 pene
298 3892 414 3960 corruit,
429 3908 483 3947 nec
500 3891 575 3947 ullus
589 3896 767 3962 posterorum
784 3895 907 3947 stemma
956 3890 1035 3959 bant,
1065 3890 1182 3946 invenit.
1213 3891 1285 3946 Cum
1313 3890 1452 3946 Willelme
1478 3891 1580 3947 abbate
1601 3891 1631 3948 S.
1656 3892 1770 3964 Euphe-

92 3987 221 4059 priorum
246 4002 281 4041 ex
304 3987 418 4058 integro
442 4000 532 4057 usque
553 3983 640 4040 hodie
663 3983 781 4056 adipisci
803 3983 904 4056 potuit.
957 3984 1022 4040 miae
1036 3983 1093 4039 filie
1107 3983 1214 4039 Uafridi
1232 3983 1267 4039 de
1279 3984 1394 4040 TeUiolo
1408 3985 1467 4041 fere
1480 3984 1571 4040 tribus
1583 3984 1667 4041 aunis
1680 3985 1709 4040 in
1723 3985 1772 4042 Ca·

93 4081 143 4136 ilic
163 4081 305 4147 Ummam,
324 4077 447 4134 Turstini
468 4082 661 4150 cognomento
683 4077 787 4132 llalduc
806 4076 906 4145 liliam,
956 4076 1045 4132 labria
1067 4077 1187 4146 mansit,
1206 4083 1235 4133 et
1254 4078 1322 4133 indo
1344 4093 1478 4132 remeans
1496 4078 1623 4150 praedicti
1643 4078 1771 4147 abbatis,

93 4189 214 4229 uxorem
234 4172 365 4243 duxerat,
379 4188 412 4228 ex
432 4187 488 4244 qua
502 4170 675 4227 willelmum
689 4173 717 4226 et
736 4170 907 4226 flainaldum
957 4171 1038 4241 cujus
1049 4170 1110 4243 ipse
1128 4170 1313 4226 consobrinus
1331 4174 1402 4240 erat,
1417 4170 1494 4228 done
1513 4188 1643 4244 cappam,
1658 4188 1692 4228 ex
1706 4172 1772 4228 alba

93 4282 126 4322 ac
138 4265 325 4322 Petronillam
341 4269 427 4338 atque
440 4266 556 4334 Geram,
571 4264 698 4336 aliosque
711 4263 783 4319 filios
796 4269 824 4319 et
836 4263 908 4319 filias
957 4280 1084 4337 purpum
1097 4264 1125 4319 S.
1146 4263 1262 4346 Ebrulfe
1283 4263 1395 4320 detulit.
1411 4265 1459 4319 ilic
1477 4264 1513 4320 ab
1526 4265 1648 4321 infantia
1660 4282 1773 4322 monas·

93 4361 243 4417 habuerat.
270 4359 324 4424 Qui
350 4363 446 4431 patre,
472 4358 541 4414 dum
568 4357 661 4414 adhuc
685 4357 767 4412 viridi
787 4357 907 4429 juventa
957 4357 1025 4412 tices
1049 4356 1262 4413 observationes
1286 4357 1466 4413 laudabiliter
1488 4358 1593 4429 teuuit,
1618 4359 1773 4433 divinoque

92 4453 219 4511 maxime
240 4454 366 4521 floreret,
388 4453 418 4508 in
438 4451 543 4509 teneris
565 4451 647 4506 aunis
668 4450 806 4519 destituti,
828 4457 858 4507 et
877 4446 1044 4522 inDeullui
1060 4454 1143 4506 nocte
1159 4450 1262 4524 dieque
1276 4451 1418 4508 ferventer
1435 4451 1559 4507 inhesit.
1579 4453 1772 4509 psalmodiam

93 4548 217 4605 externis
231 4547 362 4603 domibus
380 4551 410 4603 ut
426 4562 512 4618 supra
529 4544 595 4600 satis
612 4544 788 4601 ostendimus
803 4545 905 4600 consti·
956 4550 1016 4601 taur
1029 4543 1247 4616 infatigabiliter
1261 4544 1384 4600 vidimus
1396 4561 1463 4600 eum
1474 4546 1646 4617 plerumque
1662 4551 1771 4617 tenere,

92 4641 156 4709 tuti,
176 4642 265 4697 coacti
283 4646 350 4697 sunt
368 4639 487 4712 inopias,
503 4638 655 4710 pluresque
669 4637 789 4708 injurias
807 4637 841 4693 ab
860 4638 905 4693 in·
956 4641 989 4693 ut
1007 4638 1051 4693 vix
1067 4655 1141 4692 uuus
1159 4637 1312 4693 versiculus
1331 4639 1367 4693 ab
1379 4639 1442 4694 aliis
1456 4639 1485 4694 iu
1502 4639 1588 4696 choro
1604 4656 1655 4695 suo
1667 4641 1772 4711 psalle·

90 4735 183 4791 santia
205 4735 328 4807 perpeti.
350 4735 439 4791 Mater
460 4734 495 4789 ad
515 4732 665 4787 Eudonem
687 4731 803 4786 fratrem
823 4747 906 4786 surum
956 4736 1036 4787 retur
1053 4731 1116 4804 ipse
1137 4734 1259 4788 tacente.
1280 4732 1332 4788 Sed
1352 4732 1425 4787 sicut
1440 4731 1578 4804 scriptum
1593 4735 1657 4788 est:
1676 4735 1773 4790 Multa

92 4828 273 4886 Nermauuici
289 4828 368 4884 ducis
384 4827 555 4900 dapiferum,
568 4825 617 4898 qui
633 4825 662 4880 in
681 4841 754 4896 pago
768 4825 905 4881 Constan-
956 4827 1146 4881 tribulationes
1155 4825 1293 4895 jrutorum
1305 4825 1390 4897 [Patri.
1408 4841 1455 4894 vu,
1469 4824 1525 4896 20),
1540 4825 1587 4881 bic
1601 4827 1707 4882 multas
1719 4827 1771 4883 ad·

93 4922 153 4978 tino
167 4921 271 4977 divitiis
286 4925 315 4976 ct
331 4924 472 4993 potestate
493 4920 568 4976 iuter
582 4917 764 4975 Nermanniae
777 4935 907 4990 proceres
957 4918 1102 4975 versitates
1121 4934 1270 4990 perpessus
1291 4924 1334 4975 est
1355 4918 1571 4990 importunitate
1595 4919 1772 4977 tumultuum

91 5015 245 5085 eminebat,
267 5015 391 5082 secessit,
408 5019 436 5070 et
455 5018 513 5069 tam
534 5012 609 5085 apud
629 5012 709 5068 illum
729 5028 813 5084 quam
832 5013 907 5083 apud
957 5011 1124 5068 interiorum
1137 5017 1163 5068 et
1175 5011 1360 5067 exteriorum.
1372 5014 1443 5067 Nam
1454 5012 1522 5084 quia
1533 5011 1640 5085 rigidus
1649 5019 1679 5069 et
1688 5031 1773 5087 asper

91 5108 160 5164 alios
173 5108 276 5164 amices
287 5124 352 5163 suos
361 5107 391 5163 in
401 5107 538 5164 viduitate
548 5123 621 5178 pene
631 5121 685 5160 xxx
695 5105 778 5161 aunis
789 5106 907 5161 honeste
957 5109 1019 5161 erut
1029 5105 1197 5176 temerariis,
1208 5109 1292 5178 atque
1301 5104 1412 5162 adulari
1424 5105 1634 5178 dedignabatur
1641 5107 1774 5181 hypocri-

91 5201 171 5257 vixit.
198 5201 332 5257 Castitatc
359 5206 387 5256 ct
417 5200 652 5269 mansuetudine,
680 5199 798 5270 aliisque
823 5198 907 5254 bonis
956 5199 1002 5269 tis,
1017 5215 1092 5270 saepe
1103 5198 1286 5254 conturbatus
1300 5201 1342 5253 est
1353 5214 1452 5255 eorum
1464 5198 1693 5257 infestationibus
1702 5203 1774 5257 mul·

90 5295 289 5353 honestatibus
321 5294 471 5350 laudabilis
500 5293 620 5363 exstitit,
647 5310 679 5349 ac
707 5293 743 5348 ad
774 5291 907 5348 ultimum
956 5292 1082 5349 timedis.
1099 5291 1327 5365 aequiuocum
1345 5293 1394 5348 Dei
1412 5292 1665 5364 omniaiutuetur,
1683 5295 1773 5351 subti-

90 5405 180 5462 prepe
200 5389 288 5445 linem
310 5404 395 5444 suum
415 5387 547 5444 seculare
565 5388 681 5444 schema
699 5385 824 5459 reliquit,
843 5392 907 5442 eta
956 5386 1033 5459 lique
1053 5385 1161 5458 judicie
1186 5384 1332 5459 redarguit
1353 5403 1388 5442 ea
1409 5385 1497 5442 ctiam
1522 5403 1586 5459 quar
1608 5387 1773 5446 homiuibus

90 5481 196 5538 domno
220 5482 345 5554 Rogerio
368 5482 471 5539 abbate
495 5481 606 5538 Sanetae
628 5479 771 5536 Trinitatis
792 5479 907 5552 Exequii
956 5479 1098 5536 laudanda
1114 5479 1256 5547 videntur,
1276 5480 1445 5552 praedictum
1462 5479 1580 5536 fmtrem
1599 5480 1637 5537 ab
1653 5480 1774 5538 infautia

90 5591 202 5632 sacrum
219 5575 348 5632 velamen
361 5592 427 5633 eum
441 5575 591 5634 devotione
604 5573 722 5646 accepit.
955 5572 1122 5629 infirmitate
1136 5572 1264 5646 eorporis
1278 5572 1426 5646 corripuit,
1440 5579 1470 5630 et
1481 5572 1538 5629 huc
1552 5590 1656 5649 usque,
1669 5575 1772 5649 utius-

125 5668 285 5728 Willelmus
314 5670 351 5728 de
376 5652 535 5740 Excalfoio,
555 5666 765 5743 primogenitus
790 5667 907 5723 Emaldi
955 5669 1002 5722 tus
1028 5666 1203 5739 justificetur
1232 5665 1341 5736 adhuc,
1370 5665 1565 5724 membrorum
1594 5666 1772 5727 debilitatem

82 5763 173 5833 lilius,
186 5768 217 5823 ut
228 5780 319 5824 anuos
330 5764 531 5826 adolescentie
542 5762 649 5839 attigit,
662 5761 770 5821 curiam
782 5760 906 5837 Philippi
956 5763 1145 5837 augmentare
1157 5776 1216 5819 ueu
1229 5758 1347 5818 debut
1366 5762 1392 5819 ts
1408 5759 1487 5819 cuim
1503 5760 1535 5819 io
1551 5760 1687 5837 puerilis,
1703 5761 1772 5839 quia
