3750 6046
501 205 671 265 aristote:
690 210 732 267 ΕΤ
751 211 951 270 Pntt'ttnetn.
970 243 1005 257 ·-
1021 216 1078 272 AN.
1101 219 1177 273 tter.
1615 220 1682 279 1530

74 339 125 378 mo
139 322 269 379 examine
285 324 420 382 districte
433 326 534 383 ultioni
553 331 707 403 subjaceat.
721 335 812 390 Cunc-
825 349 854 422 Α
899 338 1014 403 Quoties
1029 341 1099 396 illud
1123 341 1237 397 anobis
1260 342 1378 415 petitur,
1404 344 1481 417 qnod
1497 345 1632 417 religioni
1655 349 1686 402 et

76 421 146 472 rtem
167 417 261 473 eidem
277 419 340 474 loco
359 421 489 493 suajura
503 426 679 481 servantibus
700 429 736 484 sit
758 446 813 502 pax
864 433 1007 490 honestati
1032 434 1210 506 dignoscitur
1232 439 1393 506 convenire,
1412 439 1510 495 auimo
1530 456 1582 495 nos
1604 440 1685 496 decet

74 511 111 565 ini
125 513 214 566 nostri
232 515 297 568 tesu
307 513 419 583 Christi,
433 523 572 587 qnatenus
588 520 675 575 ethic
689 521 813 578 tractum
865 526 963 582 libenti
978 529 1135 585 concedere
1150 534 1179 585 et
1191 531 1350 602 petentium
1361 531 1511 588 desideriis
1521 549 1682 606 congruum

74 622 81 657 r
103 605 222 660 actionis
242 607 411 678 percipiant,
432 613 462 663 et
475 611 550 681 apud
566 612 724 669 districtum
733 615 811 687 judi·
864 619 1005 692 impertiri
1019 621 1199 694 suffragium.
1219 625 1387 697 Eapropter‚
1403 624 1497 681 dilecti
1512 626 1543 682 in
1561 626 1681 684 [lonrino

74 701 192 770 premia
205 706 320 756 eterne
336 703 413 773 pacis
428 703 584 761 inveniant.
599 709 702 779 Amen,
715 725 811 780 amen,
863 714 921 781 lilii,
939 715 1039 770 vestris
1056 716 1140 786 justis
1154 717 1391 787 postulationibus
1404 718 1561 775 clementer
1574 719 1680 775 annui·

74 810 92 847 t·
863 824 936 875 mus,
960 808 1202 880 predecessorum
1230 813 1393 866 nostrorum
1418 813 1506 868 lelicis
1530 814 1680 870 memorie

76 903 93 941 o
108 887 258 956 Adrianus,
275 890 421 946 catholice
437 893 565 948 Ecclesiae
581 894 739 967 episcopus.
861 902 972 970 Cabrti,
988 903 1113 971 llonorii,
1127 904 1282 960 iunocentii
1297 912 1327 961 et
1350 906 1471 978 Eugenii
1486 907 1681 963 Romanorum

75 981 268 1052 adegarius,
282 984 445 1040 sabinensis
455 987 613 1059 episeopus.
861 995 1029 1065 pontificum
1052 997 1178 1068 vestigiis
1200 998 1382 1066 inherentes,
1410 1000 1559 1056 ecclesiam
1584 1000 1681 1057 Sancti

73 1075 257 1143 otlubaldus,
276 1078 425 1149 presbyter
440 1080 590 1136 cardinalis
606 1083 679 1138 tituli
701 1088 811 1141 Sancte
861 1088 1009 1161 liudperti,
1036 1091 1065 1145 in
1088 1106 1143 1162 qua
1158 1091 1252 1146 divino
1276 1093 1430 1164 mancipati
1449 1093 1517 1148 estis
1539 1094 1679 1167 obsequio
1735 1083 1739 1090 ’

73 1169 137 1223 adis.
860 1182 913 1236 sub
936 1183 966 1237 B.
984 1184 1061 1238 Petri
1085 1191 1114 1241 et
1140 1188 1235 1240 nostra
1260 1186 1434 1258 protectione
1456 1187 1625 1259 suscipimus
1651 1193 1680 1245 et

72 1278 88 1316 o
102 1263 200 1331 tulius,
215 1264 364 1337 presbyter
376 1267 526 1324 cardinalis
542 1269 618 1325 tituli
632 1272 725 1327 Sancti
736 1273 809 1329 llar-
860 1276 1010 1347 presentis
1023 1277 1121 1349 scripti
1132 1278 1283 1350 privilegio
1292 1279 1515 1336 communimus.
1536 1282 1566 1337 ln
1577 1280 1680 1354 primis

860 1369 1003 1441 siquidem
1026 1374 1184 1427 statuentes
1197 1377 1229 1427 ut
1243 1372 1314 1428 ordo
1329 1373 1492 1444 canonicas,
1516 1373 1566 1447 qni
1578 1390 1678 1430 secun·

73 1466 85 1505 a
98 1451 273 1523 Octavianus,
290 1454 438 1526 presbyter
449 1457 684 1515 cardinalistituli
699 1461 809 1517 Sancte
860 1462 930 1518 dum
942 1463 1095 1519 [lominum
1112 1468 1141 1520 et
1154 1468 1183 1522 n.
1200 1467 1349 1538 Augustini
1365 1468 1505 1538 Regulam
1519 1473 1605 1540 atque
1631 1467 1679 1522 in-

76 1545 121 1599 iae·
859 1560 1038 1616 stitutionem
1046 1563 1218 1618 venerabilis
1226 1563 1325 1619 iratris
1337 1565 1426 1620 nostri
1439 1564 1680 1621 bone¹memorie

73 1644 243 1713 ellenricus,
257 1646 406 1719 presbyter
420 1648 572 1705 cardinalis
594 1650 669 1707 tituli
688 1655 807 1709 Sancto·
858 1654 981 1711 Conradi
1015 1655 1224 1727 salzburgensis
1251 1657 1458 1730 archiepiscopi
1483 1659 1612 1715 noscitur
1632 1659 1678 1714 in·

73 1737 151 1793 terei
164 1744 192 1793 et
211 1739 341 1795 Achillei.
818 1720 974 1804 Betitutus
995 1749 1139 1821 perpetuis
1160 1749 1267 1806 ibidem
1279 1751 1457 1823 temporibus
1479 1751 1679 1808 inviolabiliter

73 1831 170 1899 aOdo,
186 1833 321 1890 diaconus
343 1835 497 1892 cardinalis
519 1838 612 1894 Sancti
634 1839 749 1914 Georgii
771 1841 808 1897 ad
859 1841 1036 1898 observetur.
1058 1843 1206 1899 sancimus
1222 1844 1309 1900 etiam
1332 1848 1363 1899 ut
1387 1845 1485 1900 nullus
1507 1844 1623 1900 deloco
1648 1846 1678 1900 in

73 1941 236 1982 naureum.
859 1952 915 2008 quo
933 1937 1032 1994 statuti
1057 1937 1134 2005 estis,
1152 1954 1198 1992 vos
1214 1938 1317 1993 audeat
1333 1954 1467 1995 amovere
1481 1942 1532 1993 ant
1545 1938 1678 1994 ordinem

73 2020 197 2090 scaldo,
209 2021 344 2078 diaconus
364 2024 519 2081 cardinalis
539 2025 651 2085 Sancte
665 2030 759 2086 llarie
778 2030 808 2087 in
857 2030 974 2086 alterius
1002 2030 1186 2102 professionis
1208 2047 1354 2103 supervos
1377 2032 1522 2089 inducere.
1542 2033 1681 2088 Praeterea

73 2129 109 2170 tu.
858 2140 1045 2196 quascunque
1065 2124 1267 2197 possessiones,
1282 2142 1461 2198 quecunque
1483 2126 1561 2182 bona
1575 2126 1677 2182 eadem

73 2223 84 2262 a
106 2208 176 2276 odo,
194 2209 329 2265 diaconus
347 2212 499 2268 cardinalis
514 2216 609 2274 Sancti
634 2220 741 2276 Nicolai
778 2221 808 2276 in
857 2218 975 2275 ecclesia
994 2218 1246 2292 inpresentiarum
1258 2219 1334 2290 jaste
1348 2224 1378 2274 et
1391 2219 1526 2275 canonice
1541 2219 1678 2291 possidet,

73 2317 108 2357 :re
127 2303 266 2359 Tulliano.
857 2317 907 2368 aut
921 2312 951 2369 in
976 2312 1106 2369 futurum
1123 2314 1304 2370 concessione
1321 2312 1499 2385 pontificum,
1521 2313 1677 2385 largitione

72 2412 81 2449 r
106 2397 254 2466 bonadies,
284 2399 421 2455 diaconus
444 2402 596 2460 cardinalis
620 2406 718 2463 Sancti
746 2410 806 2464 Aa·
857 2422 960 2478 regum
990 2408 1034 2462 vel
1063 2406 1248 2478 principum,
1275 2407 1422 2462 oblatione
1449 2406 1597 2475 fidelium,
1627 2423 1678 2464 seu

856 2500 918 2556 aliis
936 2500 1136 2573 justismodis,
1160 2503 1313 2573 prestante
1334 2501 1464 2568 Domino,
1481 2501 1589 2573 poterit
1613 2500 1676 2557 adi·

72 2587 807 2660 umLateranipermannmlllberti,Sanctihdriani
857 2594 938 2665 pisci,
954 2594 1039 2649 tlrme
1062 2594 1142 2649 vobis
1164 2594 1319 2666 vestrisque
1334 2594 1543 2649 successoribus
1567 2597 1596 2650 et
1619 2594 1677 2650 illi·

72 2678 95 2732 ai
104 2680 263 2749 cardinalis,
277 2683 367 2737 vicem
377 2684 474 2739 domni
483 2685 612 2756 llolandi,
626 2692 733 2743 sancte
743 2691 796 2745 llo-
856 2686 919 2742 bata
932 2691 1129 2759 permaneant.
1154 2687 1183 2742 ln
1207 2687 1311 2759 quibus
1324 2687 1386 2744 heo
1408 2687 1531 2760 propriis
1544 2686 1678 2744 duximus

72 2790 78 2827 r
93 2773 220 2829 Ecclesiae
233 2774 393 2847 presbyteri
408 2778 564 2834 cardinalis
588 2786 615 2836 et
632 2782 805 2851 cancellarii,
856 2779 1043 2852 exprimenda
1056 2780 1200 2836 vocabulis
1218 2803 1223 2835 :
1239 2781 1372 2853 Longon,
1387 2798 1452 2838 cum
1468 2781 1603 2838 omnibus
1615 2797 1679 2853 per-

72 2866 164 2935 rtis,1v
179 2868 243 2923 ldus
258 2869 432 2942 Novembris,
447 2871 603 2929 indictione
618 2890 654 2942 vr,
669 2876 804 2931 incarne·
856 2873 985 2928 tinentiis
998 2873 1056 2928 suis
1068 2891 1078 2943 ;
1092 2875 1262 2943 ilrencecar‚
1273 2890 1337 2929 cum
1350 2874 1484 2930 omnibns
1497 2875 1677 2946 pertinentiis

82 2960 805 3037 [lominiceannoltttt‚p0ntitlcatusvarod0mni
856 2967 935 3035 suis;
963 2966 1093 3034 Seldori,
1118 2983 1184 3021 cum
1218 2966 1353 3021 omnibns
1383 2966 1564 3038 pertinentiis
1594 2966 1675 3037 suis;

72 3052 101 3108 ni
116 3071 196 3126 pape
217 3056 259 3126 tv,
275 3073 351 3112 anuo
367 3059 460 3114 tertio.
813 3063 1046 3159 Clloerdingen,
1057 3080 1123 3119 cum
1137 3064 1463 3135 omnibuspertineutiis
1476 3065 1553 3132 suis;
1568 3065 1676 3121 Salinas

336 3153 443 3209 cxtvt.
852 3157 883 3212 iu
899 3158 985 3227 llalle,
1000 3174 1067 3213 cum
1093 3157 1222 3213 curtibus
1244 3162 1273 3213 et
1286 3157 1447 3229 mancipiis,
1469 3161 1498 3213 et
1512 3157 1576 3213 aliis
1587 3157 1675 3229 perti·

72 3245 160 3311 epium
170 3259 223 3315 pro
240 3246 410 3316 parthenone
427 3248 455 3304 S.
476 3247 598 3319 Spiritus
610 3251 800 3308 Puraolitcnss'.
851 3251 957 3307 nentiis
969 3251 1035 3306 suis.
1052 3253 1084 3306 ln
1094 3251 1227 3306 orientali
1241 3250 1324 3322 plaga
1339 3252 1448 3318 vineas,
1458 3266 1554 3321 agros,
1569 3256 1675 3321 curtes,

251 3338 405 3409 (Laterani,
418 3341 482 3396 hcc.
500 3343 535 3412 l.)
851 3343 983 3412 familias,
999 3361 1065 3400 cum
1078 3344 1212 3400 omnibus
1232 3344 1415 3416 pertinentiis
1430 3345 1506 3410 suis;
1523 3342 1673 3414 arnstorff,

219 3432 301 3506 [Opp.
321 3434 473 3506 ethelardi,
493 3436 567 3510 ibi]
851 3452 917 3491 cum
931 3436 1069 3492 omnibus
1083 3437 1267 3508 pertinentiis
1282 3437 1359 3492 suis:
1384 3435 1518 3505 Peberar,
1532 3452 1597 3491 cum
1612 3452 1674 3491 om·

72 3543 157 3584 nima
171 3528 332 3600 episcopus,
348 3545 444 3585 servus
458 3546 603 3586 servarum
617 3532 675 3602 hei,
692 3533 802 3590 dilectis
850 3530 934 3585 nibus
947 3528 1131 3603 pertiuentiis
1144 3531 1213 3598 suis,
1240 3534 1268 3585 et
1282 3546 1314 3584 ea
1331 3546 1395 3602 que
1406 3530 1482 3601 juste
1504 3534 1532 3583 et
1544 3529 1674 3600 legitima

72 3622 150 3677 iristo
166 3622 278 3677 liliabus
301 3625 444 3679 liscorssn
458 3625 618 3693 abbatisse,
634 3628 800 3700 ceterisque
850 3623 995 3695 possidere
1021 3623 1158 3679 videmini
1178 3625 1207 3678 in
1234 3623 1435 3694 Salzbnrgeusi
1458 3638 1544 3694 pago,
1569 3627 1627 3678 tam
1642 3623 1674 3679 in

71 3717 151 3771 torio
173 3717 267 3772 Sancti
281 3718 414 3789 Spiritus,
429 3718 505 3789 quod
527 3718 556 3773 in
577 3736 653 3792 pago
667 3721 799 3779 Trecensi
850 3718 928 3790 agris
942 3734 1032 3790 qnam
1051 3718 1080 3772 in
1095 3718 1184 3790 pratis
1200 3722 1228 3772 et
1238 3717 1403 3784 novalibus;
1416 3716 1563 3773 eeclesiam
1577 3715 1675 3773 Sancti

79 3815 132 3876 est,
147 3811 242 3866 divino
266 3811 415 3867 famulatui
440 3812 620 3885 mancipatis,
635 3820 690 3871 etc.
714 3815 757 3886 [nt
770 3818 800 3871 in
849 3811 953 3881 iacobi,
968 3812 1075 3884 quein
1090 3811 1294 3883 Salzbnrgeusi
1314 3810 1426 3866 civitate
1437 3811 1517 3883 justa
1531 3816 1673 3867 monaste·

73 3907 115 3959 ori
130 3908 245 3973 Eupcnti
258 3906 358 3976 epistt
849 3906 924 3961 num
949 3909 1076 3961 vestram
1093 3906 1146 3960 sita
1168 3909 1309 3972 est,cum
1334 3904 1471 3961 omnibus
1494 3903 1674 3977 pertinentiis

72 4014 89 4053 a
118 4015 183 4053 vero
213 3999 249 4053 de
275 4000 416 4065 Petuaria,
451 4000 624 4072 Triagnello,
652 4003 798 4067 Leavalle,
849 4000 927 4070 suis;
955 4001 1069 4072 Pangor
1089 4004 1188 4055 autem
1204 3999 1421 4072 lloplgartcum
1441 3998 1673 4070 omnibusperti-

71 4096 108 4159 to,
129 4093 225 4147 Sancti
241 4093 349 4162 l'laviti,
364 4093 606 4166 quemadmodum
620 4096 699 4153 vobis
713 4097 797 4153 ratio·
849 4094 1030 4150 nentiissuis.
1040 4095 1156 4150 Sanam
1169 4093 1233 4165 quis
1243 4097 1370 4148 vestrum
1385 4092 1558 4149 clericnsvel
1572 4091 1673 4161 laicus,
1781 4116 1789 4127 .

74 4190 117 4241 ter
131 4203 263 4242 concessa
276 4194 350 4256 sunt,
367 4187 537 4243 auctoritato
552 4188 629 4244 vobis
642 4190 799 4262 apostolica
849 4192 913 4261 post
923 4188 1130 4260 professionem
1139 4187 1299 4243 exhibitam
1314 4187 1461 4261 proprium
1472 4186 1542 4259 quid
1553 4186 1672 4254 habere,

71 4297 195 4348 mamus,
215 4285 269 4336 etc.
849 4299 922 4338 neve
935 4283 996 4338 sine
1009 4281 1121 4337 abbatis
1136 4282 1179 4337 vel
1195 4281 1428 4353 congregationis
1438 4281 1552 4336 licentia
1559 4279 1673 4336 claustri

72 4376 798 4448 umLaterani,permanumhiberti,SanctiAdr·iani
851 4375 1099 4432 cohabitationem
1134 4374 1266 4431 deserere
1301 4373 1428 4438 audeat,
1463 4373 1673 4429 interdicimus.

71 4467 94 4521 ri
105 4468 267 4531 cardinalis,
276 4470 365 4524 vicem
375 4469 485 4525 domini
494 4470 623 4539 notandi,
633 4473 799 4528 sanctelto·
810 4456 840 4529 D
853 4469 1044 4526 Prohibemns
1058 4468 1146 4524 etiam
1159 4474 1192 4524 ut
1215 4468 1310 4523 nullas
1322 4467 1447 4524 ecclesie
1472 4469 1573 4522 vestre
1588 4465 1674 4523 advo·

71 4562 222 4617 rEcclesire
242 4563 398 4634 presbyteri
412 4564 565 4620 cardinalis
579 4568 607 4619 et
628 4566 799 4636 cancellarii,
851 4567 929 4620 catus
952 4563 1042 4619 elinm
1069 4579 1120 4635 pro
1142 4579 1171 4619 se
1205 4562 1389 4630 substituere,
1412 4561 1458 4617 vel
1481 4576 1529 4616 vos
1557 4559 1672 4632 injustis

73 4653 117 4724 tis,
134 4655 194 4709 llal.
208 4657 381 4726 Decembris,
396 4658 455 4713 ind.
471 4674 508 4727 xv,
525 4660 732 4716 lucarnationis
748 4662 801 4716 llo·
851 4656 1047 4714 vexationibus
1056 4656 1179 4728 fatigare
1190 4660 1354 4728 presumat.
1365 4655 1532 4711 Nullietiam
1539 4654 1671 4726 episcopo

71 4763 93 4800 e
107 4763 182 4802 anno
197 4751 279 4817 tter,
294 4751 477 4822 pontificatus
490 4768 556 4808 vero
571 4752 671 4809 donini
683 4753 800 4810 Adriani
849 4751 967 4807 licentia
988 4755 1086 4822 pateat
1100 4750 1234 4822 angarias
1257 4749 1300 4805 vel
1323 4749 1393 4805 alias
1408 4765 1495 4805 novas
1508 4748 1673 4804 exactiones

81 4841 112 4894 lV
125 4858 200 4898 anno
216 4858 256 4898 nr.
849 4844 988 4901 canonice
1002 4844 1093 4917 quieti
1109 4849 1139 4898 et
1152 4842 1286 4915 religioni
1300 4842 1459 4898 contrarias
1470 4841 1551 4898 vobis
1564 4841 1607 4896 vel
1623 4856 1669 4896 ec·

329 4915 451 4972 CXLVH·
850 4939 1051 4994 clesievestre
1065 4937 1224 5009 imponere.
1237 4936 1367 4992 tibeunte
1380 4941 1497 5004 veruta,
1512 4950 1589 4991 nunc
1598 4935 1672 5007 ejus·

71 5014 177 5070 immin
192 5016 222 5071 S·
238 5017 371 5074 Rt‘dbmt'
383 5019 605 5090 &diffitentem
618 5022 747 5078 tuendam
852 5032 918 5088 dem
942 5032 997 5088 loci
1020 5032 1121 5087 abbate
1138 5031 1182 5086 vel
1197 5035 1311 5086 tuorum
1325 5030 1454 5103 quolibet
1466 5045 1670 5098 successorum,

87 5098 197 5166 ⁸U⁸⁶fPi⁸
212 5102 237 5152 θ’
256 5097 312 5166 ⁶1²⁶
328 5099 398 5154 ⁶⁰²¹⁰
416 5115 448 5154 ‘⁸⁶
460 5101 530 5170 jum
543 5104 691 5171 mmmm·
850 5126 944 5181 nullas
958 5125 998 5182 ibi
1010 5124 1140 5197 qualibet
1150 5124 1343 5197 subreptionis
1356 5123 1460 5180 astutia
1469 5139 1520 5178 seu
1535 5121 1671 5178 violentia

192 5191 346 5261 (mmuh
373 5193 509 5249 ⁰9⁰⁰mb·
535 5194 592 5265 3⁰·)
849 5223 1043 5292 preponatur,
1059 5218 1116 5274 nisi
1137 5218 1341 5291 quemlratres
1362 5217 1506 5273 communi
1519 5233 1670 5286 consensu,

145 5288 285 5358 {Hllffltb
301 5290 389 5347 Germ.
403 5305 492 5359 liciti,
503 5293 536 5359 lb
550 5291 624 5366 25⁴·]
849 5312 892 5368 vel
907 5313 1028 5369 fratrum
1041 5329 1108 5385 pers
1121 5311 1233 5368 consilii
1254 5310 1384 5375 sanioris,
1400 5310 1557 5367 secundam
1569 5310 1670 5368 Domi·

74 5421 150 5461 rencs
170 5406 327 5478 episcopus,
342 5423 440 5462 servus
453 5424 601 5463 serrorum
615 5409 675 5477 Dei,
691 5410 799 5466 dilectis
849 5423 919 5462 num
933 5411 963 5464 et
972 5406 1049 5463 beati
1060 5405 1209 5478 Augustini
1219 5404 1553 5478 Regulam,provideriut
1562 5404 1670 5478 eligen-

70 5501 159 5556 traovr
170 5500 319 5572 preposito
329 5501 421 5557 Sancti
433 5502 568 5559 liudberti
584 5503 799 5576 Salsbnrgcnsis
850 5500 931 5556 dum.

70 5593 118 5661 ie,
140 5596 256 5666 ejusque
279 5595 413 5650 iratribus
435 5600 490 5650 tam
505 5598 694 5669 presentibus
708 5616 798 5670 qnam
884 5594 1076 5650 Decernimns
1090 5610 1161 5666 ergo
1176 5594 1284 5650 utnulli
1297 5594 1415 5650 omnino
1425 5593 1578 5650 hominnm
1591 5592 1672 5648 liceat

70 5704 102 5756 s,
137 5689 302 5744 canonicam
340 5690 426 5745 ritem
454 5692 605 5762 protessis,
635 5692 664 5747 in
697 5708 796 5766 perpe·
848 5688 999 5759 praelatam
1022 5688 1174 5744 Ecclesiam
1205 5693 1313 5743 tonrcre
1342 5687 1513 5762 parturbare
1535 5693 1582 5741 aut
1608 5687 1670 5757 ejus

847 5781 1041 5857 possessiones
1054 5782 1177 5853 auterre,
1189 5783 1234 5838 vel
1248 5782 1357 5840 ablatas
1371 5782 1505 5851 retinere,
1528 5780 1668 5849 minuere,
