3750 6046
36 196 80 251 ut
474 197 628 257 ttlsruttta
648 195 914 256 ECCLESthTlCll.
927 229 962 241 -
977 200 1063 255 PARS
1081 202 1102 255 l.
1116 228 1150 239 -
1166 200 1230 255 Llll.
1252 197 1285 255 ll.
1670 200 1721 258 lta

37 340 48 360 ··
65 318 145 389 t'ale,
161 319 268 392 inquil,
284 319 426 390 plautilla,
442 326 557 378 aeternas
571 324 668 379 salutis
681 323 747 378 lilia.
769 346 782 372 »ι
804 325 853 379 De·
867 328 1030 411 Atempus,
1045 322 1259 393 maximumque
1268 321 1450 393 supplicium,
1462 328 1490 377 et
1503 326 1625 379 aeternus
1636 330 1721 380 restat

36 412 97 467 iude
113 413 205 484 petiit
217 414 253 469 ab
267 415 313 470 illa
329 419 361 470 ut
379 433 518 488 pannum,
536 434 593 490 quo
606 425 692 490 caput
707 419 769 490 ejus
780 421 856 489 lege·
906 417 1055 484 interitus;
1069 433 1121 488 pro
1136 415 1253 488 eoquod
1267 416 1342 472 iuter
1354 419 1456 472 calma
1468 418 1591 488 pessima
1604 434 1669 489 quta
1681 418 1721 473 le-

36 506 127 575 latur,
144 508 350 580 adligandum
365 511 460 566 oculos
480 512 551 567 hora
572 511 712 583 passionis
732 529 790 567 suas
802 512 856 566 sibi
906 511 979 580 cisti,
991 510 1720 581 multumsanguiuemjusborumiuJusteeiludisti.»

37 601 280 658 accommodaret.
296 604 345 659 llla
363 621 431 660 vero
448 604 520 659 lleus
544 605 606 675 ejus
632 605 805 660 orationibus
827 621 857 660 se
907 607 971 659 llaec
994 605 1102 672 dicens,
1117 605 1233 675 repente
1254 603 1404 675 disparuit.
1419 604 1493 658 Nero
1510 604 1662 675 siquidem,
1678 605 1721 660 his

39 695 266 763 mmmeudavit,
289 714 476 769 pannumque
502 699 636 753 festinate
660 698 800 770 porrexit,
829 701 857 753 et
908 698 1022 767 auditis,
1049 699 1121 752 ultra
1148 713 1235 768 quam
1262 696 1317 751 dici
1341 697 1429 768 possit
1449 697 1552 753 timore
1572 715 1721 769 percussus

39 788 189 859 paululum
206 789 235 844 in
247 793 358 861 partem
368 795 485 863 propter
499 792 592 862 plebis
603 792 856 864 impedimentum,
910 797 962 860 est,
983 796 1011 846 el
1038 790 1116 844 velut
1135 807 1235 845 amens
1247 789 1374 857 ellectus,
1389 791 1540 861 ignorabat
1554 792 1621 862 quid
1635 808 1722 863 agere

39 889 66 936 ut
76 883 232 954 Apostolus
245 885 271 939 ei
289 885 422 956 jusserat,
438 886 563 942 secessit.
579 885 785 942 lusultantibus
804 903 857 957 pa·
907 886 1056 957 potuisset.
1076 883 1202 939 Tandem
1220 883 1402 938 suadentibus
1428 885 1538 950 amicis,
1548 885 1633 957 jussit
1654 885 1724 939 solvi

41 977 126 1047 genis,
152 977 235 1049 quod
257 995 343 1049 mago
363 979 493 1035 crederet
516 997 547 1034 ac
571 978 735 1051 impostori,
756 980 858 1034 Paulus
908 980 1066 1034 Patroclum
1097 984 1124 1032 et
1151 977 1320 1046 llarnabam,
1343 977 1470 1050 aliosque
1487 979 1536 1050 qui
1558 980 1645 1035 vincti
1660 980 1725 1034 luc·

43 1087 99 1124 eam
118 1071 306 1140 confortavit,
323 1073 428 1144 jubens
448 1076 480 1128 ut
497 1090 624 1128 seorsum
644 1072 859 1145 praestolaretur
908 1075 972 1127 rant
993 1087 1058 1127 cum
1086 1072 1150 1126 illis.
1177 1070 1323 1142 Longinus
1348 1087 1474 1143 quoque,
1498 1072 1624 1144 sociique
1650 1075 1723 1145 ejus,

43 1164 195 1220 adrentum
210 1182 307 1234 suum,
323 1183 421 1221 secura
440 1166 523 1238 signa
543 1167 643 1222 mortis
657 1166 718 1238 ejus
738 1167 767 1221 in
787 1183 857 1238 pan·
909 1182 1004 1233 mane,
1029 1170 1061 1220 ul
1079 1164 1183 1220 Paulus
1205 1165 1259 1218 illis
1281 1165 1477 1232 constituerat,
1500 1165 1536 1221 ad
1559 1167 1723 1238 sepulcrum

46 1258 134 1313 riculo
165 1265 329 1330 receptura.
354 1259 517 1332 Longinum
533 1277 609 1328 vero,
628 1261 773 1331 sociosque
798 1260 859 1331 ejus
910 1260 971 1331 ejus
984 1262 1134 1327 venerunt,
1150 1259 1247 1330 ibique
1261 1259 1333 1313 ditos
1347 1259 1420 1313 viros
1435 1263 1557 1327 orantes,
1573 1267 1601 1315 et
1614 1261 1642 1314 in
1661 1278 1721 1316 me·

47 1353 189 1407 credentes
207 1353 307 1409 docuit
327 1354 426 1425 paucis
446 1355 626 1409 sermonibus
647 1353 771 1426 qualiter
793 1357 822 1409 et
843 1371 859 1408 a
910 1353 1067 1408 diocorum
1079 1357 1202 1407 stantem
1214 1351 1491 1421 Paulumviderunt3
1503 1353 1722 1426 admirabilique

47 1446 141 1517 quibus
155 1446 373 1517 baptizarentur
389 1453 450 1518 post
470 1447 580 1503 obitum
600 1447 672 1519 ejus.
688 1448 860 1503 Perveniens
911 1451 989 1502 metu
1025 1447 1275 1517 pertimescentes,
1301 1447 1418 1517 propius
1450 1447 1584 1502 accedere
1609 1449 1725 1503 reveriti

50 1545 140 1593 autem
162 1541 196 1594 ad
218 1540 363 1611 passionis
382 1541 486 1610 locum,
503 1541 538 1596 ad
557 1541 698 1596 orientem
716 1558 812 1595 versus
831 1542 860 1596 in
910 1547 985 1596 sunt.
1008 1544 1047 1595 dc
1075 1545 1106 1594 ut
1130 1541 1279 1611 praefectos
1304 1545 1331 1593 et
1358 1540 1567 1610 centurionem,
1594 1543 1641 1613 qui
1669 1544 1722 1597 mi·

51 1631 143 1686 selum
159 1649 264 1688 manus
279 1634 412 1705 tetendit,
427 1641 455 1689 et
468 1634 626 1690 diutissime
645 1651 711 1689 cuni
729 1635 860 1706 lacrymis
912 1635 995 1689 uistri
1008 1635 1083 1690 necis
1096 1635 1174 1689 Pauli
1197 1635 1322 1701 inerant,
1338 1635 1372 1688 ad
1393 1651 1423 1689 se
1443 1641 1628 1707 properantes
1645 1637 1723 1691 vide·
1814 1707 1816 1711 Ι

53 1726 182 1781 llebraiee
197 1729 300 1795 oravit,
316 1729 429 1800 [leoque
447 1729 552 1799 gratias
571 1729 641 1800 egit.
656 1727 763 1783 Deinde
785 1729 859 1783 vale·
871 1705 900 1777 B
913 1733 991 1796 runt,
1014 1733 1122 1784 terrore
1147 1728 1273 1782 humano
1296 1728 1434 1799 subrepti,
1459 1728 1553 1784 statim
1571 1729 1598 1783 in
1624 1730 1725 1802 lugam

53 1821 136 1875 diceus
153 1821 304 1889 iratribus,
320 1821 477 1891 benedixit,
492 1823 604 1894 sibique
619 1823 713 1876 oculos
726 1822 761 1877 de
780 1822 860 1877 Plau-
911 1823 984 1879 versi
998 1828 1073 1878 sunt.
1088 1823 1191 1876 Verum
1207 1822 1262 1876 illis
1274 1822 1319 1892 pie
1329 1820 1563 1893 supplicantibus,
1575 1827 1726 1890 steterunt,

54 1913 110 1968 tilla
124 1915 358 1986 materaligavit,
371 1915 401 1970 iu
417 1920 523 1970 terram
536 1916 863 1989 utrumquegenullexit
912 1920 941 1971 et
958 1917 1043 1971 tidem
1068 1933 1166 1971 eorum
1190 1915 1352 1982 audientes,
1368 1932 1433 1970 cum
1455 1916 1558 1987 gairdio
1584 1918 1728 1989 spirituali

54 2008 187 2062 eteullum
202 2007 335 2064 tetendit.
351 2009 511 2081 Spiculator
525 2026 592 2065 vero
604 2026 670 2064 eum
683 2009 787 2065 virtute
798 2026 862 2082 per-
913 2027 961 2066 eos
972 2010 1198 2082 baptizaverunt.

54 2101 130 2156 cussit
141 2107 171 2157 et
183 2107 271 2173 caput
283 2102 346 2173 ejus
359 2103 478 2158 abscidit
486 2121 494 2172 ;
512 2102 589 2174 quod
603 2106 754 2175 postquam
770 2121 862 2159 acor·
951 2106 980 2157 ln
994 2103 1042 2159 illo
1056 2109 1195 2175 tempore,
1211 2120 1315 2175 magna
1329 2103 1487 2175 persecutio
1501 2103 1728 2161 Christianorum

55 2211 112 2264 pore
132 2195 285 2267 praecisum
307 2195 494 2263 luit,nomen
514 2197 579 2251 lesu
597 2196 702 2251 Christi
727 2196 863 2251 Hebraico
913 2197 1049 2264 intonuit,
1071 2201 1099 2251 et
1124 2197 1216 2269 prima
1241 2197 1425 2268 sequentibus
1452 2197 1591 2252 eximium
1619 2199 1731 2254 virtutis

10 2356 13 2369 υ
56 2288 121 2342 clara
134 2305 202 2344 voce
219 2289 379 2360 personuit.
395 2290 496 2345 Statim
513 2290 548 2344 de
563 2306 683 2361 corpore
707 2291 769 2361 eJus
788 2290 864 2345 unda
914 2291 1078 2362 exemplum
1104 2306 1136 2344 ac
1155 2290 1323 2346 constantiae
1346 2289 1477 2360 praebuit.
1494 2292 1526 2345 ln
1540 2291 1637 2345 Tuscia
1660 2294 1728 2346 Tor-

10 2372 12 2389 '
56 2381 358 2439 lactisinvestimento
372 2383 470 2438 militis
489 2383 576 2438 exivit
595 2387 732 2455 etposlca
750 2384 864 2454 sanguis
914 2403 975 2457 pes,
994 2400 1113 2454 magnus
1135 2383 1164 2437 iu
1184 2383 1276 2439 oltlcio
1298 2383 1427 2451 Neronis,
1443 2388 1510 2455 post
1530 2385 1652 2455 plurima
1672 2392 1730 2440 tor·

58 2476 165 2530 adlusit.
180 2476 260 2532 Stola
280 2493 359 2544 vero,
379 2494 437 2550 qua
456 2476 508 2531 sibi
527 2477 663 2549 ligaverat
682 2477 788 2540 oculos,
805 2493 863 2531 nou
915 2484 1021 2545 menta,
1035 2476 1187 2532 decollatus
1200 2482 1251 2532 est.
1268 2477 1364 2531 liemae
1379 2478 1527 2532 Processus
1541 2483 1569 2532 et
1587 2479 1730 2533 lltartiuia·

59 2570 220 2641 comparuit.
233 2571 325 2625 Tanta
339 2570 425 2626 etiam
442 2570 512 2626 lucis
532 2571 711 2626 immensitas
723 2576 750 2627 et
769 2571 865 2626 odoris
917 2590 969 2626 nus
978 2575 1006 2627 et
1019 2588 1080 2626 xmv
1094 2570 1163 2625 socii
1177 2585 1287 2632 corum,
1299 2587 1315 2624 a
1330 2569 1412 2624 beato
1424 2570 1506 2626 Petro
1515 2573 1646 2642 apostolo
1658 2573 1729 2643 bap·

60 2665 172 2718 ueritas
199 2664 230 2719 iu
254 2668 401 2719 momento
428 2664 502 2719 illius
528 2664 728 2720 decollationis
755 2665 866 2720 coelitus
916 2666 993 2723 tizati
1023 2670 1097 2720 sunt.
1126 2665 1273 2734 Longinus
1297 2680 1425 2735 qnoque,
1450 2664 1554 2736 aliique
1583 2665 1658 2733 diro,
1680 2683 1732 2737 per

10 2760 12 2781 ¹
60 2757 866 2829 emicuitutmortaliumoculisplendoremilliussullerre
917 2759 1035 2815 Paulum
1050 2757 1176 2813 conversi
1199 2763 1276 2827 suut,
1291 2762 1319 2812 et
1341 2757 1433 2812 a‘lito
1457 2774 1490 2813 ac
1515 2759 1587 2812 lluca
1612 2760 1733 2815 salutare

60 2856 81 2902 et
92 2851 218 2906 humana
231 2851 333 2923 lingua
349 2852 465 2907 odorem
482 2869 598 2907 narrare
615 2852 785 2923 nequiverit.
801 2851 868 2906 Om·
917 2854 1059 2909 lavacrum
1084 2854 1280 2924 perceperunt.
1303 2850 1334 2905 lli
1360 2850 1497 2905 nimirum
1520 2850 1649 2907 doctores
1667 2869 1734 2908 siros

61 2945 173 3000 uesbaee
188 2946 317 3001 videntes
336 2946 416 3001 valde
437 2946 572 3000 admirati
585 2951 661 3014 sunt,
677 2950 706 3001 et
728 2945 866 3000 invictum
917 2946 973 3002 tide
988 2950 1016 3000 et
1034 2945 1172 3017 martyrio
1191 2944 1369 3016 pedetentim
1388 2945 1477 2998 secuti
1496 2950 1573 3000 sunt.
1586 2945 1735 3001 Mediolani

61 3038 158 3110 Regem
172 3039 293 3094 sabaoth
309 3040 339 3094 in
351 3040 471 3095 multam
485 3040 585 3095 horam
596 3040 793 3095 laudaverunt.
806 3041 869 3094 Par·
879 3039 1063 3144 CNazarius,
1098 3038 1263 3105 Gervasius,
1288 3037 1434 3093 Protesius
1468 3040 1497 3093 ct
1526 3039 1622 3095 Celsus
1663 3056 1736 3110 puer

60 3131 163 3188 theuius
176 3138 274 3189 autem
288 3139 316 3189 et
332 3133 438 3188 Feritas
453 3136 629 3189 revertentes
642 3133 676 3187 ad
692 3138 806 3206 portam
820 3134 869 3188 Ur·
920 3132 993 3205 passi
1006 3139 1081 3188 sunt.
1097 3133 1169 3187 Nero
1185 3132 1279 3203 itaque
1295 3130 1453 3187 innumeris
1472 3131 1645 3187 facinoribus
1658 3134 1736 3188 theo·

61 3225 94 3280 bis
113 3233 320 3299 pervenerunt,
337 3226 386 3282 ubi
406 3228 565 3283 Plautillam
587 3228 738 3282 llonriuuin
761 3227 868 3300 glorifi·
920 3217 1062 3282 machiam
1075 3225 1188 3297 adjecit,
1204 3224 1360 3296 odiumque
1377 3225 1420 3280 sui
1430 3226 1568 3281 exercitus
1578 3228 1734 3298 populique

60 3327 161 3377 uatem
176 3321 366 3387 invenerunt;
377 3337 463 3393 quam
473 3337 538 3376 mox
549 3321 681 3376 irrisione
692 3321 870 3392 percunctati
921 3321 1039 3377 Romani
1053 3321 1156 3375 merito
1166 3319 1295 3374 incurrit.
1309 3319 1475 3375 Statucrunt
1488 3321 1567 3374 euim
1579 3326 1609 3374 ut
1622 3320 1735 3391 publice

14 3436 18 3453 =
61 3421 115 3470 unt
135 3432 188 3470 cur
211 3421 298 3487 caput
323 3432 409 3470 suurn
429 3431 487 3470 non
511 3415 637 3487 operiret
656 3416 766 3470 maiora
784 3432 870 3487 quam
921 3414 1062 3471 cathomis
1091 3413 1190 3468 tandiu
1216 3412 1375 3468 caederetur
1400 3429 1547 3485 quousque
1568 3415 1735 3485 exspiraret.

61 3508 133 3564 lauto
147 3509 332 3580 praestiterat.
347 3511 381 3565 tt
396 3507 453 3579 illa,
467 3509 561 3564 calore
577 3509 645 3564 fidei
662 3525 790 3578 aceensa,
804 3525 870 3565 cum
920 3509 999 3574 Quod
1013 3524 1078 3563 cum
1095 3507 1142 3561 ille
1156 3507 1291 3574 audisset,
1306 3509 1334 3559 et
1351 3506 1380 3561 in
1393 3522 1459 3561 eum
1476 3509 1586 3562 tremor
1596 3524 1628 3562 ac
1642 3515 1736 3562 metus

61 3603 290 3675 magnanimitate
311 3601 460 3674 respoudit
475 3623 481 3658 :
498 3623 512 3651 κ
534 3603 636 3658 Orant
655 3608 683 3659 et
696 3603 804 3672 miseri,
822 3604 870 3674 qui
921 3601 1107 3657 intolerabilis
1132 3600 1278 3667 irruisset,
1292 3599 1378 3654 miser
1404 3600 1443 3654 ita
1463 3599 1538 3670 lugil
1564 3605 1593 3653 ut
1618 3601 1737 3654 ulterius

60 3697 165 3752 eredere
178 3696 297 3751 nescitis
308 3711 374 3768 quae
387 3695 474 3751 oculis
485 3697 586 3752 videtis
593 3701 621 3752 et
633 3697 872 3753 manibusattrec-
921 3713 980 3752 non
993 3699 1154 3765 appareret.
1170 3693 1270 3747 Fertur
1282 3708 1299 3746 a
1310 3691 1479 3763 quibusdam
1495 3694 1580 3763 quod,
1597 3693 1665 3747 dum
1684 3694 1736 3748 ad·

60 3790 131 3844 titis!
148 3791 220 3846 Vere
240 3790 333 3845 habeo
348 3790 484 3845 eumdem
498 3807 585 3862 quem
602 3807 785 3862 porrexeram
799 3808 870 3863 pan·
924 3791 980 3845 huc
994 3789 1108 3859 lugiens
1124 3788 1245 3853 erraret,
1261 3801 1293 3840 ex
1309 3787 1416 3854 frigore
1430 3786 1519 3841 nimio
1535 3786 1650 3841 atlante
1667 3787 1737 3843 diri·

58 3900 130 3951 num,
144 3884 179 3940 de
200 3883 347 3939 inlusione
368 3885 484 3955 pretiosi
500 3885 649 3956 sanguinis
668 3885 835 3956 gloriosum.
858 3906 871 3935 ιι
923 3884 1040 3956 guisset,
1056 3886 1085 3937 et
1100 3899 1117 3936 a
1130 3881 1203 3952 lupis
1217 3880 1368 3934 devoratus
1383 3884 1465 3935 essct.

57 3977 161 4034 lleinde
171 3977 336 4050 tripudians
349 3979 492 4034 enarravit
506 3978 583 4050 quod
594 3979 871 4034 Paulusiuuumera·
959 3979 1027 4033 Ecce
1052 3993 1117 4048 quae
1138 3973 1259 4045 sparsim
1285 3973 1319 4027 de
1341 3973 1461 4028 summis
1487 3975 1664 4029 senatoribus
1690 3976 1741 4030 h'c·

56 4070 150 4127 lilium
172 4071 395 4127 candidatorum
424 4072 544 4127 catervis
564 4072 717 4128 comitatus
741 4072 776 4128 de
802 4073 871 4128 coelo
923 4072 1018 4127 clesiaa
1036 4071 1158 4124 rimatus
1183 4084 1256 4133 sum,
1271 4065 1394 4137 simplici
1419 4067 1556 4122 brevitate
1576 4069 1694 4138 collegi3
1711 4075 1740 4124 et

57 4167 161 4222 venerit
168 4185 177 4234 ;
199 4167 398 4238 iustorumque
412 4165 557 4235 deterens,
574 4166 696 4239 gratiam
709 4183 761 4238 pro
774 4166 873 4238 benig·
922 4166 958 4220 de
985 4164 1116 4236 plurimis
1141 4160 1336 4216 voluminibus
1358 4161 1481 4230 iusignia
1498 4167 1578 4232 gesta
1593 4163 1739 4217 memoriae

57 4261 138 4315 nitate
171 4260 201 4315 iu
224 4276 292 4315 eum
317 4258 416 4315 habita
450 4260 596 4327 retulerit,
618 4259 731 4332 sibique
763 4260 872 4332 pollici·
923 4264 1100 4331 posterorum
1124 4255 1214 4309 veraci
1237 4254 1307 4325 stylo
1320 4255 1459 4325 congessi.
1476 4256 1576 4309 Petrus
1597 4255 1739 4326 siquidem

56 4354 191 4408 tationem
214 4356 329 4409 aeterna
356 4352 553 4409 retributionis
573 4354 719 4425 adjecerit.
740 4354 873 4409 Protinus
922 4353 951 4407 in
964 4349 1177 4408 circumcisione
1192 4364 1228 4403 vu
1241 4347 1323 4401 aunis
1343 4347 1518 4418 predicavit,
1536 4347 1641 4403 deinde
1661 4350 1739 4419 apud

56 4445 181 4502 Plautilla
207 4463 337 4518 pannum
360 4464 377 4502 a
403 4447 468 4503 sinu
494 4448 626 4516 extraxit,
642 4464 780 4520 roseoque
807 4441 1101 4520 per-Dilutioehiam
1123 4459 1158 4498 vu
1182 4441 1264 4496 annis
1289 4440 1371 4496 sedit.
1388 4441 1446 4496 Sub
1469 4442 1584 4496 Claudio
1616 4443 1738 4508 Caesare,

57 4541 148 4596 tusum
161 4541 302 4613 sanguine
316 4541 371 4596 illis
384 4541 519 4597 ostendit.
535 4542 578 4597 llli
599 4546 697 4598 autem
717 4542 869 4614 uimiopa-
920 4545 1019 4597 eontra
1033 4538 1176 4595 Simonem
1197 4536 1309 4606 biagum
1325 4541 1504 4607 pugnaturus
1527 4536 1658 4602 Romam,
1675 4551 1740 4605 per-

57 4650 120 4689 iore
133 4633 270 4706 correpti,
285 4635 396 4691 concito
410 4652 506 4708 gressu
522 4639 665 4693 Gaesarem
686 4636 829 4703 adierunt,
844 4640 873 4692 et
922 4636 1005 4702 rexit,
1019 4633 1116 4704 ibique
1139 4647 1188 4685 xxv
1211 4629 1293 4685 anuis
1315 4627 1501 4699 Evangelium
1521 4627 1696 4698 praedicarit,
1711 4632 1741 4682 ct

56 4744 117 4800 qua
131 4728 320 4783 viderantvel
338 4729 490 4784 audierant
509 4731 535 4785 ei
553 4731 765 4786 nuntiaverunt.
780 4731 871 4785 Alille
921 4729 1051 4802 ejusdem
1071 4725 1147 4781 orbis
1164 4722 1360 4796 pontificatum
1383 4721 1493 4793 primus
1515 4722 1617 4775 tenuit.
1643 4722 1737 4777 Trice-

57 4838 119 4877 rum
131 4821 269 4891 audisset,
290 4822 410 4878 miratus
422 4830 464 4880 est
477 4824 621 4894 horrifice,
634 4822 781 4895 etingeuti
796 4827 871 4880 atto·
921 4825 993 4880 simo
1006 4828 1103 4877 autam
1123 4824 1152 4875 et
1165 4821 1244 4874 sexto
1264 4832 1340 4870 anuo
1358 4821 1422 4887 post
1441 4814 1602 4887 passionem
1621 4816 1737 4884 Christi,

57 4918 130 4971 nitus
151 4931 268 4989 pavore,
291 4916 375 4989 coepil
397 4917 432 4973 de
453 4919 496 4973 his
520 4936 585 4991 quoe
607 4918 737 4973 nuntiata
763 4917 872 4974 suulei
924 4936 952 4974 ιιι
977 4914 1116 4972 Kalendas
1145 4913 1208 4970 tulii
1236 4909 1387 4966 crucifixus
1410 4915 1462 4976 est,
1488 4909 1591 4981 viaque
1615 4912 1740 4978 Aurelia,

57 5025 118 5066 eum
134 5010 314 5083 pbilosophis
327 5015 446 5067 tractare
460 5018 489 5067 et
501 5012 601 5068 amicis
615 5029 647 5068 ac
662 5011 801 5067 ministris
816 5013 872 5068 rei·
919 5013 1001 5085 juxta
1014 5008 1150 5082 palatium
1173 5004 1306 5072 Neronis,
1323 5002 1352 5057 in
1380 5003 1512 5059 Vaticano
1535 5005 1663 5075 sepultus
1686 5009 1738 5060 est.

59 5106 191 5176 publicar.
924 5104 1032 5161 Eodem
1051 5102 1096 5157 die
1117 5101 1228 5166 Paulus,
1240 5103 1391 5170 postquam
1404 5097 1570 5152 innumeros
1583 5114 1690 5169 agones
1701 5103 1744 5153 at·

89 5201 170 5257 Circa
184 5200 287 5256 horam
301 5200 502 5268 nonam,'dum
515 5200 577 5256 haec
593 5198 715 5257 invicem
738 5199 875 5255 miraren-
925 5216 980 5271 que
999 5197 1110 5252 labores
1136 5193 1285 5264 insigniter
1306 5208 1403 5263 passus
1425 5194 1477 5261 est,
1491 5192 1521 5246 in
1542 5191 1586 5246 via
1608 5192 1741 5259 Ostiensi,

61 5296 103 5349 tur
128 5298 158 5349 et
187 5308 284 5349 mum
311 5298 473 5366 quaererent
497 5300 582 5367 alque
606 5294 874 5363 contabularentur,
924 5293 954 5348 iu
969 5290 1101 5346 milliario
1115 5287 1250 5353 secundo,
1267 5286 1295 5340 iu
1310 5286 1399 5340 hortis
1413 5285 1448 5340 ad
1463 5303 1552 5355 aquas
1570 5283 1676 5340 Salvius
1690 5285 1740 5339 die·

59 5388 171 5457 Paulus,
192 5387 296 5443 clausis
312 5387 417 5459 januis,
439 5388 530 5457 veuit3
550 5392 580 5444 el
600 5394 677 5444 stans
699 5391 766 5443 ante
785 5389 876 5444 Caesa-
926 5386 1044 5441 collatus
1058 5387 1110 5438 est.
1126 5382 1158 5436 lli
1173 5380 1257 5434 simul
1278 5379 1375 5434 tteruae
1390 5378 1465 5450 passi
1479 5389 1546 5432 sunt
1562 5379 1615 5433 sub
1631 5379 1743 5434 Nerone

62 5498 116 5538 rem
130 5482 207 5538 dixit
223 5498 230 5536 :
248 5502 262 5531 κ
282 5480 411 5538 OCoesar
424 5483 510 5550 Nero,
525 5499 590 5538 ecee
604 5499 658 5556 ego
672 5483 775 5538 Paulus
790 5482 877 5553 Regis
926 5481 1044 5545 cessare,
1063 5477 1144 5530 Basso
1163 5478 1192 5528 et
1214 5473 1303 5528 Tusco
1324 5472 1506 5542 consulibus;
1531 5488 1653 5543 quorum
1667 5473 1747 5544 prior

62 5573 157 5633 anmi
179 5578 211 5632 et
232 5573 330 5631 invicti
357 5576 455 5647 miles;
470 5578 512 5631 vel
532 5593 609 5633 nunc
626 5577 709 5633 crede
728 5576 796 5649 quia
818 5593 876 5631 non
926 5575 957 5629 iu
970 5571 1074 5627 eadem
1090 5569 1170 5636 urbe,
1185 5567 1268 5638 juxta
1278 5566 1352 5622 viam
1367 5566 1582 5637 triumphalem,
1597 5566 1685 5621 totius
1697 5582 1746 5621 ur-

13 5728 15 5745 ,
62 5686 120 5727 tam
135 5673 281 5737 mortuus,
294 5670 344 5725 sed
366 5669 429 5725 vivo
450 5672 508 5727 lieo
524 5688 600 5727 meo.
613 5670 673 5726 Tibi
690 5675 798 5740 avitam,
820 5670 876 5725 mi·
927 5669 970 5724 bis
1000 5663 1184 5721 veneratione
1208 5661 1525 5733 celebratur,sequens
1552 5677 1618 5714 vero
1644 5661 1674 5715 in
1705 5660 1749 5716 via

13 5786 15 5835 l
62 5780 112 5834 ter,
133 5766 214 5824 mala
241 5762 395 5821 ineffabilia
413 5765 571 5823 imminent
591 5782 646 5822 nou
669 5769 733 5840 post
754 5765 878 5821 multum
927 5761 1049 5818 Ostiensi
1060 5759 1121 5836 pari
1133 5759 1244 5816 linitura
1259 5755 1396 5814 hahetur.

13 5930 19 6022 l

183 5856 313 5925 Pinea.
336 5853 541 5921 clxxxvm.
1599 5850 1625 5903 a
