3750 6046
389 176 544 236 HISTORIA
563 179 831 239 acceusrnsrlca.
844 209 879 223 -
895 181 981 238 PARS
1001 180 1048 238 ΙΙΙ.
1066 211 1099 223 -
1115 181 1180 239 LlB.
1202 180 1234 238 x.
1605 182 1656 242 722

72 299 238 385 inlusoria
253 305 333 374 gesta
348 305 415 357 sunt
435 307 464 358 et
481 303 638 373 Patauina,
658 310 786 361 revertar
795 304 989 393 Allerbertns
1020 322 1087 363 vcro
1111 306 1249 379 Losengia
1272 304 1470 363 tetfordense.
1493 303 1538 364 Sic
1558 307 1655 382 utique

92 400 214 465 nostras,
241 413 305 469 quoe
332 397 361 467 in
391 397 523 453 Naustria
551 398 733 470 contigerunt
757 404 786 456 et
839 399 978 472 capellani
990 400 1067 473 regis
1079 405 1108 457 et
1125 400 1211 457 amici
1230 401 1401 474 praesulatus
1422 402 1532 474 angliae
1554 401 1654 476 adepti

840 496 916 562 sunt,
941 498 971 550 et
982 493 1112 549 nonnulli
1134 509 1165 549 ex
1186 494 1256 566 ipsis
1273 494 1475 567 preposituras
1496 495 1530 551 ad
1553 496 1651 569 oppri-

72 617 124 658 ,Μ
141 604 320 671 &mg-,amm
338 607 363 658 ep
375 606 622 662 ,pormanmfflrum
646 608 785 662 „amq-0,
840 588 959 644 mendos
971 586 1083 660 inopes,
1103 587 1213 660 sibique
1227 588 1374 662 augendas
1386 605 1454 662 opes
1466 589 1652 646 nihilominus

72 683 139 738 letina·
152 687 318 753 dirimeres.
333 685 519 753 Quorumdam
536 687 714 756 prelatorum
725 687 783 742 obi·
841 685 1003 739 tenuerunt.
1017 682 1070 739 atii
1090 698 1155 737 vero
1168 698 1219 754 pro
1233 688 1363 755 suscepto
1378 682 1554 739 ecclesiastici
1579 684 1656 757 regl-

81 767 116 819 lte
136 767 167 820 Β.
195 764 323 819 Ansetmo
351 764 544 821 Cantauriensi
571 766 785 838 creliiepisoopo.
841 776 926 831 minis
938 791 1023 832 onere
1042 776 1175 832 divinitus
1194 777 1337 848 perterriti
1356 781 1433 846 sunt,
1449 777 1561 851 sibique
1576 795 1652 835 conr·

75 865 167 923 almus
195 867 293 937 liuius,
318 868 417 923 militia
441 869 542 937 claros,
569 872 633 941 pest
657 872 785 926 mortem
841 869 932 925 missis
946 870 1063 925 iotuset
1085 869 1210 925 exterius
1224 870 1375 927 salubriter
1389 870 1521 943 prodesse
1537 872 1653 928 studue-

72 960 101 1016 in
112 961 216 1034 Anglia
230 961 366 1033 regnarit,
382 962 502 1018 rebelles
512 963 564 1018 sibi
578 963 691 1019 fortiter
704 967 784 1037 virga
839 969 916 1033 runt,
930 962 1057 1034 vitasque
1071 980 1136 1019 suas
1148 963 1305 1020 secundum
1322 964 1534 1036 beneplacitam
1549 965 1649 1022 volun-

72 1056 274 1126 ccomprrssit,
298 1060 327 1110 et
349 1072 388 1110 ru
405 1055 532 1112 antrisao
557 1057 731 1113 rmensibns
751 1059 786 1113 ad
839 1061 928 1114 tatem
940 1056 1398 1128 Dcilaudabilitercorrexerunt.
1426 1059 1651 1117 Hominesenim

72 1164 176 1203 rsuum
196 1165 295 1204 omues
309 1165 367 1204 suae
379 1149 478 1204 ditioni
499 1151 671 1223 subjugarit.
693 1152 786 1208 Militi·
838 1152 928 1206 multa
942 1150 1051 1207 faciunt
1069 1151 1249 1222 culpabiliter
1258 1168 1310 1223 pro
1324 1152 1464 1223 explenda
1484 1169 1536 1208 sua
1549 1153 1650 1209 volun·

94 1241 196 1297 exteris
216 1242 313 1315 largus
339 1247 415 1313 erat3
446 1244 494 1298 sed
522 1261 665 1316 pauperes
683 1245 788 1302 incolas
839 1247 908 1312 tate,
925 1244 963 1299 nil
977 1250 1147 1316 appetentes
1160 1245 1430 1301 nisilibilumsnum
1441 1245 1472 1301 in
1486 1252 1650 1319 perpetrata

72 1335 107 1390 sui
124 1335 209 1390 nirnis
224 1336 412 1408 opprimebat,
434 1341 461 1392 et
475 1337 529 1392 illis
547 1339 689 1395 violenter
708 1341 786 1396 aule·
837 1337 996 1411 pravitate:
1014 1355 1078 1410 quas
1091 1339 1204 1410 sapiens
1221 1338 1327 1394 arbiter
1341 1339 1471 1395 omnium
1487 1339 1523 1395 ad
1542 1341 1650 1397 multo·

72 1446 126 1500 pure
151 1430 289 1502 prodigos
312 1430 430 1486 advenis
452 1430 609 1488 tribuebat.
633 1434 709 1489 tdulti
736 1434 787 1490 sub
838 1447 902 1486 rum
930 1431 1159 1487 commoditatem
1186 1448 1238 1487 sua
1264 1431 1336 1487 bene
1361 1432 1488 1505 disponit
1513 1428 1651 1491 ineffabili

72 1523 139 1578 atris
158 1525 200 1579 sui
218 1540 351 1595 proceres
372 1525 512 1592 obierunt,
532 1526 580 1597 qui
602 1528 712 1599 proavis
730 1529 788 1584 suis
837 1524 955 1596 pietate.
976 1525 1149 1597 Plerumque
1167 1526 1242 1581 loves
1264 1528 1293 1581 et
1317 1524 1424 1583 indocti
1445 1526 1592 1598 eliguntur
1614 1527 1651 1583 ad

72 1632 134 1673 eum
156 1618 786 1695 jusbellicosevindicaverunt;proquibus
839 1619 967 1691 regimen
986 1619 1117 1675 Ecclesia
1137 1617 1304 1687 tenendum,
1335 1635 1392 1674 non
1418 1635 1470 1690 pro
1502 1620 1651 1678 sanctitate

71 1711 122 1766 llos
137 1711 293 1783 degeneres
306 1714 335 1768 in
346 1714 414 1769 locis
429 1719 630 1787 magnatorum
645 1717 781 1784 restituit,
793 1719 821 1791 Β
833 1715 908 1781 rita,
934 1712 979 1768 vel
1001 1712 1256 1768 ecelesiasticorum
1281 1711 1442 1769 eruditione
1471 1713 1651 1785 dogmatum,

72 1804 122 1872 uis,
145 1806 378 1877 proadulatiouis
402 1808 502 1864 merito
528 1810 609 1880 datis,
626 1809 782 1866 honoribus
832 1807 1031 1863 liberaliumve
1052 1806 1155 1878 peritia
1170 1806 1341 1875 litterarum,
1357 1806 1409 1862 scd
1434 1807 1571 1863 nobilium
1598 1824 1650 1879 pro

72 1899 138 1954 avit.
153 1900 323 1970 Legitimam
333 1901 487 1974 conjugem
502 1920 651 1975 nunquam
666 1904 780 1975 habuit3
832 1901 924 1974 gratia
951 1906 1103 1972 parentum
1132 1904 1160 1956 et
1186 1903 1336 1971 potentum
1362 1901 1457 1957 favore
1478 1901 1649 1958 amicorum.

72 1992 172 2047 >werris
196 1993 430 2049 fornicationibus
453 1999 483 2051 ct
497 1997 695 2069 frequentibus
709 2015 779 2054 moe-
832 1993 1649 2066 QuibusitapromotisolemeusDeusparcitacmiseretur,

75 2086 273 2158 nesplebiliter
298 2088 421 2158 inhesit,
445 2089 616 2162 flagitiisque
645 2092 781 2163 pollutus,
831 2088 928 2160 eisque
950 2088 1135 2161 postmodum
1157 2104 1289 2162 superuae
1311 2087 1424 2144 ubertas
1440 2088 1541 2161 gratiae
1556 2088 1652 2144 infun·

72 2180 128 2235 lum
161 2181 251 2252 turpis
279 2181 398 2237 lascivire
423 2184 556 2255 subjectis
582 2184 782 2242 damnabiliter
832 2182 920 2251 ditur,
935 2184 965 2236 et
977 2181 1099 2237 coelestis
1114 2181 1221 2253 sophia
1242 2199 1295 2253 per
1312 2198 1360 2237 eos
1384 2182 1445 2238 luce
1469 2182 1519 2237 Dei
1547 2181 1650 2239 domus

71 2274 102 2329 it.
123 2274 268 2330 Defunctis
294 2276 464 2346 praesulibus
484 2281 513 2333 et
537 2277 780 2348 archimandritis,
831 2275 1018 2342 illuminatur,
1037 2279 1065 2330 et
1081 2275 1196 2331 utilibus
1209 2274 1310 2330 studiis
1323 2277 1418 2347 plures
1432 2276 1590 2332 salvantur.

72 2366 191 2439 esregis
212 2368 414 2424 ecclesiasticas
436 2371 626 2443 possessiones
642 2377 781 2428 etomnes
868 2368 1039 2424 Venerabilis
1063 2367 1229 2437 Anselmos,
1261 2369 1421 2425 cantuarie
1451 2370 1647 2442 archipresul,

72 2459 257 2528 invadebant,
284 2463 465 2535 triennioque
486 2481 534 2520 seu
559 2465 622 2536 plus
652 2466 780 2522 dominio
831 2462 959 2518 assiduas
984 2462 1231 2533 prevaricationes
1258 2462 1366 2534 videns,
1393 2463 1559 2537 frequenter
1584 2479 1649 2519 con·

72 2554 177 2609 »mnino
205 2556 419 2627 mancipabant.
444 2557 489 2614 Sic
503 2558 651 2628 nimirum,
665 2577 716 2632 pro
729 2577 779 2616 cu.
831 2555 1007 2625 tristabatur3
1023 2555 1198 2628 imitansque
1212 2558 1349 2613 loannem
1363 2560 1391 2612 et
1407 2557 1526 2626 Heliam,
1541 2573 1576 2613 ea
1587 2572 1648 2614 cre·

72 2648 258 2704 :reddituum
271 2651 321 2722 qui
338 2651 413 2722 regis
428 2651 458 2707 in
472 2652 571 2707 aerario
590 2654 781 2710 recondeban—
830 2650 882 2705 bro
896 2649 1131 2718 calumniabatur,
1146 2667 1212 2722 quae
1226 2650 1462 2707 contradivinam
1476 2650 1538 2707 fleri
1553 2651 1646 2724 legem

74 2741 182 2797 cclesias
214 2743 367 2813 vacabant,
400 2746 619 2818 necessariisque
652 2751 780 2804 carentes
830 2759 954 2798 rnaercns
972 2742 1148 2798 intuebatur.
1162 2743 1309 2815 Superbus
1321 2747 1415 2800 autem
1431 2745 1550 2817 rex,qui
1563 2743 1646 2816 spiri·
1677 2800 1680 2811 ,

72 2834 135 2903 bus,
158 2835 312 2892 Dominicoe
335 2853 400 2893 ores
417 2838 522 2911 lupinis
537 2841 680 2897 morsibus
698 2846 779 2915 pate·
830 2836 914 2892 tualis
929 2836 1037 2909 auriga
1055 2837 1138 2893 freno
1162 2837 1313 2893 salubriter
1338 2838 1400 2910 regi
1422 2837 1644 2910 dedignabatur,

830 2928 966 3003 malignis
978 2936 1006 2987 et
1019 2931 1186 3003 procacibus
1213 2931 1385 2987 consiliariis
1412 2931 1441 2986 in
1469 2930 1646 3003 malignitate

73 3039 100 3078 m
116 3029 254 3096 tempore,
269 3026 446 3082 venerabiles
459 3028 595 3101 episcopi,
616 3028 781 3085 Osmundus
831 3024 1019 3093 irretiebatur,
1036 3030 1065 3080 ct
1083 3030 1182 3081 contra
1197 3025 1319 3081 salubria
1335 3025 1373 3098 pii
1388 3024 1538 3081 monitoris
1548 3025 1643 3080 horta·

72 3117 178 3172 iriensis
202 3124 230 3173 et
252 3119 687 3191 GualchilinusGerontonicnsis,
702 3124 777 3180 Guil·
831 3124 927 3175 menta
950 3119 1132 3175 irascebatur.
1152 3119 1230 3175 Unde
1255 3120 1382 3192 prudens
1409 3119 1644 3192 archiepiscopus

80 3210 276 3267 Dunclmensis
298 3217 326 3268 et
346 3214 492 3286 Remigius
510 3216 701 3286 lincoliensis,
717 3218 778 3273 alii·
830 3212 1005 3284 temporibus
1026 3213 1146 3285 ejusbis
1165 3213 1312 3282 exsulavit,
1340 3220 1369 3269 et
1391 3213 1470 3287 prius
1498 3213 1644 3270 Urbanum

72 3320 126 3360 rres
140 3307 291 3362 reverendi
307 3308 450 3380 pontifices
463 3310 590 3365 defuncti
612 3314 693 3382 sunt;
710 3329 780 3385 quo·
828 3324 944 3379 papam,
959 3324 992 3362 ac
1010 3308 1193 3379 postmodum
1208 3306 1372 3363 Paschalem
1388 3307 1515 3379 expetiit.
1540 3310 1643 3364 Causas

72 3398 143 3453 odos
158 3403 282 3455 etenrnc
302 3403 444 3472 peculium
459 3405 653 3476 l'lanrbardus,
668 3407 777 3461 ct‘Ful·
828 3407 925 3456 autem
952 3401 1044 3457 exsilii
1070 3402 1142 3473 ejus,
1172 3408 1200 3457 et
1225 3401 1346 3473 qualiter
1370 3401 1564 3473 periculosum
1589 3400 1644 3455 iter

72 3492 185 3548 ¹»frater
207 3495 278 3564 ejus,
301 3495 406 3567 aliique
420 3498 538 3552 clientes
552 3500 627 3570 regis
641 3500 689 3556 diu
703 3501 778 3557 nacti
828 3493 980 3567 peregerit,
1012 3495 1180 3563 Edmardus,
1204 3494 1365 3567 capellanus
1390 3494 1451 3566 ejus
1481 3497 1511 3549 et
1535 3493 1643 3549 itineris

72 3586 106 3642 iic
131 3586 218 3642 otiam
240 3589 373 3644 defuncto
397 3591 542 3662 balduino,
562 3593 663 3648 abbate
682 3594 779 3650 Sancti
828 3588 928 3657 socius,
945 3588 1099 3661 diligenter
1108 3588 1250 3644 enarravit
1264 3588 1293 3643 in
1309 3588 1393 3656 libro,
1405 3604 1490 3658 quem
1505 3586 1539 3642 de
1553 3586 1642 3642 mori·

72 3682 97 3735 ct
127 3683 258 3752 martyris
285 3683 436 3754 Ednrundi,
455 3690 484 3739 ct
508 3685 639 3741 Sinreone
665 3688 776 3756 Elicnsi,
827 3683 880 3738 bus
892 3682 953 3754 eJus
967 3686 996 3739 et
1010 3683 1128 3749 actibus,
1146 3681 1342 3754 uocareisque
1361 3680 1543 3754 dogmatibus
1558 3680 1641 3735 lucu-

72 3789 81 3828 e
105 3774 233 3829 Patribus
261 3777 295 3832 dc
315 3778 417 3832 sarculo
443 3778 633 3850 migrantibus
653 3780 776 3851 mortali,
827 3776 920 3832 lenter
940 3775 1038 3831 edidit.
1061 3777 1093 3831 ln
1110 3775 1161 3832 illo
1182 3775 1287 3848 quippe
1311 3775 1423 3844 itinere,
1439 3773 1642 3829 bulduinusdc

72 3867 159 3939 gliam
175 3869 285 3940 regales
303 3871 423 3926 ministri
437 3872 573 3942 coenobia,
595 3889 660 3928 cum
681 3874 775 3929 omni·
826 3870 963 3938 Tornaoo,
978 3870 1082 3926 nobilis
1105 3870 1199 3939 heros,
1213 3875 1243 3925 et
1255 3869 1392 3941 prelatus
1414 3868 1575 3941 Angligena
1600 3867 1640 3923 illi

83 3963 182 4018 eadem
205 3965 420 4034 pertinentibus,
436 3966 614 4035 invadebant,
627 3973 655 4023 et
673 3985 775 4023 mona·
827 3964 1053 4032 comitabantur;
1084 3980 1207 4037 quorum
1238 3963 1361 4019 virtuose
1394 3962 1576 4019 strenuitates
1606 3961 1641 4016 ab

72 4059 144 4111 stum
165 4061 193 4111 et
210 4058 340 4113 restitum
360 4076 425 4113 curn
452 4059 585 4130 parcitate
611 4062 774 4133 erogabant.
827 4057 885 4127 his,
911 4058 961 4131 qni
981 4075 1083 4114 eorum
1108 4075 1211 4114 areana
1233 4056 1415 4112 familiariter
1438 4056 1534 4112 rimati
1563 4058 1640 4127 sunt,

73 4152 264 4222 postlongum
288 4158 474 4224 temperares
495 4154 646 4210 curialibus
667 4156 776 4212 clericis
825 4152 1180 4224 praedicabileshabentur.

72 4243 180 4297 machis
197 4244 400 4300 ecclesiasticos
421 4247 555 4316 honores,
572 4249 651 4319 quasi
670 4249 776 4321 stipen-
862 4246 892 4301 ln
905 4245 1007 4318 Apulia
1022 4245 1166 4302 Urbanum
1182 4260 1286 4318 papam
1301 4246 1450 4300 llnselmus
1470 4243 1589 4312 invenit,
1611 4249 1640 4300 et

72 4337 224 4403 arenariis,
251 4339 434 4409 porrigebat;
462 4357 513 4395 nec
536 4341 640 4397 inillis
662 4348 774 4398 lantum
826 4341 861 4396 ab
877 4340 939 4412 ipso
959 4342 1131 4394 veneranter
1143 4341 1300 4411 susceptus,
1316 4337 1354 4393 ibi
1367 4354 1433 4393 cum
1450 4337 1498 4392 illo
1509 4337 1639 4408 aliquan·

72 4446 128 4485 rem
161 4434 302 4501 qnantum
329 4433 455 4488 favorem
485 4434 689 4507 servitiumque
720 4434 873 4529 sibiDdiu
905 4432 1051 4489 habitarit.
1089 4434 1167 4488 'func
1201 4431 1348 4505 hogerius,
1386 4430 1522 4486 Tancredi
1555 4430 1638 4499 lilius,

89 4523 285 4579 ritusoeculari
301 4526 473 4582 attendebat.
826 4527 931 4584 Sicilire
955 4527 1064 4592 consul,
1097 4526 1126 4581 in
1151 4525 1336 4597 Campaniam
1364 4527 1491 4593 venerat,
1514 4524 1640 4595 Capuam

72 4617 775 4694 serlusigitur,cognomentossloiel,quisenioris
825 4621 984 4690 obsidebat,
1017 4620 1200 4686 Richardum,
1225 4618 1340 4675 tardani
1369 4617 1471 4687 lilium,
1505 4622 1639 4688 nepotem
1702 4648 1708 4655 -

72 4710 100 4764 ni
130 4711 290 4782 capellanus
317 4714 424 4780 luerat,
451 4732 540 4787 coque
569 4716 713 4787 defuncto,
739 4720 774 4775 de
824 4715 929 4772 scilicet
942 4732 1036 4783 surim,
1055 4713 1251 4786 palernojnrc
1267 4711 1416 4768 restituere
1433 4710 1593 4783 satagebat,
1609 4715 1639 4765 et

72 4805 164 4859 ’eslchre
179 4822 244 4859 cunr
255 4806 370 4877 juniore
383 4809 532 4864 Guillelmo
545 4828 625 4867 usare
641 4815 776 4870 transfre—
824 4810 945 4866 rebelles
960 4807 1170 4880 iarrgohardos‚
1192 4807 1241 4879 qui
1261 4806 1426 4879 preadictum
1438 4805 1577 4877 Juvenem
1590 4819 1638 4859 ex·

72 4940 77 4964 ,
92 4901 121 4952 et
134 4898 283 4969 epistelam
296 4901 370 4972 regis
384 4901 417 4957 dc
429 4905 593 4959 coronanda
608 4906 685 4978 prole
700 4909 773 4962 lan·
822 4905 977 4972 cluserunt,
991 4901 1137 4959 obsidione
1154 4901 1325 4956 coarctabat.
1341 4900 1381 4954 lbi
1395 4916 1466 4972 papa
1491 4900 1640 4971 sequester

72 4991 284 5063 archiepiscopo
297 4994 447 5062 detulerat,
463 5004 526 5067 post
541 5004 663 5055 mortem
678 5002 773 5058 flemi-
823 4999 929 5065 aderat,
944 5000 1051 5054 etcum
1073 4995 1224 5052 verrembili
1237 4994 1371 5049 Anselmo
1385 4992 1544 5065 legationes
1557 4992 1636 5065 pacis

72 5085 220 5140 celiensem
241 5087 433 5159 episcopatum
456 5092 573 5164 recepit,
599 5111 685 5164 quem
710 5096 773 5166 plus
822 5085 1635 5159 interdissidentesdeferebatfandemcomespristinum

72 5196 92 5232 :r
108 5179 190 5234 arrrris
207 5181 305 5235 tenuit.
316 5182 450 5238 Girardus
463 5193 570 5255 autem,
584 5205 673 5259 nepos
686 5192 772 5245 Gual-
824 5187 972 5254 honorem,
991 5185 1159 5257 compressis
1178 5183 1341 5249 rebellibus,
1368 5181 1466 5254 nepoti
1486 5198 1537 5237 suo
1557 5180 1639 5236 resti·

91 5273 319 5343 Gucntoniensis,
345 5276 422 5346 prius
440 5279 541 5349 praesul
565 5281 771 5350 llerfordensis,
824 5280 887 5347 tuit,
903 5280 985 5352 eique
997 5296 1071 5351 papa
1085 5278 1223 5333 domuum
1235 5277 1414 5344 Ariselnrum,
1426 5280 1454 5332 et
1467 5276 1520 5348 ipsi
1533 5292 1635 5331 consu-

72 5383 143 5434 acro,
158 5373 285 5439 tempore
307 5370 419 5425 llcnrici
434 5373 520 5443 regis,
542 5374 773 5448 archiepiscopus
822 5373 880 5430 lein
896 5372 1114 5430 commendavit.
1129 5373 1257 5444 Crrnrque
1272 5370 1424 5426 concilium
1438 5370 1514 5442 aprrd
1531 5370 1635 5424 Rarum

72 5467 102 5515 st
118 5460 309 5516 Eboraceusis.
335 5464 498 5520 Guillclmns
519 5484 632 5540 qnoque
647 5469 682 5525 de
696 5470 771 5525 Gua-
818 5469 900 5540 J'ussu
919 5485 997 5539 papas
1010 5471 1216 5539 congregatum
1232 5472 1315 5535 esset,
1338 5470 1367 5521 et
1383 5464 1463 5536 copia
1488 5463 1634 5536 perplexa-

72 5559 97 5609 st
124 5555 297 5626 episcopium
325 5556 424 5611 habuit
451 5561 624 5630 Eroniensc,
649 5565 773 5619 ioannes
824 5580 887 5617 ruur
901 5562 1015 5631 deiide,
1031 5561 1149 5633 aliisque
1164 5559 1537 5633 urysteriisquaestionuma
1558 5558 1635 5611 uen-
1697 5578 1700 5583 ·

72 5666 81 5700 s
106 5648 242 5714 Badense,
261 5651 396 5704 liedulfus
416 5659 607 5723 cngrnrrncnto
632 5656 708 5710 lulla
725 5658 770 5712 ci·
823 5657 862 5711 cis
877 5656 984 5726 prolata
1005 5655 1116 5724 luisset,
1127 5655 1213 5727 jussu
1227 5671 1309 5727 papa
1324 5658 1407 5725 pater
1420 5652 1569 5709 anselmus
1589 5668 1637 5722 ge·

72 5758 124 5810 se,
154 5748 184 5798 ct
211 5742 349 5801 hariulfus
377 5745 559 5805 flambardus
585 5730 773 5808 hurselrrrcrrse
824 5751 950 5808 noralem
965 5750 1097 5808 oruuihus
1110 5766 1273 5807 sermonem
1288 5749 1367 5816 lecit,
1382 5752 1412 5802 et
1431 5746 1468 5801 ad
1482 5743 1643 5817 propi-sites
