3750 6046
143 142 195 221 aaa
824 163 984 221 caueatur
1004 162 1133 221 virens
1333 118 1337 127 ¹
1648 134 1653 147 “
1768 142 1832 220 nv'

142 302 196 358 que
208 284 259 342 lilii
279 284 413 341 liodberti
431 286 551 343 consulis
573 288 607 342 de
627 288 769 355 llelleute,
796 286 952 343 Gualeran·
965 287 1302 382 rgripausqueadripam
1314 286 1454 359 quispiam
1474 284 1655 358 pertransire
1673 284 1813 359 potuisset,

139 396 195 435 nus
206 384 234 436 et
257 379 425 449 liodbertus,
439 381 502 453 regi
517 381 712 449 adhaerebant,
736 380 820 452 eique
832 380 954 452 optima·
1005 382 1027 435 si
1043 386 1183 437 attentare
1197 380 1342 437 insolitum
1353 381 1409 435 iter
1436 397 1522 436 ausus
1533 378 1647 436 luisset.
1675 380 1814 435 llocPari-

139 478 301 529 tesaurum
324 490 388 529 eum
414 474 612 529 munitissimis
632 473 752 530 castellis
773 473 802 527 in
821 473 955 529 omuibus
1005 476 1064 531 sius
1074 474 1154 544 vidit,
1171 481 1199 531 et
1214 476 1318 531 merito
1339 474 1462 546 expavit.

140 567 289 639 parebant,
310 574 338 622 et
357 568 564 624 incursantibus
580 568 747 624 adversariis
768 567 872 623 acriter
885 567 953 623 resi·
1043 571 1073 625 ln
1098 572 1235 642 Augusto,
1249 569 1317 625 luna
1330 570 1410 641 quasi
1425 568 1544 640 sangnis
1565 566 1729 624 rubicunda
1750 584 1814 637 sero,

141 660 263 717 stabant.
290 663 361 717 llam
383 664 456 717 Pons
481 662 623 719 aldemari
654 667 683 719 et
703 662 796 716 Bellus
816 678 898 716 ntous
922 677 955 715 ac
1005 664 1074 718 dum
1088 663 1189 718 bruma
1215 666 1299 732 esset,
1318 663 1375 719 visa
1400 668 1450 733 est,
1480 666 1509 719 et
1521 661 1638 718 circulis
1655 660 1721 733 ejus
1745 662 1814 735 quasi

140 754 265 810 Briouna
279 761 307 811 et
318 756 479 813 Guatoevilla
494 755 552 826 regi
569 755 792 827 applaudebant,
808 771 953 826 proceres·
1004 757 1110 813 fundus
1121 758 1190 814 dolii
1201 756 1526 830 grandishominibusin
1536 755 1629 813 Gallia
1650 760 1816 811 monstratus

140 850 390 922 quaprralatornm
406 865 471 904 cum
482 848 655 904 viribussuis
667 848 790 905 fideliter
805 849 954 904 militando
1005 858 1056 908 est.
1073 851 1179 908 Deinde
1197 852 1284 907 veluti
1298 851 1463 922 sapphirino
1481 852 1577 907 coloro
1601 853 1683 905 secla
1707 852 1750 907 est
1772 866 1815 921 per

142 943 312 999 serviebant.
1004 946 1143 1015 medium,
1154 950 1182 1001 et
1194 948 1307 1000 mutum
1320 945 1495 1001 intuentibus
1511 944 1588 1000 inter
1603 959 1706 1017 aquas
1719 942 1816 999 medie

176 1038 268 1092 Mense
292 1037 362 1092 llaio
385 1036 488 1110 111191,
515 1037 682 1092 Guillelmus
704 1035 854 1104 Adelirrus,
880 1036 955 1107 regis
1005 1043 1076 1095 tates
1089 1040 1223 1111 apparuit
1234 1038 1369 1109 spatium,
1383 1042 1425 1109 ut,
1440 1038 1464 1093 si
1489 1054 1534 1094 res
1559 1036 1667 1093 similis
1695 1035 1726 1092 in
1749 1040 1816 1093 terra

138 1130 222 1201 lilius,
238 1131 271 1186 de
286 1131 388 1202 anglia
401 1131 429 1185 in
443 1130 649 1186 Normauuiam
662 1130 864 1197 transfretavit,
874 1130 918 1201 cuj
924 1147 955 1185 us
1005 1133 1186 1207 panderetur,
1202 1132 1303 1189 semita
1316 1132 1441 1188 humano
1448 1132 1557 1204 gressui
1564 1137 1636 1205 apta
1645 1133 1816 1187 censeretur.

139 1225 263 1280 adventu
274 1230 354 1295 pater
364 1225 486 1295 gavisus,
504 1241 569 1279 mox
585 1224 662 1296 qnod
672 1223 756 1278 eorde
770 1223 848 1290 prius
859 1223 953 1278 occul·
1005 1228 1118 1281 Peracto
1131 1230 1227 1281 autem
1242 1225 1411 1281 uniushora
1425 1225 1582 1295 intervallo,
1598 1224 1714 1281 iterum
1727 1225 1817 1281 redin-

139 1323 256 1384 tarerat,
282 1318 483 1373 manifestavit.
514 1317 645 1372 Pacificas
679 1317 895 1372 concionatores
918 1317 955 1370 ad
1004 1323 1117 1390 tegrata
1138 1320 1281 1391 apparuit,
1297 1325 1327 1375 et
1354 1318 1492 1391 paulatim
1526 1318 1683 1375 deficiente
1711 1316 1818 1389 ramore,

140 1412 305 1479 Falconem,
320 1411 568 1483 Aridegavensium
583 1410 729 1479 comitem,
748 1410 859 1477 direxit,
875 1425 952 1465 com·
1005 1413 1167 1468 corniculus
1180 1413 1321 1468 nascentis
1340 1413 1415 1468 lunae
1435 1412 1518 1468 solito
1538 1428 1618 1468 more
1634 1412 1817 1483 resplenduit.

141 1505 288 1578 modisque
304 1506 380 1577 pacis
394 1506 546 1560 loederibus
561 1504 726 1576 compactis,
742 1505 835 1575 ipsum
846 1503 881 1558 ad
906 1520 953 1557 cu·
1005 1507 1113 1562 Eodem
1136 1511 1278 1578 temporo,
1300 1506 1387 1561 rubor
1402 1505 1542 1561 maximus
1557 1522 1575 1562 a
1589 1506 1698 1562 Persio
1710 1521 1763 1579 per
1774 1507 1821 1561 He·

140 1600 215 1655 riam
230 1616 310 1654 suam
325 1598 486 1670 benigniter
500 1597 639 1654 invitavit.
1006 1599 1123 1654 dantum
1145 1599 1219 1654 visus
1239 1599 1329 1655 estin
1355 1599 1514 1654 Neustriam
1533 1598 1712 1666 discurrere,
1733 1602 1762 1654 et
1775 1616 1821 1671 per

176 1694 378 1761 Menseiunio,
400 1692 567 1747 Guillelmus
586 1692 721 1747 aldelinus
740 1691 828 1746 liliam
846 1693 1062 1771 conniissstres
1095 1696 1194 1748 noctes
1222 1693 1385 1765 hujusmodi
1410 1693 1525 1763 signum
1549 1692 1652 1747 multis
1681 1693 1820 1748 Gallorum

141 1789 215 1859 apud
236 1787 390 1842 lexovium
412 1786 603 1858 desponsavit,
620 1785 772 1858 multisque
796 1785 953 1856 tranquilli·
1007 1787 1220 1842 manifestatum
1234 1792 1277 1842 est
1298 1787 1327 1840 in
1342 1803 1418 1841 aere.
1441 1786 1561 1842 Diversis
1583 1802 1653 1841 vero
1676 1786 1771 1841 modis
1789 1788 1823 1840 vi-

142 1884 229 1936 tatem
243 1880 404 1952 optantibus
419 1886 478 1935 tam
497 1896 639 1951 generosa
662 1879 802 1950 copulatio
828 1879 954 1950 compla-
1005 1882 1105 1936 dentes
1119 1880 1172 1935 hoc
1190 1880 1371 1952 interpretati
1393 1885 1470 1949 sunt,
1484 1886 1512 1935 et
1532 1880 1605 1935 velle
1623 1896 1723 1949 suum,
1744 1885 1822 1952 prout

142 1976 209 2042 cuit,
224 1980 260 2042 et,
283 1976 411 2046 quamvis
424 1979 549 2030 extrema
564 1979 637 2029 sorte
649 1974 762 2045 juvenis
778 1974 871 2027 mariti
891 1973 955 2028 vita
1005 1976 1106 2047 cuique
1134 1974 1226 2041 libuit,
1254 1974 1476 2029 auscultantibus
1506 1978 1695 2030 asseruerunt
1723 1975 1822 2045 Super·

139 2070 219 2125 iilum
232 2070 262 2123 iu
274 2069 332 2124 imo
343 2068 438 2140 pelagi
452 2068 583 2123 celeriter
599 2070 698 2123 ocante
718 2084 821 2138 parum
835 2067 953 2122 durave-
1004 2067 1107 2123 borum
1126 2069 1232 2140 quippe
1254 2067 1420 2138 insipientia
1439 2068 1474 2123 de
1503 2068 1608 2123 futuris
1629 2073 1775 2139 tauqtram
1792 2067 1824 2123 de

139 2164 185 2227 rit,
202 2164 387 2219 necessariam
403 2168 497 2218 tanven
519 2162 555 2217 ad
570 2162 678 2216 instans
694 2165 806 2233 tempus
825 2161 954 2233 quictem
1003 2162 1152 2216 transactis
1165 2160 1264 2216 stolide
1287 2160 1471 2232 gloriabatur,
1495 2160 1654 2232 procaciter
1676 2162 1822 2217 affirmans

138 2259 215 2313 inter
235 2256 403 2312 dissidentes
424 2256 544 2327 propolas
564 2256 786 2327 compaginavit.
806 2257 883 2310 Tunc
906 2272 954 2310 rex
1004 2255 1082 2327 quod
1096 2254 1249 2310 Ludovicus
1270 2270 1327 2321 rex,
1348 2254 1396 2326 qui
1412 2257 1479 2310 tunc
1498 2256 1572 2326 apud
1587 2254 1744 2310 andelium
1762 2272 1822 2311 cum

139 2351 320 2408 Guillelmnm
343 2349 532 2417 Talavaciurn,
549 2349 685 2405 liodberti
711 2349 896 2405 Belesmensis
919 2350 954 2402 li·
1005 2349 1119 2403 Francis
1137 2348 1304 2404 morabatur
1321 2365 1374 2403 ceu
1400 2350 1514 2403 llamma
1536 2349 1721 2404 dermannus
1745 2348 1822 2405 absu-

139 2444 222 2513 lium,
238 2449 355 2516 precatu
367 2443 479 2498 comitis
493 2444 521 2497 in
536 2442 664 2497 amicitia
686 2443 804 2515 recepit,
822 2446 850 2497 ct
864 2446 955 2497 totam
1003 2448 1105 2513 meret,
1117 2446 1260 2514 mamque
1269 2442 1322 2497 sibi
1335 2443 1484 2514 regionem
1495 2442 1642 2513 lieustriae,
1658 2443 1824 2516 rhomphea

139 2540 169 2592 in
185 2537 360 2594 Narmarruia
377 2537 466 2610 patris
485 2536 528 2591 sui
549 2542 654 2591 terram
674 2536 808 2591 reddidit.
829 2536 956 2591 bleiseio·
1003 2540 1126 2604 secante,
1148 2536 1300 2607 subigeret.
1316 2537 1523 2609 arrogantium
1542 2537 1641 2609 itaque
1665 2538 1824 2609 petulantia

137 2648 204 2687 nem
219 2639 248 2688 et
261 2632 436 2686 Alrrrarriscas
451 2638 535 2702 atque
551 2630 706 2699 vinacium,
728 2629 842 2701 aliaque
863 2636 954 2684 castra
1003 2647 1056 2701 pro
1069 2630 1196 2702 appetitu
1213 2646 1262 2685 suo
1280 2630 1445 2685 vaticinium
1468 2630 1624 2701 procaciter
1638 2631 1697 2686 sibi
1719 2648 1822 2687 assare·

140 2726 165 2782 ei
180 2726 326 2794 concessit,
347 2728 450 2797 praeter
466 2723 627 2795 dangiones
646 2739 718 2794 qtros
737 2723 859 2794 propriis
873 2739 956 2777 excu-
1004 2724 1091 2791 ravit,
1107 2725 1156 2779 sed
1170 2740 1267 2779 rerum
1279 2724 1370 2780 exitus
1383 2724 1506 2779 multum
1520 2724 1597 2779 aliud
1610 2724 1683 2796 ipsis
1701 2726 1824 2795 eisdem,

60 2844 63 2849 ¹
138 2818 280 2875 bitoribus
293 2818 454 2889 assignavit.
470 2816 617 2874 liudberto
632 2817 720 2870 ctiam
739 2816 773 2870 de
786 2815 891 2871 Sancto
903 2816 952 2871 So·
1004 2818 1202 2891 suppeditavit.
1224 2818 1270 2873 llis
1291 2818 1409 2886 omissis,
1431 2817 1532 2874 seriem
1546 2834 1710 2890 prosequar
1729 2836 1823 2875 narra·

139 2912 247 2982 reaico,
261 2912 309 2982 qni
328 2910 513 2967 consobrinus
536 2911 611 2981 regis
631 2915 700 2977 erat,
725 2909 796 2980 ipse,
823 2909 954 2980 precibus
1004 2912 1099 2967 tionis.

140 3006 227 3061 soceri
255 3005 344 3076 prolis
372 3022 439 3072 suas,
463 3004 579 3059 indulsit
607 3004 684 3075 quod
710 3021 801 3075 nuper
828 3003 955 3058 desertor
1041 3006 1177 3060 llenrieus
1207 3022 1264 3073 rer,
1289 3005 1441 3060 rebellibus
1467 3006 1541 3061 ultra
1567 3022 1691 3077 parcere
1719 3007 1819 3063 nolens

134 3100 209 3172 juris
224 3099 259 3154 ad
273 3100 368 3154 hostes
383 3098 536 3164 transierit,
552 3103 580 3152 et
597 3098 827 3153 monasteriolum
849 3101 879 3151 et
899 3098 952 3152 Ex-
965 3070 992 3144 C
1005 3116 1113 3171 pagum
1133 3099 1333 3155 Ebroicensem
1358 3100 1437 3166 adiit,
1467 3105 1495 3156 et
1512 3100 1619 3156 Ebroas
1640 3117 1711 3156 euni
1732 3102 1822 3157 valida

139 3195 298 3249 cadius-num
312 3192 447 3248 reddidit.
1004 3209 1091 3247 marin
1105 3194 1273 3265 impugnare
1286 3194 1379 3265 capit.
1398 3193 1453 3249 Sed
1472 3194 1632 3266 oppidanis,
1649 3195 1701 3267 qui
1716 3196 1821 3251 intriu-

174 3288 256 3360 Apud
281 3288 432 3342 Luxovium
460 3286 645 3358 congregatio
674 3302 777 3356 magna
800 3284 953 3357 praesulum
1004 3303 1086 3341 sectis
1100 3293 1184 3342 eraut
1199 3304 1263 3341 cum
1278 3287 1385 3342 civibus
1399 3287 1766 3359 viriliterrepngnantibus,
1779 3291 1822 3345 in·

139 3398 346 3455 procerumque
369 3381 514 3448 convenit,
537 3383 564 3435 et
580 3379 618 3434 ibi
632 3385 698 3434 tunc
714 3379 865 3433 immatura
879 3394 954 3432 mors
1004 3380 1233 3452 troirenequivit.
1249 3382 1337 3437 Erant
1349 3381 1470 3436 camillo
1483 3381 1641 3437 Richardus
1660 3382 1738 3438 filius
1753 3383 1821 3455 ejus,

138 3476 280 3544 Bulduini,
291 3479 410 3547 satrapae
424 3474 607 3541 Morinorum,
629 3473 737 3528 eunctis
751 3471 885 3541 innotuit,
902 3488 953 3542 pro
1004 3475 1646 3547 etStephanuscomesneposejus,lladulphus
1663 3476 1823 3534 deGuader

137 3572 217 3641 eujus
231 3570 335 3625 animae
358 3568 535 3625 absolutione
557 3573 585 3623 et
608 3568 703 3641 quiete
718 3583 768 3622 rex
783 3566 857 3621 clero
871 3566 953 3637 signa
1004 3575 1033 3624 ct
1046 3568 1169 3624 maxima
1183 3568 1224 3623 ris
1247 3570 1487 3625 ltormanncrum.
1502 3569 1609 3634 Quibus
1631 3577 1701 3626 ante
1724 3588 1823 3644 regem

137 3665 251 3737 pulsare
268 3670 297 3719 et
312 3680 394 3719 orare
408 3663 551 3735 praecepit.
575 3664 604 3717 ln
633 3661 760 3716 Neustria
781 3660 952 3732 quibusdam
1003 3663 1161 3717 corivocatis
1181 3662 1210 3716 in
1230 3679 1330 3731 unum,
1345 3680 1394 3718 rer
1409 3662 1480 3718 dixit
1494 3662 1531 3717 ad
1545 3663 1694 3719 tudinum
1711 3664 1819 3736 episeo-

137 3758 284 3831 gaudium,
301 3763 331 3813 et
344 3757 487 3813 riortnullis
512 3772 617 3811 necarer
632 3755 746 3827 prodiit,
768 3754 843 3827 quod
867 3754 950 3809 Flau·
1002 3774 1071 3828 pum
1089 3774 1095 3811 :
1113 3757 1271 3825 «Videsne,
1288 3757 1402 3812 domiue
1422 3758 1536 3829 praesul,
1552 3757 1628 3830 quod
1651 3759 1822 3831 repellimur

140 3852 259 3918 deensis,
280 3851 463 3907 inimicorum
491 3850 566 3920 regis
590 3849 756 3917 acerrimus,
783 3848 900 3918 corruit,
923 3852 952 3901 et
1001 3851 1036 3906 ab
1051 3851 1188 3920 hostibus,
1203 3867 1254 3905 nee
1269 3868 1319 3907 cos
1340 3851 1393 3906 nisi
1409 3868 1459 3923 per
1481 3852 1750 3925 ignemsubjugare
1772 3871 1820 3926 po·

134 3945 474 4017 Avtdegavensismuicus,
491 3945 577 4000 trium
594 3944 704 3998 urbium
732 3942 874 4009 dominus,
898 3957 950 4012 po·
1001 3945 1303 4013 terimns'3Vcrum,si
1318 3946 1392 4017 ignis
1405 3946 1579 4015 immittitur,
1595 3946 1724 4003 ecelesias
1742 3965 1820 4004 com-

136 4040 205 4095 tenti
221 4046 355 4094 coronato
371 4038 500 4094 adhaesit.
1000 4039 1148 4107 iurentur,
1167 4046 1197 4095 et
1217 4040 1377 4095 insontibus
1390 4040 1490 4111 ingens
1504 4039 1645 4095 damnum
1667 4040 1818 4099 inseretur.

174 4134 205 4188 lu
231 4139 335 4200 casata,
363 4137 427 4203 post
452 4132 592 4187 diutinam
617 4130 872 4201 exspectationem,
887 4133 951 4200 post
1000 4134 1080 4189 Nunc
1095 4150 1175 4205 ergo,
1192 4140 1289 4206 pastor
1306 4134 1445 4203 Ecclesiae,
1459 4134 1779 4207 diligentereonsidera,
1794 4142 1821 4192 et

138 4227 339 4283 multimodam
352 4231 381 4281 ut
397 4226 503 4298 parjuri
515 4226 714 4296 resipiscerent
723 4224 948 4296 persuasionem,
1000 4229 1075 4300 quud
1090 4228 1184 4283 utilius
1195 4228 1383 4300 perspexeris,
1398 4228 1516 4300 provide
1535 4228 1620 4284 nobis
1646 4230 1775 4287 insinua.
1792 4233 1820 4287 Si

137 4322 276 4376 Hernicus
295 4338 346 4375 rcx
366 4337 418 4391 per
433 4318 636 4375 Normanniarn
660 4318 816 4374 terribilem
841 4318 948 4373 discur-
1000 4321 1114 4377 victoria
1131 4321 1211 4376 nobis
1231 4339 1283 4391 per
1298 4322 1462 4377 incendium
1486 4321 1621 4378 divinitus
1642 4324 1820 4393 conceditur,

137 4434 201 4471 sum
216 4417 292 4483 lecit,
307 4422 334 4471 ct
347 4418 465 4470 Pontem
481 4413 575 4470 Sancti
589 4414 674 4481 Petri,
696 4412 806 4484 aliaque
827 4430 892 4468 cum
903 4414 949 4468 vil·
960 4442 989 4514 D
1001 4416 1156 4486 opitulante
1171 4417 1237 4483 Deo,
1252 4416 1559 4472 ecclesiadctrtmcnta
1569 4418 1819 4486 restaurabuntur,

138 4510 172 4565 lis
186 4510 310 4567 hostium
324 4515 415 4565 castra
440 4508 575 4575 incendit,
592 4514 620 4564 et
645 4513 787 4562 austeram
813 4508 951 4563 ultionem
1001 4510 1115 4583 quiade
1130 4510 1267 4565 thesauris
1287 4510 1389 4565 nostris
1412 4511 1577 4566 commodus
1600 4516 1736 4584 sumptus
1756 4530 1819 4585 gra·

137 4621 221 4676 super
236 4604 367 4660 inimicos
382 4607 410 4659 et
427 4607 633 4657 consentaneos
649 4618 750 4656 eorum
767 4601 904 4656 exercuit.
1001 4607 1095 4659 tanter
1113 4604 1279 4675 largiemur,
1294 4604 1371 4659 undo
1387 4604 1487 4659 domus
1501 4606 1561 4673 liei,
1577 4609 1607 4660 ut
1626 4622 1703 4677 reor,
1719 4608 1749 4662 iu
1762 4624 1821 4663 me·

209 4699 250 4752 Vl.
268 4699 442 4753 calamitates
455 4703 479 4752 et
489 4697 666 4767 prodigia-
680 4696 749 4751 Belli
757 4702 877 4750 acrinus.
1001 4697 1064 4767 lius,
1080 4698 1335 4753 reaedificabuntur.
1351 4719 1365 4751 a
1385 4698 1500 4755 livesitet
1513 4699 1542 4754 in
1559 4702 1638 4754 tanto
1652 4701 1819 4758 discrimine

173 4795 248 4849 luter
274 4793 344 4859 haec,
372 4792 555 4862 oomipotens
582 4792 656 4844 Deus
682 4789 802 4844 mirifica
828 4790 858 4844 in
882 4790 951 4845 orbo
1001 4791 1550 4865 praesulanxius3ignoratquidjubeat
1571 4794 1675 4849 divina
1700 4795 1817 4869 disposi·

137 4887 282 4958 magnalia
298 4885 475 4954 monstravit,
490 4884 591 4956 quibus
616 4884 788 4939 intuentium
801 4884 905 4953 corda,
920 4891 950 4939 ut
1001 4886 1071 4940 tiorii
1087 4886 1312 4958 competentius,
1328 4887 1495 4959 nescitquid
1510 4887 1612 4943 debeat
1625 4889 1719 4961 magis
1749 4890 1819 4947 velle

138 4977 951 5052 castigarenturanequitia,cuvnmouutt.n'avninlviemc
1001 4981 1043 5034 vel
1071 4980 1176 5052 eligere
1201 4980 1353 5036 salubrius.
1376 4980 1514 5037 landem.
1541 4982 1718 5054 prudentum
1749 5001 1818 5040 con·

137 5073 397 5144 precedentinimii
411 5071 518 5126 imbres
532 5072 686 5140 lluxerunt,
700 5076 728 5127 et
749 5071 950 5126 inundationes
1002 5075 1077 5128 sultu
1104 5074 1240 5145 ptraecopit
1263 5075 1359 5145 ignem
1384 5074 1510 5146 immitti,
1537 5081 1566 5131 et
1587 5076 1734 5133 civitatem
1748 5095 1818 5135 eon·

136 5167 288 5221 lluviorurn
305 5167 464 5221 habitacula
486 5166 638 5221 hominum
652 5167 715 5237 plus
737 5167 820 5221 solito
841 5166 949 5220 invaso·
1002 5169 1141 5235 creaturi,
1168 5172 1199 5223 ut
1231 5167 1266 5223 ab
1290 5169 1538 5225 artathematizatis
1565 5170 1760 5242 proditoribus
1786 5173 1819 5229 li·

138 5264 215 5315 runt.
231 5260 552 5332 liuthomagenscsiudc
567 5260 863 5331 otl‘arisiaci,aliiquc
878 5260 950 5315 cives
1002 5261 1160 5328 beraretur,
1194 5268 1220 5316 at
1250 5262 1389 5333 legitimis
1416 5262 1625 5319 habitatoribus
1652 5266 1818 5323 restituere·

137 5370 185 5409 seu
201 5353 296 5408 rustici
326 5359 410 5409 testes
435 5360 510 5422 sunt,
534 5353 584 5425 qni
612 5355 739 5409 limentes
761 5353 951 5408 redundantis
1002 5360 1057 5410 tur.
1080 5355 1218 5411 lladullus
1250 5356 1338 5426 igitur
1367 5356 1402 5412 de
1424 5357 1534 5413 lluader
1559 5361 1677 5430 aparte
1704 5360 1818 5434 Aquilo·

139 5448 280 5519 Sequanae
294 5447 419 5519 gurgites
433 5447 463 5501 in
477 5447 582 5501 danrno
601 5448 763 5519 dumorum,
778 5451 948 5519 segetumve
1002 5449 1056 5504 nali
1074 5450 1183 5522 primus
1205 5450 1302 5521 iguem
1326 5451 1432 5523 injecit,
1447 5458 1475 5506 ot
1502 5452 1617 5509 effrenis
1635 5452 1753 5511 flamma
1767 5471 1819 5527 per

137 5557 256 5597 suarum
269 5546 481 5612 persenserunt.
1002 5543 1102 5599 urbem
1118 5544 1212 5599 statim
1233 5544 1346 5613 volavit,
1366 5550 1395 5600 ct
1411 5545 1519 5614 omitia,
1532 5549 1651 5622 tempus
1670 5547 1749 5605 enim
1763 5566 1817 5607 au·

160 5634 344 5707 Insequenti
356 5634 585 5708 Quadragosima
611 5635 702 5711 [tlte]
737 5634 843 5693 nimius
858 5636 888 5692 in
903 5636 949 5694 Se·
1000 5638 1095 5693 turnui
1125 5638 1230 5695 siceum
1261 5643 1333 5709 erat,
1347 5639 1493 5712 corripuit.
1515 5640 1592 5703 Tunc
1605 5642 1757 5699 combusta
1775 5650 1819 5703 est

102 5742 202 5805 quana
219 5733 321 5791 ventas
337 5730 404 5792 esua
410 5730 457 5801 vit,
475 5736 507 5791 et
527 5732 703 5813 aliquandiu
732 5734 918 5811 exsiccavit„
936 5738 958 5799 b
1007 5731 1127 5793 basilica
1139 5731 1241 5793 sancti
1254 5732 1422 5799 salvatoris,
1433 5748 1523 5807 auam
1535 5734 1817 5799 aestimantem.
