3750 6046
137 200 206 259 1089
786 198 963 258 lassessit
983 200 1018 257 ll
1038 200 1135 259 PlPAE
1757 202 1821 263 lllb

139 333 204 401 post
228 328 306 383 solli
298 327 442 383 ¹icutern
435 343 464 382 ru
476 327 644 397 prasentia.
638 342 701 383 ua.
714 326 899 383 etiraturrn
887 344 951 383 s-no
964 328 1085 413 ιιιιιιιιι.
1100 332 1130 382 et
1152 326 1220 384 inde
1233 327 1370 385 alterutra
1381 328 1507 401 partium
1531 326 1686 385 aruum
1675 342 1819 401 mexpen·

141 440 205 479 rurn
229 422 359 493 ciusdem
384 438 476 477 causae
504 420 720 489 discussionem,
742 422 954 477 communicato
1004 438 1059 479 sas.
1085 426 1114 477 et
1142 422 1252 477 labores
1279 422 1412 491 addunt
1436 424 1514 479 unde
1538 422 1704 495 judiciario
1729 422 1820 481 ordine

140 532 207 572 eum
220 514 421 571 iratribussuis
437 514 556 571 consilio
571 516 785 587 promulgarit5
800 530 853 571 nos
866 516 954 570 etiam
1004 520 1177 587 perpetuum
1191 516 1285 571 silens
1267 533 1338 571 rum
1350 517 1467 589 utrique
1486 518 1560 589 parti
1574 516 1819 589 constatimposi·

141 610 307 667 assertionis
322 614 427 665 nostras
436 610 541 682 pagina
553 610 794 675 continuerimus,
808 618 838 663 et
848 614 953 678 ratam,
1003 611 1077 677 tum,
1090 612 1260 665 auctoritate
1281 611 1436 681 apostolice
1450 610 1664 679 interdicimus,
1676 614 1712 665 ut
1729 610 1818 667 nullus

141 710 170 762 et
193 704 394 761 inconcussam
417 704 563 775 perpetuis
584 704 763 775 temporibus
774 704 955 759 decernimus
1004 704 1284 761 ornniuobominnrn
1293 704 1723 775 contrapractatiantoeessoris
1736 706 1819 761 nostri

140 798 482 871 permanere3constituit
498 796 651 869 siquidem,
671 797 875 868 etpresbyteri
890 798 954 852 Der·
1003 798 1174 853 sententiam
1187 798 1285 853 senice
1307 806 1469 869 praesumat,
1487 799 1622 855 autbuic
1643 806 1753 853 nestra
1763 814 1820 855 cen·

142 894 287 965 gamensis
302 890 750 964 episcopatus,quipostdatama
759 891 834 945 ielici
843 906 954 945 merue-
1003 892 1185 949 firmationis.
1198 892 1441 947 eteenstitutionis
1450 894 1561 964 paginas
1571 908 1647 947 autu
1658 892 1818 949 temerario.

140 988 344 1043 riaPP.lnnoc.
352 986 562 1057 praedecessore
578 987 677 1040 nostro
691 984 955 1051 sententiam,ordi-
1004 984 1111 1057 Siquis
1131 992 1227 1041 autem
1251 985 1306 1041 boe
1326 989 1466 1041 attentare
1478 986 1713 1058 presumpserit,
1732 986 1817 1059 indig-

142 1081 201 1137 nati
221 1084 298 1149 sunt,
321 1079 441 1152 siveqoi
456 1078 590 1150 deinceps
605 1078 827 1147 ordinabuntur,
842 1078 954 1151 utrique
1005 1081 1154 1135 nationem
1182 1080 1387 1151 omnipotentis
1408 1080 1467 1143 Dei,
1491 1084 1521 1135 ct
1553 1080 1717 1135 beatorum
1753 1080 1819 1137 Petri

140 1174 266 1231 ecclesie
273 1174 437 1230 tidetitatem
445 1173 610 1243 exhibeant,
622 1178 651 1229 et
665 1174 688 1227 si
703 1172 834 1228 canonici
847 1174 876 1229 S.
887 1173 953 1227 t'in-
1003 1177 1033 1228 et
1045 1174 1126 1229 Pauli
1141 1173 1333 1245 aposostorum
1358 1174 1422 1244 ejus
1440 1174 1577 1229 incurrat.
1599 1178 1711 1229 Amen.
1725 1178 1818 1230 lmen.

140 1270 225 1327 centii
253 1268 380 1339 recipere
398 1268 473 1323 torte
500 1266 656 1335 noluerint,
682 1266 870 1322 nibilominus
890 1282 954 1323 earn
1003 1271 1107 1324 Amen.

141 1362 264 1421 ecclcsiae
292 1367 390 1417 restrae
411 1360 536 1417 debeant
559 1360 706 1416 exhibere.
723 1362 762 1416 De
780 1360 955 1433 pernitentiis

141 1464 238 1513 autern
252 1457 307 1512 boc
321 1456 458 1511 intereos
473 1454 616 1509 observari
631 1454 778 1527 praecepit,
796 1460 828 1510 ut
840 1454 956 1526 presby·

140 1551 194 1607 teri
216 1550 302 1606 tetius
326 1548 526 1621 Bergamensis
547 1550 736 1620 episcopatus,
765 1547 875 1620 quoties
901 1564 954 1619 pro

1308 1362 1398 1416 locus
1424 1360 1520 1432 sigdli.

1110 1471 1224 1513 cessone
1242 1471 1290 1521 xe,
1304 1470 1417 1521 noxrxs,
1431 1469 1607 1510 cunnum
1622 1469 1721 1512 ectu.

1040 1552 1100 1621 Ego
1125 1550 1288 1605 Anastasius
1319 1548 1471 1605 Catholicae
1498 1547 1633 1604 reclusis
1671 1548 1818 1621 episeopus

141 1644 262 1717 publicis
288 1643 457 1699 criminibus
480 1644 516 1698 ad
539 1642 736 1714 poenitentiam
764 1642 954 1714 parochianos
1004 1643 1168 1716 subscripsi.

140 1756 207 1795 susis
227 1737 408 1806 adduxerint,
434 1744 586 1809 utramque
612 1740 723 1809 partem
735 1736 870 1793 studeant
882 1753 951 1792 eon
963 1713 992 1786 Β
1042 1740 1102 1810 Ego
1120 1737 1390 1793 llicmarus‘luseul.
1409 1736 1560 1808 episcopus
1579 1736 1680 1792 subsc.

140 1849 252 1903 screare,
274 1848 307 1887 ac
326 1831 488 1888 nullatenus
508 1832 616 1903 absque
629 1831 782 1903 praeposita
796 1830 894 1899 vestri,
908 1831 953 1885 vel

141 1928 228 1983 unius
253 1926 486 1999 presbyterorum
515 1926 639 1981 ecclesie
667 1930 767 1981 vestre
791 1925 953 1995 presentia,

1039 1835 1100 1903 Ego
1110 1834 1191 1903 tingo
1203 1831 1342 1887 Ostiensis
1353 1832 1500 1903 episeopus
1513 1830 1610 1886 subse.

1040 1928 1100 1998 Ege
1107 1926 1219 1983 Cincius
1233 1924 1398 1981 Portuensis
1410 1925 1568 1996 episcopus,
1579 1931 1609 1981 et
1617 1925 1734 1981 &netes
1744 1922 1819 1981 Silva
1863 1966 1865 1971 .

140 2020 298 2077 criminosis
333 2020 386 2075 illis
424 2020 596 2091 punitentia
630 2018 809 2090 injungatur.
844 2018 955 2089 adjecit
1003 2018 1137 2075 Candidas
1156 2019 1249 2075 subsc.

141 2116 237 2183 etiarn,
252 2120 282 2169 ut
294 2113 323 2169 in
339 2130 436 2169 mensa
460 2113 585 2186 episcopi
598 2114 628 2170 iu
652 2112 766 2168 sinistra
778 2117 871 2184 parte,
885 2128 956 2183 prae-

140 2208 249 2281 positus
267 2207 393 2264 ecclesias
415 2211 516 2263 vestros
529 2208 655 2279 primurn
668 2208 762 2262 locum
778 2206 916 2274 obtineat,
926 2209 955 2260 et

140 2320 208 2357 suos
220 2318 310 2376 penes
321 2318 351 2357 se
363 2302 480 2357 clericos
490 2301 604 2357 babeat.
631 2301 736 2357 Statuit
750 2304 902 2372 praeterea,
922 2302 955 2353 ut

141 2397 254 2469 quoties
280 2396 468 2451 inconsuetis
493 2394 719 2467 processionibus
747 2394 782 2449 ad
804 2394 953 2448 missarum

140 2489 282 2546 solemnia
302 2489 481 2557 celebranda,
504 2489 631 2543 canonici
650 2487 746 2545 Sancti
758 2486 898 2542 Vincentii
918 2486 954 2540 ad

140 2590 263 2639 vestram
277 2582 427 2639 ecclesium
442 2583 583 2650 venerint,
598 2588 719 2654 quatuor
738 2581 863 2653 parietes
874 2578 955 2635 ebori

140 2676 262 2749 paciliec
290 2677 319 2732 in
347 2676 465 2732 ecelesia
488 2676 550 2748 ipsa
577 2676 735 2745 obtineant,
763 2679 790 2729 et
810 2672 955 2744 invigiliis

142 2772 173 2826 B.
194 2769 321 2839 Victoris,
341 2776 369 2826 et
383 2769 411 2825 in
421 2772 492 2825 testo
512 2768 652 2840 ejusdem,
673 2784 726 2823 nec
739 2784 797 2822 non
810 2767 840 2821 in
850 2765 955 2822 litaniis

1040 2115 1101 2185 ligo
1111 2114 1266 2183 Gregorius
1280 2113 1374 2184 presb.
1387 2111 1463 2167 card.
1478 2112 1521 2167 tit.
1535 2114 1564 2167 S.
1578 2112 1687 2168 calixti
1697 2112 1788 2167 subsc.

1040 2209 1100 2279 Ego
1111 2207 1255 2262 tiebaldus
1270 2207 1366 2279 presb.
1379 2205 1458 2261 card.
1474 2206 1517 2259 tit.
1533 2207 1561 2261 S.
1577 2204 1720 2261 Praxedis
1732 2206 1818 2261 subse.

1043 2303 1103 2373 Ego
1115 2299 1278 2356 llantredns
1291 2300 1385 2372 presb.
1406 2298 1483 2354 eard.
1498 2300 1542 2355 tir.
1557 2302 1586 2355 S.
1601 2299 1719 2355 Sabinas
1731 2299 1819 2356 subsc.

1040 2397 1101 2466 Ego
1116 2395 1263 2450 eribertus
1275 2393 1370 2466 presb.
1384 2393 1460 2448 card.
1471 2393 1516 2447 tit.
1529 2392 1558 2448 S.
1570 2394 1743 2449 Anastasia.

1009 2518 1013 2523 ·
1041 2490 1101 2561 Ego
1114 2490 1204 2543 Julius
1215 2488 1311 2559 presb.
1330 2486 1410 2542 card.
1426 2488 1469 2541 tit.
1481 2489 1509 2542 8.
1521 2486 1646 2541 Damelli
1659 2487 1755 2543 subsc.

1040 2584 1100 2654 Ego
1113 2581 1207 2638 Guido
1220 2581 1315 2653 presb.
1329 2581 1408 2636 card.
1425 2582 1469 2635 tit.
1484 2580 1609 2636 Pastoris
1617 2580 1716 2637 subsc.

1041 2678 1100 2749 Ego
1114 2676 1251 2732 Dernard.
1265 2675 1360 2747 presb.
1373 2674 1451 2729 card.
1467 2674 1511 2729 tit.
1524 2676 1552 2730 S.
1570 2674 1741 2730 Clementis.

1041 2772 1100 2842 Ego
1119 2770 1261 2825 Jordanus
1282 2768 1376 2840 presb.
1395 2768 1473 2823 card.
1486 2769 1658 2824 &netarum
1674 2770 1819 2837 Susanntc,

140 2864 322 2937 Gregoriunis
339 2880 404 2918 cum
416 2864 540 2931 incenso,
556 2867 586 2917 et
597 2879 672 2934 aqna
687 2861 849 2929 benedicta,
877 2876 952 2915 eem-
1005 2868 1033 2920 et
1049 2865 1106 2919 Fet.
1121 2864 1214 2919 subse.

141 2958 225 3031 panis
243 2958 359 3031 pulsetis
385 2973 438 3029 per
457 2973 590 3029 personas
611 2962 720 3011 vestras
739 2956 852 3011 eosdem
874 2971 956 3009 cano·
1041 2959 1099 3030 Ego
1114 2957 1244 3013 astaldus
1258 2956 1351 3028 presb.
1363 2955 1441 3010 card.
1455 2955 1498 3011 tit.
1512 2956 1541 3011 S.
1555 2954 1662 3011 Priscae
1675 2955 1771 3012 subse.

138 3052 218 3110 nicos
230 3051 386 3108 honorilice
399 3051 569 3122 suscipiatis.
585 3051 655 3106 Cum
672 3056 768 3105 autem
777 3050 812 3104 ad
836 3048 954 3104 detunc-
1041 3053 1101 3125 Ego
1111 3051 1252 3107 Gerardus
1263 3048 1360 3122 presb.
1369 3050 1449 3105 card.
1462 3049 1508 3105 ιιι.
1517 3051 1546 3105 S.
1554 3050 1696 3122 Stephani
1708 3051 1739 3107 in
1750 3050 1820 3109 Delio

140 3152 235 3203 torum
262 3145 421 3217 exsequias,
452 3146 493 3199 vel
529 3144 590 3199 aliis
623 3143 721 3198 diebus
749 3142 893 3197 vobiscum
926 3142 956 3197 in
1006 3152 1102 3202 monte
1121 3145 1214 3200 subsc.

141 3240 261 3297 eeclesia
286 3239 346 3311 ipsa
368 3238 563 3305 convenerint,
586 3240 676 3292 toturn
694 3237 813 3292 chorum
830 3236 956 3292 ecclesia
1041 3240 1232 3314 Egoloannes
1243 3238 1338 3311 presb.
1351 3238 1485 3294 card.SS.
1498 3240 1539 3293 lo.
1549 3244 1579 3293 et
1591 3238 1672 3294 Pauli
1685 3239 1732 3296 tit.
1746 3241 1821 3296 Pam·

142 3340 238 3390 vestrae
262 3350 328 3389 curn
349 3332 390 3387 eis
415 3333 521 3405 pariter
545 3332 676 3387 teneatis.
698 3331 812 3395 Quoties
824 3346 893 3385 rere
908 3346 957 3385 vos
1006 3333 1111 3391 maeuii
1131 3333 1223 3388 ιιιιιιι.

142 3428 262 3483 cumeis
284 3427 313 3482 in
340 3426 580 3493 solemnitatibus,
607 3426 649 3480 vel
668 3424 812 3497 exsequiis
826 3427 955 3479 mortue·
1042 3429 1102 3499 Ego
1118 3426 1254 3483 Deuricus
1266 3425 1361 3499 presb.
1378 3424 1507 3482 cardtit.
1523 3427 1570 3482 88.
1584 3426 1673 3482 Nerei
1685 3432 1715 3484 et
1726 3426 1821 3485 debil-

143 3537 220 3589 rum,
250 3520 308 3576 sive
334 3520 363 3577 ιιι
388 3521 504 3577 ecclesia
529 3522 557 3577 8.
585 3519 744 3587 Vincentii,
769 3517 875 3575 sivein
894 3516 958 3572 aliis
1006 3523 1043 3580 lei
1058 3522 1150 3577 subse.

141 3616 347 3673 conveneritis:
377 3615 538 3688 prepositis
561 3613 687 3670 ecclesie
711 3616 810 3669 vestrae
830 3612 957 3684 primum
1041 3618 1100 3688 Ego
1115 3615 1239 3671 loannes
1254 3614 1349 3687 presb.
1361 3613 1441 3670 card.
1464 3614 1508 3669 tit.
1522 3616 1569 3670 88.
1583 3615 1651 3671 8ι1ι.
1672 3618 1704 3671 et
1713 3614 1821 3671 Ιιιιιιιιι

141 3710 235 3767 locum
263 3712 291 3765 in
319 3709 434 3764 sinistra
460 3715 542 3781 parte
568 3708 647 3764 ebori
668 3708 798 3762 obtineat
820 3724 827 3761 ι
852 3704 957 3777 reliqui
1006 3710 1098 3764 subse.

143 3808 240 3861 autem
268 3805 372 3859 tratres
399 3819 463 3858 curu
497 3802 605 3857 eisdem
632 3802 740 3857 clericis
767 3802 957 3857 communiter
1043 3805 1101 3873 Ego
1114 3802 1174 3858 Odo
1188 3800 1563 3874 diec.card.S.Georgiiad
1579 3801 1684 3859 velum
1698 3804 1821 3860 Aureum

142 3898 269 3953 sedeant.
289 3896 416 3951 Decrevit
436 3896 543 3963 itidem,
562 3902 594 3951 ut
613 3895 753 3966 capellani
773 3895 957 3950 ecclesiarum
1007 3896 1100 3951 subse.

143 3992 237 4047 Sancti
261 3989 422 4055 Salvaurris,
449 3993 476 4046 S.
497 3990 626 4060 Agathe,
651 3992 678 4045 S.
697 3987 823 4057 loannis,
848 3988 957 4045 Sanctae
1043 3993 1101 4063 Ego
1117 3989 1256 4046 liedulfus
1274 3990 1384 4047 diacon.
1397 3989 1474 4046 card.
1485 3992 1514 4045 S.
1528 3989 1624 4045 Lucia
1636 3991 1668 4045 in
1684 3992 1820 4063 septasol.

142 4084 248 4150 Gratas,
269 4100 302 4137 ae
324 4085 352 4137 S.
377 4081 471 4153 l'igitii
492 4083 522 4137 in
550 4082 704 4139 Dominicis
723 4081 833 4151 diebus,
859 4082 956 4154 pruci-
1006 4085 1100 4141 subsc.

142 4178 264 4250 potsque
288 4176 494 4244 festivitatibus,
519 4176 556 4232 ad
570 4176 693 4247 majores
707 4175 806 4231 missas
823 4174 852 4231 in
871 4176 958 4231 eccle·
1043 4181 1102 4251 Ego
1125 4178 1215 4234 Guido
1241 4179 1353 4235 diacon.
1383 4178 1459 4234 card.
1486 4181 1513 4233 S.
1538 4177 1632 4235 llariae
1654 4178 1687 4235 ιιι
1709 4180 1820 4237 Porticu

142 4272 184 4326 sia
196 4277 289 4327 restra
304 4270 481 4325 conveniunt.
512 4273 542 4325 ln
556 4274 642 4327 Coena
669 4285 734 4325 vero
749 4269 861 4325 Domini
883 4270 956 4325 etad
1007 4273 1098 4329 subsc.

143 4364 317 4438 Daptisrnun,
341 4370 370 4419 ot
388 4365 417 4419 in
437 4364 499 4419 aliis
512 4362 752 4431 solemnitatibus,
769 4364 841 4419 sicul
862 4363 958 4419 divina
1043 4368 1102 4438 Ege
1122 4368 1245 4422 loannes
1268 4366 1340 4422 diac.
1372 4366 1450 4423 card.
1473 4368 1519 4422 88.
1542 4366 1636 4438 Sergii
1663 4370 1694 4424 et
1720 4366 1821 4423 Daecbi

141 4460 325 4517 consuevistis
346 4457 438 4514 ellicia
451 4458 605 4527 celebrare,
617 4458 658 4513 ila
671 4458 750 4513 omni
765 4462 894 4529 tempore
911 4460 995 4534 pa-I)
1005 4460 1097 4516 subse.

142 4554 220 4612 cilice
241 4553 405 4610 observetis.
432 4553 474 4608 Ad
499 4553 560 4608 brec
582 4551 850 4624 quoniamquidem
868 4567 957 4607 saeer-
1041 4556 1099 4623 Ego
1123 4554 1183 4610 Ddo
1205 4553 1277 4609 diac.
1303 4554 1380 4609 card.
1397 4556 1424 4610 8.
1448 4553 1553 4609 Nicolai
1570 4553 1600 4609 in
1614 4554 1736 4611 Carcere
1750 4554 1819 4611 ruti.

142 4649 241 4706 detrun
269 4647 305 4703 ad
331 4645 508 4705 exhibendas
527 4646 606 4701 vobis
619 4646 795 4719 supradictas
808 4645 956 4700 lidelitetes
1005 4648 1096 4703 subsc.

141 4756 235 4799 morus
260 4741 420 4809 innectunt,
444 4746 473 4796 et
501 4741 672 4813 quibusdum
695 4739 881 4811 subterfugiis
907 4756 956 4794 cas
1040 4745 1141 4798 Datum
1162 4743 1290 4798 Laterani
1315 4759 1367 4816 per
1380 4758 1497 4799 manum
1520 4742 1662 4809 ltollandi,
1686 4744 1716 4800 S.
1731 4744 1766 4799 ll.
1788 4744 1819 4799 li.

141 4836 285 4893 retardare
307 4838 495 4907 presumunt,
523 4834 691 4890 auctoritate
715 4834 869 4904 apostolica
892 4849 955 4888 con·
1005 4836 1097 4907 presb.
1113 4837 1190 4891 card.
1216 4841 1245 4891 et
1259 4836 1417 4891 cancellarii
1436 4853 1454 4890 ιι
1467 4836 1532 4891 liet.
1557 4835 1632 4904 tdaii,
1655 4834 1719 4893 ind.
1733 4852 1765 4903 rr,
1781 4839 1821 4893 ln·

140 4929 295 4999 stituimus,
315 4932 346 4983 nt
360 4929 440 5001 juxta
462 4933 587 4984 veterem
608 4926 846 4983 cousuetudinem
862 4927 953 4982 ecele—
1004 4929 1248 4985 carn.Dominicue
1262 4946 1338 4985 anuo
1352 4931 1520 5001 tt5-l,pont.
1532 4944 1601 4985 vero
1614 4929 1819 4989 domnibnast.

140 5022 189 5079 siae
221 5025 322 5079 vestre
349 5021 377 5078 ιιι
404 5020 564 5078 continenti
588 5028 653 5094 post
676 5024 820 5093 susceptos
841 5021 955 5078 ordines
1005 5024 1038 5079 lv
1052 5025 1102 5079 PP.
1118 5040 1195 5079 anno
1208 5040 1228 5079 1.

140 5132 188 5173 eos
204 5116 283 5173 vobis
295 5116 459 5183 exlribcont‚
477 5122 505 5171 et
520 5117 543 5171 si
556 5116 651 5171 statim
661 5113 795 5171 exhibere
807 5120 953 5189 contemp·
1366 5118 1454 5172 [ιιι.

139 5210 228 5267 serint
267 5211 359 5266 donoc
390 5209 555 5279 exhibeant,
586 5227 603 5264 a
633 5211 771 5282 susceptis
806 5210 953 5266 ordinibus
1003 5212 1083 5269 euru
1104 5227 1156 5283 pro
1175 5214 1336 5267 monasterio
1364 5214 1460 5271 Soccti
1483 5211 1573 5269 Solvit
1593 5212 1820 5269 ldmssteriolecsv'.

139 5308 297 5361 arceantur.
326 5303 462 5359 Prresenti
488 5304 575 5359 etiarn
601 5304 714 5360 decreto
740 5305 896 5372 sancimus,
923 5307 955 5359 ut
1257 5304 1505 5377 (Laterani,lpril.
1519 5305 1567 5375 tl)

139 5397 337 5469 bergomensis
364 5397 515 5469 episeopus
548 5398 659 5453 utillum
686 5398 766 5453 vobis
794 5397 953 5454 indebitum
1165 5398 1662 5471 [ectr.osser.x,rnsuam.,ers.1

138 5504 306 5565 gravamen,
335 5496 365 5547 et
388 5490 553 5546 ιιιιιιιιιιιιιιιι
585 5492 725 5564 imponat,
758 5492 807 5548 sed
831 5508 898 5559 ros,
923 5492 954 5549 et
1038 5495 1207 5549 lussrssros
1231 5493 1391 5565 episcopus,
1411 5509 1508 5550 sersus
1530 5508 1680 5550 serromrn
1701 5491 1819 5563 Dei,di·

133 5584 285 5641 eeclesiam
299 5588 422 5641 rostram
434 5584 462 5641 in
476 5584 593 5658 andorra
606 5586 736 5643 libertate
747 5586 885 5642 dimittat.
914 5588 953 5643 Ne
1002 5587 1082 5643 laetis
1091 5587 1157 5642 titiis
1170 5582 1322 5645 llosrscaro
1337 5586 1437 5643 abbati
1449 5586 1617 5644 monasterii
1626 5586 1726 5645 Sancti
1738 5586 1822 5645 Salvii

111 5676 209 5749 r'gr'tor
228 5679 392 5753 superbis,
421 5696 490 5757 quea
517 5680 596 5740 inter
614 5698 665 5741 ros
675 5682 787 5757 judicio
803 5682 956 5757 sedisapo-
1005 5680 1622 5751 llonsteriolensise'susuustrutribus,etc...

90 5770 207 5831 areles
223 5772 328 5835 decim
349 5780 434 5851 sunt,
454 5778 590 5839 recidivo
613 5780 716 5839 denuo
739 5780 839 5853 litigio
861 5778 969 5855 latiga-
1054 5778 1091 5833 tu
1100 5774 1209 5851 qubus
1218 5773 1287 5829 bac
1295 5770 1423 5843 propriu
1436 5768 1573 5823 breim
1585 5770 1828 5839 mulna-
