3750 6046
782 150 942 210 onbeulci
960 148 1089 209 vitabis
1460 154 1464 165 ’
1729 144 1777 203 itt

100 318 1780 353 mmmmm-*m

542 430 811 524 subtemen
842 428 966 515 LIBRI
998 426 1147 515 biems
1177 425 1338 513 TERIII.

118 743 124 756 .
213 706 331 758 Faenius
352 704 433 756 uarii.
452 702 553 756 Franci
571 702 607 753 aa
626 698 836 752 succurrendum
857 693 1010 758 flebotomo
1031 692 1088 758 repi
1105 694 1201 744 eontra
1221 691 1376 750 Sarmcnos,
1397 688 1556 754 Fupcnians
1576 689 1687 753 eunus.
1706 685 1783 740 nutu

246 799 337 839 eornm
355 787 382 838 iu
398 786 529 849 Hispania
542 796 595 835 sese
606 782 756 834 stabiliunt.
772 779 900 831 Pturtma
914 789 956 829 res
968 776 1066 827 barum
1080 775 1227 839 repionum.

131 905 138 919 .
215 871 312 933 timna
332 866 480 929 tittbetonsi
502 861 790 930 contaminantem
812 859 935 920 Francis,
955 860 1051 910 contra
1070 856 1216 908 Saracenos
1238 855 1374 918 Hispania
1396 855 1421 905 ct
1440 850 1568 905 aaroni
1588 850 1740 904 emenone
1757 850 1785 900 u

247 948 387 1011 Hispania.
402 945 552 1008 tiitcietonsi
566 947 635 1010 repis
648 956 730 995 mors.
1833 946 1835 977 ι

142 1065 149 1077 .
213 1028 334 1080 tectesia
351 1028 398 1080 Dei
414 1026 609 1078 tribulationes.
625 1024 799 1088 Episcopatus
817 1024 842 1073 et
857 1020 1021 1072 monasteria
1040 1017 1197 1071 turbantur.
1214 1014 1332 1069 &bema
1348 1016 1482 1080 antipapa
1499 1011 1635 1067 nemete.
1652 1010 1786 1063 Artemius

246 1109 395 1161 tommentii
407 1110 436 1159 it
446 1119 521 1172 papa
536 1107 565 1158 tn
579 1105 702 1157 Gattiam.

143 1225 149 1238 .
215 1189 303 1241 cetus
315 1189 490 1251 prelatorum
501 1187 624 1241 ciuntact
636 1185 782 1237 adunatus.
796 1185 913 1236 Euentus
927 1181 1001 1235 carii
1014 1181 1043 1232 in
1057 1179 1140 1232 itatia
1154 1182 1178 1232 ct
1192 1179 1372 1233 Neruannta.

131 1305 137 1318 .
217 1269 391 1321 turbationes
406 1274 430 1321 et
446 1271 553 1321 eventus
568 1267 641 1319 carii
656 1267 685 1317 in
699 1266 799 1329 Aputic
814 1269 838 1316 et
853 1263 954 1315 Sicitia.

143 1386 149 1398 .
217 1351 346 1415 Protipia
365 1355 390 1403 et
408 1349 511 1415 tapetia
529 1348 651 1401 caturia.
669 1348 758 1400 Ruina
776 1345 926 1399 multarum
944 1343 1113 1396 emusiarum
1131 1344 1155 1394 et
1175 1341 1292 1393 urbium.
1310 1342 1384 1393 btors
1400 1338 1586 1403 ptnriuorum
1605 1335 1787 1389 eonem

244 1433 408 1496 principum.

154 1546 162 1565 .
216 1511 363 1563 concilium
375 1512 551 1564 Ferentinum.
565 1513 640 1574 Herae
654 1508 868 1572 Fotbomopeusis
881 1505 1101 1570 crebiepiscopus.
1115 1504 1246 1556 tierricus
1259 1514 1309 1554 rec
1318 1501 1450 1565 pturimos
1464 1498 1586 1551 dammas
1597 1500 1650 1550 aut
1666 1496 1787 1561 reprimit

246 1597 296 1645 aut
309 1595 430 1659 castiaat.
447 1593 554 1645 ttorbus
569 1592 694 1644 indoeict
708 1593 878 1642 Francorum
894 1590 972 1653 reete.

108 1671 176 1724 thl.
218 1675 292 1725 biars
306 1677 331 1724 et
346 1673 444 1737 senua
460 1673 570 1725 itenrici
584 1671 733 1736 inpurum
747 1671 824 1735 repis.
842 1670 1015 1721 turbationes
1030 1670 1059 1721 iu
1073 1668 1180 1733 Anptta.

109 1753 152 1805 lX.
215 1755 364 1818 sceptrum
374 1755 521 1819 inpiorum
533 1766 583 1805 rea
594 1766 686 1805 nouus.
704 1752 878 1804 turbationes
893 1752 921 1803 iu
935 1753 1115 1806 Normcnuio.
1129 1749 1295 1814 Dmraitatio
1311 1747 1438 1800 Uticeresis
1449 1746 1536 1811 berei.

109 1834 140 1884 X.
218 1837 336 1888 Eventus
349 1837 422 1887 carii
436 1837 465 1887 in
476 1836 575 1899 Aeetia
589 1837 613 1886 ct
626 1834 806 1888 Normanuia.

109 1913 154 1967 XI.
218 1917 325 1967 invasio
340 1920 364 1970 ct
378 1916 583 1980 demutationes
594 1914 822 1978 campanensium
838 1913 867 1963 tu
880 1913 1087 1966 Nasamonium.

108 1994 163 2044 XII.
219 1996 273 2047 Pte
286 1997 477 2049 meditationes.
493 1999 566 2049 btors
580 1996 722 2047 rariorum
736 1994 905 2045 dominorum
919 1996 945 2046 ct
955 1994 1140 2057 pretatorum.
1156 1993 1273 2044 Siccites.

109 2075 177 2128 xiti.
218 2076 366 2140 Stepbanus
380 2079 528 2143 Artabrum
541 2089 591 2127 rea
607 2076 804 2129 Nannenuiam
822 2076 850 2126 in
868 2074 945 2138 teudo
958 2075 1054 2138 recipit
1068 2088 1085 2125 a
1099 2074 1229 2126 buboaico
1243 2076 1413 2125 Francorum
1429 2084 1497 2137 reae.
1514 2071 1667 2137 Stephanus
1687 2071 1786 2125 neate

250 2158 372 2223 castipat.
387 2159 616 2223 andecavensium
632 2156 812 2221 oppressiones
827 2156 855 2206 iu
870 2156 1076 2208 Narmanntam.

111 2237 178 2289 XIV.
219 2239 295 2290 ttors
311 2240 428 2291 Guarini
449 2239 575 2291 Uticensis
591 2237 703 2288 abbatis.
720 2238 794 2288 biars
812 2235 939 2288 buboaiet
955 2237 1125 2287 Francorum
1143 2236 1223 2300 repis.
1242 2235 1416 2286 turbationes
1435 2238 1460 2286 et
1476 2234 1542 2286 betta
1561 2236 1592 2287 tn
1609 2234 1787 2287 Norruaneic.

251 2321 395 2373 britanum
409 2322 512 2373 invasio
524 2320 553 2371 iu
567 2319 772 2372 Nemuanniam.
787 2317 936 2382 Stepbanus
951 2329 1002 2370 rec
1013 2318 1043 2368 in
1055 2316 1180 2381 Anptiam
1195 2316 1366 2380 transfretat.

111 2399 166 2450 XV.
220 2402 338 2454 Euentus
350 2403 424 2454 uarii
436 2403 465 2452 in
479 2400 722 2463 Hierasotpmitano
738 2412 827 2463 repno.

110 2480 176 2531 xvi.
221 2475 531 2546 constantinopotuanns
547 2483 694 2545 imperator
705 2482 821 2532 ioannes
834 2477 981 2531 Antiocbiee
995 2479 1059 2530 urbe
1068 2478 1155 2542 potiri
1166 2478 1287 2531 nectitur.
1301 2480 1484 2542 bermundus,
1495 2479 1645 2532 Antiochia
1659 2481 1790 2544 princeps,

252 2566 343 2625 sponte
355 2563 484 2615 bassatius
497 2562 668 2626 imperatoris
682 2561 796 2614 ioannis
809 2561 848 2624 pc.

112 2642 190 2693 xvii.
220 2645 339 2696 Euentus
354 2645 427 2696 varii
442 2646 470 2695 in
483 2645 612 2704 Francia,
626 2642 734 2707 nuptia,
749 2642 849 2707 Apntia
867 2645 892 2693 et
909 2640 1298 2706 Narmaunia.1tebepaoensis
1315 2654 1397 2694 carnes
1414 2642 1509 2694 betium
1524 2645 1639 2695 reuocet
1659 2643 1691 2693 in
1709 2654 1789 2707 repen

254 2725 365 2790 Aeetia.

112 2804 201 2855 XVIII.
220 2805 367 2868 seepbanus
381 2818 431 2857 rea
444 2805 597 2858 rebettiones
610 2806 700 2857 domm
716 2809 740 2856 et
752 2805 875 2869 castiaat.

112 2884 180 2934 XIX.
222 2888 281 2936 Pac
295 2888 367 2937 inter
379 2886 481 2949 inesse
495 2890 519 2937 et
532 2887 624 2938 scotia
637 2898 719 2950 repes.
732 2885 805 2936 betta
822 2886 851 2935 in
865 2886 1045 2939 Normcneic.
1061 2886 1272 2947 emendationes
1286 2887 1523 2951 andecavensium.

114 2966 169 3015 XX.
223 2966 371 3017 concilium
394 2969 550 3019 tiemonem.
566 2967 691 3017 Anninus
714 2965 882 3018 Ebroieeusis
905 2967 1047 3029 episcopus.
1070 2969 1148 3017 Gesta
1171 2967 1351 3029 episcoporum
1372 2967 1579 3019 sntesburieusis
1603 2972 1629 3021 ct
1652 2969 1791 3021 tirbiensis.

254 3045 393 3099 btatbildis
407 3047 602 3111 aremarensis
615 3048 750 3099 cernitisne
765 3046 928 3109 transfretat
947 3047 976 3097 iu
990 3046 1125 3110 ruptum.
1140 3049 1259 3099 Focntus
1272 3049 1354 3100 varii.

114 3127 181 3177 XXI.
226 3127 399 3179 turbationes
416 3131 440 3179 et
455 3127 606 3180 rebettioncs
619 3130 649 3178 in
662 3128 770 3191 emisa.
787 3127 935 3190 Stepbanus
950 3139 1000 3178 rec
1013 3130 1105 3190 captus
1120 3131 1157 3179 est
1171 3129 1199 3178 in
1213 3128 1312 3192 Anptic
1325 3129 1359 3180 ab
1372 3129 1611 3192 ammaeensibus.

113 3207 192 3258 XXll.
225 3209 343 3260 Eventus
355 3208 428 3261 aerii
442 3210 501 3289 port
512 3209 659 3273 captionem
671 3207 798 3272 Stcpbani
811 3208 891 3272 repis.
906 3208 983 3260 Finis
1000 3207 1107 3272 buiusce
1121 3211 1217 3272 operis.
1231 3211 1284 3260 Pie
1296 3208 1489 3263 meditationes.

586 3511 756 3605 LIBER
789 3510 1034 3604 DECIMUS
1068 3513 1323 3608 TERTIUS.

117 3719 271 3778 iteratus
288 3722 370 3778 aare.
392 3725 491 3780 baum
508 3723 546 3778 aa
563 3722 773 3779 succurrendum
784 3721 928 3789 eitaetcn·
939 3726 1075 3807 Aberos,
1091 3725 1224 3782 omnibns
1246 3726 1298 3782 rite
1319 3725 1449 3799 peractis,
1472 3723 1669 3781 cluniacensis
1697 3740 1796 3781 mona·

151 3817 212 3858 inm
224 3820 312 3873 sitem
332 3808 428 3860 ⁶⁰²²&ss
443 3806 616 3867 Strt'sscttwb
640 3804 803 3873 Hispaniam
821 3805 927 3872 temni·
980 3821 1050 3875 chus
1063 3820 1153 3875 iactus
1166 3823 1218 3887 est,
1233 3819 1347 3891 etepud
1357 3820 1515 3892 Negentem
1529 3821 1654 3874 castrum
1667 3833 1753 3874 snum
1766 3817 1796 3875 in

153 3883 233 3938 mum
244 3884 353 3939 mmm
376 3885 405 3937 in
419 3884 555 3954 Imma
568 3897 621 3938 ⁸⁶⁸⁶
633 3882 785 3938 stabiliunt
811 3881 930 3936 EUM
980 3913 1109 3970 Octobris
1121 3913 1215 3969 medio
1225 3913 1374 3969 defunctus
1387 3918 1415 3969 et
1424 3911 1551 3985 sepultus
1564 3916 1617 3968 est.
1631 3910 1673 3968 ibi
1688 3911 1796 3985 qqupe

152 3965 489 4032 uariibarumrepionum.
1094 4007 1100 4019 .
1150 4006 1156 4017 .
1389 4005 1394 4017 .
1471 4005 1487 4017 ..
1637 4004 1644 4016 .

982 4011 1063 4080 pater
1076 4023 1137 4078 epae
1148 4024 1177 4062 ro
1191 4006 1299 4062 bonore
1321 4008 1349 4063 S.
1365 4007 1489 4078 Dionyse
1503 4008 1686 4076 Areopagitae
1700 4020 1796 4061 coeno·

155 4096 229 4151 Dum
253 4096 448 4152 ⁰⁰0ffl⁰¹12⁸l⁰³
470 4095 614 4167 Demisisti
628 4097 728 4150 ⁰0¹¹ir⁸
752 4109 878 4166 P³8⁸1¹⁰⁵
899 4092 929 4148 In
981 4102 1061 4157 bium
1073 4103 1206 4173 coeperet,
1222 4101 1323 4171 etipse
1337 4100 1461 4155 multum
1473 4099 1559 4154 terris
1573 4100 1603 4153 et
1615 4097 1719 4169 opibus
1732 4098 1799 4154 sub·

118 4189 264 4245 PatestIna
288 4206 362 4260 sepe
385 4194 538 4258 uerterent,
558 4194 586 4244 ei
608 4188 781 4243 Hierusalem
804 4186 932 4258 diesque
982 4196 1143 4252 limaverat.
1159 4197 1190 4250 in
1205 4194 1308 4250 eodem
1321 4209 1430 4261 mense,
1447 4191 1613 4248 GuilteImns
1627 4190 1796 4261 debtulinis,

119 4283 204 4339 nrbes
218 4283 323 4340 crebris
346 4281 525 4339 conflictibus
550 4285 579 4337 et
593 4280 711 4337 dIutmis
735 4280 929 4336 obsidionibus
983 4288 1187 4345 audacissimus
1201 4286 1330 4342 marchio
1339 4288 1470 4342 mortuus
1479 4290 1532 4356 ost,
1546 4288 1576 4341 ei
1584 4284 1614 4340 in
1628 4285 1754 4358 capituto
1764 4286 1795 4341 Β.

119 4377 230 4434 Christo
244 4377 449 4448 manciparent,
463 4375 640 4441 GoisIredns‚
652 4390 750 4430 comes
762 4372 927 4436 iteritonia,
982 4377 1090 4433 Ebrulfi
1109 4377 1266 4433 tumulatus
1280 4380 1332 4433 est.

119 4471 195 4527 sstius
220 4470 354 4528 Roitouis
380 4469 500 4538 comtes,
516 4468 557 4524 vir
580 4469 613 4524 in
627 4467 725 4523 multis
738 4465 932 4540 probitatibus
1018 4471 1356 4528 Annoeblnearnebone
1378 4469 1492 4527 Domini
1511 4472 1589 4535 1100,
1611 4470 1737 4542 peractis
1753 4486 1799 4525 re-

119 4564 315 4638 praedicabilis,
330 4580 418 4637 usqne
428 4563 463 4618 ad
474 4568 599 4618 martem
608 4560 769 4634 aegremrit3
784 4563 813 4616 et
824 4558 932 4615 vocaus
982 4565 1035 4620 bus
1051 4581 1101 4638 pro
1114 4564 1219 4637 quibus
1234 4565 1408 4619 Hierusalem
1422 4563 1525 4630 ierant,
1549 4561 1706 4634 optimates
1725 4562 1799 4618 redi·

119 4659 283 4732 proceribus
303 4656 405 4714 Pertici
426 4661 455 4713 ei
467 4655 625 4723 corboniae,
643 4654 693 4727 qui
706 4669 758 4709 suo
781 4651 929 4708 comitniui
983 4665 1076 4727 erunt,
1100 4664 1129 4714 et
1149 4674 1200 4714 sue
1224 4658 1407 4729 repetierunt.
1426 4657 1504 4711 Tunc
1525 4655 1702 4725 Rodbertus,
1731 4656 1800 4712 Nor-

119 4753 313 4825 subjacebent,
329 4768 374 4807 res
395 4766 462 4806 suas
476 4747 758 4805 solerterordinevit.
772 4745 929 4803 BaetrIcem
983 4768 1156 4808 marinorum
1178 4752 1243 4820 dux,
1268 4754 1298 4807 ot
1319 4750 1478 4806 Radbertus
1499 4749 1695 4818 inebriasti,
1717 4753 1802 4822 atque

118 4862 224 4918 nempe
239 4845 392 4918 conjugem
405 4860 497 4912 suem,
511 4858 575 4914 ques
588 4841 712 4896 consulis
726 4839 761 4894 de
781 4838 931 4910 Rupeforti
985 4848 1070 4902 Retro
1081 4844 1295 4912 iteritaniensIs‚
1311 4844 1415 4916 elinue
1431 4844 1527 4917 plures
1546 4858 1683 4914 prospere
1696 4842 1803 4899 reversi
1820 4853 1823 4857 ’

120 4941 178 4998 filia
192 4940 248 4996 fuit
257 4940 322 5012 (58),
337 4937 526 5010 eittptimuies
537 4934 766 5007 suosprudenter
778 4931 933 4996 instruens,
984 4946 1064 5009 sunt,
1099 4944 1127 4994 et,
1145 4938 1278 4994 affinibus
1306 4937 1410 4993 merito
1439 4935 1722 5008 congratulantibus,
1755 4954 1805 4993 sua

120 5034 232 5106 rogarit
244 5038 276 5089 ut
290 5032 366 5104 pacis
377 5032 503 5104 quietem
516 5034 545 5084 et
560 5028 741 5085 securitatem
752 5026 814 5082 siue
830 5024 933 5081 frauda
984 5035 1091 5107 quippe
1112 5033 1309 5105 possederunt,
1330 5032 1390 5087 Non
1413 5030 1504 5086 multo
1527 5036 1602 5102 post,
1624 5029 1805 5086 Hildofoneue

120 5130 264 5194 tenerent,
279 5141 416 5197 suamque
444 5127 549 5179 terrem
561 5120 724 5192 munipriis
743 5120 800 5175 suis
815 5116 931 5175 Retroni
944 5150 972 5223 B
985 5129 1050 5200 (59),
1065 5130 1233 5199 Aragouum
1259 5142 1320 5193 rex,
1343 5125 1466 5197 graviter
1480 5140 1497 5178 e
1519 5122 1641 5195 paganis
1658 5122 1806 5195 impetitus

122 5220 181 5275 titio
195 5236 246 5276 sno
261 5217 422 5291 unigenito,
440 5216 532 5288 quiin
545 5214 717 5271 Hierusalem
732 5228 853 5285 peregre
867 5227 932 5284 per·
987 5227 1041 5291 est,
1055 5225 1085 5276 et
1095 5218 1201 5276 crebris
1225 5216 1426 5275 certaminibus
1449 5215 1607 5288 multisque
1625 5216 1806 5272 detrimentis

122 5316 246 5382 rexerat,
267 5312 389 5368 fideliter
411 5312 622 5367 conservarent.
646 5305 775 5379 benique
800 5310 934 5362 strenuus
988 5313 1111 5370 nimium
1124 5318 1241 5368 vexatus
1257 5316 1309 5368 ost.
1334 5310 1413 5367 Unde
1437 5307 1568 5377 Romani,
1586 5308 1805 5382 mnsangninoo

153 5485 202 5550 (5⁸)
224 5483 376 5536 Beetrtoem
395 5482 469 5534 beno
489 5479 620 5532 iiilduine
638 5478 672 5531 de
694 5478 818 5531 Rueiaoo
837 5477 939 5529 comita
988 5482 1121 5547 mitisque
1135 5478 1339 5532 Montoniensis
1353 5479 1412 5530 sire
1429 5476 1607 5539 Famosum,
1623 5488 1749 5543 quocum
1763 5488 1808 5529 re·

120 5560 216 5609 netem
234 5555 322 5607 inisse
340 5555 443 5606 rectius
460 5551 580 5604 affirmat
591 5549 716 5616 AEgidim
735 5550 800 5613 bey,
818 5547 938 5601 auctori-
989 5567 1053 5606 vem
1065 5554 1119 5605 fuis
1132 5552 1290 5616 conjuncte.

23 5650 26 5655 ·
116 5632 175 5679 tate
193 5628 289 5680 metas
312 5625 478 5677 tterimennt
503 5621 714 5685 modenensis,
739 5632 823 5688 quem
844 5623 941 5672 tamen
1486 5610 1567 5674 (Dom
1581 5609 1746 5673 Bonum.)

98 5696 204 5749 merita
223 5696 344 5762 castium
362 5694 441 5763 quod
458 5694 618 5749 beatricem
644 5692 760 5748 Retroei
778 5691 855 5746 diem
874 5704 945 5749 nao-
1028 5688 1077 5752 (tib
1086 5683 1346 5741 muneremunere
1358 5680 1653 5744 nuunmeeeuoin
1664 5680 1809 5747 eugenia

82 5780 155 5834 rem,
169 5784 231 5826 uae
250 5784 317 5826 rere
331 5769 473 5829 Geutmat
484 5770 580 5843 petris
597 5768 730 5843 ejusdcm
748 5758 950 5837 noemenias-
1002 5773 1092 5833 ressue
1103 5771 1166 5815 1³0ss
1175 5755 1322 5812 ΜΝ
1334 5749 1401 5804 W
1410 5748 1584 5801 *mimi*
1648 5744 1744 5809 REI-
