3750 6046
18 232 24 244 ·
130 205 198 260 rasa
802 200 940 256 nontam
959 201 992 255 u
1012 201 1107 256 mne
1663 158 1667 165 ¹
1744 198 1814 255 ross

161 324 219 396 Ego
231 323 371 377 Gerardus
384 322 495 378 diacon.
511 324 589 379 card.
608 322 718 379 Saucia
733 322 837 379 llarie.
952 323 1130 407 Adignitate
1145 328 1250 391 careat,
1265 339 1444 394 reumqnese
1458 320 1553 378 divino
1565 320 1677 393 jndicio
1688 319 1814 376 existere

162 420 220 489 Ego
234 417 295 472 Odo
309 415 444 471 diaeonus
460 416 569 473 cardin.
592 417 687 472 Sancti
707 417 809 471 Nicolai
830 416 858 470 iu
876 418 941 473 Car·
991 416 1351 488 deperpetratoiniqnitate
1365 422 1524 489 cognoscat,
1539 421 1624 488 atque
1638 415 1669 470 iu
1683 417 1813 470 extremo

35 584 38 589 Ι
126 527 199 566 cere.
990 510 1268 566 exomioedistrictas
1285 510 1385 565 ultioni
1402 509 1589 579 subjaceat..

164 605 265 659 Datum
280 605 377 659 Romae
397 603 471 679 opud
485 606 619 659 Sanctum
635 606 748 658 Petrum
762 621 811 675 por
822 620 940 658 manum

20 748 23 753 .
126 697 256 766 lioloudi,
274 697 385 752 Sancta
400 697 672 753 Romanercclosiae
688 714 763 769 pres.
779 697 855 751 card
873 714 938 751 can-

125 791 245 858 cellarii,
260 808 288 846 m
304 790 369 845 ldos
384 791 478 857 Febr,
494 790 697 847 indictionem.
722 792 866 845 lnellom.
891 806 938 843 an.

126 887 204 954 libi,
220 885 323 956 pontit.
335 901 401 939 vcro
416 886 446 940 ll.
461 884 575 939 Adriani
589 902 668 956 papo
683 885 716 940 lV
728 902 774 939 an.
790 900 808 939 1.

1026 605 1085 675 Ego
1099 604 1238 658 Adrianus
1251 604 1396 659 catholica.
1408 603 1541 658 Ecelesiae
1555 601 1721 674 episeopus.

1024 699 1083 769 Ego
1098 698 1247 768 Gregorius
1258 697 1392 753 Sabinen.
1411 696 1498 768 episc.

1026 792 1084 861 Ego
1097 790 1188 847 Guido
1200 791 1296 864 presb.
1312 791 1389 846 card.
1406 792 1448 845 tit.
1466 791 1495 845 S.
1510 789 1700 862 Chrysogoni.

1024 884 1082 954 Ego
1096 884 1238 939 liuboldus
1252 883 1344 955 presb.
1359 883 1435 938 card.
1451 883 1494 937 tit.
1508 883 1537 939 S.
1553 882 1700 938 Praxedis.

1025 978 1084 1049 Ego
1099 976 1260 1033 llanfredns
1271 977 1366 1048 presb.
1382 976 1459 1032 card.
1475 975 1699 1032 hossanna..

1024 1071 1082 1142 Ego
1096 1071 1242 1126 aribertus
1256 1072 1350 1142 presb.
1367 1071 1444 1125 card.
1462 1069 1504 1124 tit.
1518 1068 1547 1125 S.
1563 1070 1732 1126 Anastasite.

1024 1165 1083 1235 Ego
1095 1165 1184 1218 tulius
1203 1164 1299 1234 presb.
1311 1164 1390 1218 card.
1405 1164 1448 1218 tit.
1465 1163 1493 1218 S.
1509 1163 1642 1218 Marcelli.

1024 1260 1082 1329 Ego
1095 1258 1185 1313 Gnido
1200 1258 1294 1329 presb.
1311 1257 1389 1312 card.
1411 1257 1455 1312 tit.
1468 1257 1598 1311 Pastoris.

648 1411 656 1428 ¹
1024 1355 1082 1422 Ego
1096 1352 1223 1407 astaldus
1238 1351 1334 1424 presb.
1351 1340 1432 1406 cord.
1446 1351 1488 1406 tit.
1505 1352 1533 1406 S.
1548 1351 1663 1407 Priscae.

267 1412 441 1479 ‘R⁰mae’³p'
457 1410 623 1523 s'p‘fu'um'
637 1409 716 1464 hebr·
732 1408 788 1475 Ἠ)
1024 1448 1081 1517 Ego
1105 1445 1240 1501 Girardns
1263 1445 1355 1517 presb.
1381 1445 1457 1500 card.
1482 1445 1526 1500 tit.
1557 1448 1584 1499 S.
1611 1444 1756 1516 Stephani
1779 1446 1806 1500 iu

324 1512 430 1581 [illusa
449 1511 565 1574 (laneat,
581 1511 647 1577 lllll,
662 1511 734 1580 Ball
988 1539 1075 1594 Gugo
1086 1540 1188 1594 Monte·

156 1642 294 1693 Annuuns
315 1636 473 1706 episcopus,
486 1650 582 1688 sersus
603 1649 749 1688 servorum
772 1631 830 1695 nei,
853 1646 938 1685 vene·
1024 1634 1083 1703 Ego
1098 1633 1233 1688 ilenrieus
1247 1633 1339 1704 presb.
1354 1633 1429 1688 cord.
1447 1632 1489 1687 tit.
1504 1632 1549 1688 SS.
1566 1632 1653 1687 Nerei
1665 1637 1694 1687 et
1712 1633 1808 1688 Achil-

120 1730 203 1785 rabili
222 1729 301 1784 fratri
326 1730 448 1784 lleuntco
471 1727 607 1782 Gradens.
633 1726 798 1798 patriarchae
822 1717 1038 1795 ejusqucBlei.

122 1823 327 1877 successoribus
362 1822 497 1876 canonico
534 1820 734 1875 substituendis
768 1819 798 1872 in
835 1833 937 1888 perpe·
1026 1822 1084 1892 Ego
1109 1821 1231 1876 ioannes
1248 1819 1343 1892 presb.
1371 1820 1450 1874 card.
1473 1819 1514 1875 tit.
1542 1818 1591 1876 SS.
1621 1819 1761 1892 Sylvestri
1783 1826 1810 1876 et

123 1920 216 1970 tuum.
989 1914 1108 1971 blartiul.

157 2011 196 2063 Nc
212 2010 314 2080 passim
330 2014 358 2063 et
375 2007 526 2062 indiscrete
545 2008 598 2062 sibi
618 2024 716 2062 omrics
739 2010 865 2066 Ecclesiae
881 2028 940 2066 om·
1024 2010 1083 2079 Ego
1096 2008 1187 2063 Goido
1201 2007 1273 2062 diac.
1288 2008 1364 2062 card.
1380 2010 1408 2063 S.
1425 2006 1518 2063 llario.
1533 2006 1561 2061 in
1577 2006 1703 2063 Portica.

122 2103 169 2157 nia
185 2102 374 2171 vindicarent,
387 2103 514 2156 consulto
536 2102 613 2173 satis,
634 2102 753 2173 utilique
778 2112 939 2161 sanctorum
1026 2103 1083 2173 Ego
1095 2102 1137 2156 lo.
1149 2101 1221 2155 dioc.
1238 2101 1315 2155 card.
1330 2102 1375 2156 SS.
1390 2100 1481 2170 Sergii
1497 2102 1526 2153 et
1540 2100 1653 2155 hocchi.

121 2199 237 2252 Petrum
251 2195 454 2250 deliberatione
466 2195 559 2249 sanxit
573 2196 732 2265 auctoritas,
749 2201 779 2252 ut
793 2199 855 2253 alirn
876 2200 939 2253 aliis
1026 2198 1084 2267 Ego
1109 2194 1251 2250 Gerardus
1272 2194 1380 2249 diacon.
1402 2193 1511 2249 cardiu.
1537 2195 1564 2249 S.
1587 2176 1685 2248 Merite
1707 2193 1738 2248 iu
1763 2194 1811 2248 Via

119 2289 307 2362 prerogativa
321 2289 468 2360 dignitatis
487 2289 669 2357 excellerent,
689 2295 717 2344 et
735 2292 774 2345 eis
791 2298 848 2347 tam
859 2293 939 2363 jndi-
991 2293 1067 2346 han.

120 2384 202 2438 candi
217 2383 485 2454 auctoritate,quam
501 2389 639 2453 potestate
662 2384 824 2457 corrigendi
839 2402 940 2457 praees-
1027 2385 1084 2455 Ego
1104 2380 1183 2437 Oddo
1209 2382 1280 2436 dioc.
1311 2379 1421 2435 cardin.
1443 2380 1471 2435 S.
1499 2380 1608 2436 Nicolai
1636 2380 1666 2435 in
1692 2382 1810 2436 Carcere

121 2481 193 2532 sent.
208 2477 301 2549 Super
323 2493 421 2531 ornnes
442 2481 536 2531 autem
554 2494 587 2531 ex
613 2478 727 2548 superni
755 2479 938 2550 dispositione
988 2478 1126 2532 Tulliano.

487 1037 566 1091 XVll.

122 1149 235 1203 Heattco
264 1148 429 1217 patriarcba
448 1146 582 1201 (trudensi
610 1153 634 1200 ct
664 1148 722 1215 ejus
748 1146 939 1201 successoribus

155 1230 307 1296 prirnutam
339 1227 554 1296 ‹trchieptscopas
582 1227 737 1288 tottertini,
753 1227 853 1295 jusque
880 1241 939 1279 eon·
967 1256 981 1281 ι

156 1308 283 1362 secrortdi
294 1308 490 1377 archiepiscopi
501 1308 634 1361 concedit.

121 2570 232 2627 consilii
247 2574 425 2625 sacrosancta
440 2574 482 2623 est
496 2572 624 2625 Romana
648 2572 770 2625 Ecclesia
785 2573 939 2628 constituto

123 2666 157 2719 ad
173 2665 252 2735 cnjus
265 2681 384 2719 examen
406 2664 603 2718 universarum
618 2665 800 2720 ecclesiarum
822 2668 939 2738 negotia

121 2757 309 2825 referrentur,
326 2763 353 2811 et
368 2757 453 2828 liujus
468 2760 570 2811 statuta
587 2758 717 2812 univorsa
738 2759 891 2814 multitudo
906 2761 936 2813 h·

122 2850 232 2905 delium
257 2856 433 2921 sequeretur.
466 2851 528 2904 llarc
560 2850 696 2904 ttiruirnm
726 2869 758 2905 ex
787 2853 897 2907 indulto
922 2870 937 2906 a

125 2945 215 3015 prinu
232 2943 396 2998 fundatione
411 2944 538 2998 Ecclesia·
553 2944 580 2997 in
597 2945 623 2996 lt.
641 2946 723 2999 Petro
744 2947 937 3016 apostolorum

1024 2572 1124 2626 Datum
1141 2570 1237 2624 Rome
1247 2585 1292 2639 ap.
1307 2568 1334 2623 S.
1350 2569 1475 2634 Petrum,
1488 2583 1665 2638 pernionum
1675 2568 1809 2637 lloloudi,

989 2665 1017 2720 S.
1035 2668 1066 2719 Α.
1084 2665 1113 2718 Ε.
1127 2663 1205 2718 eard.
1230 2667 1258 2716 et
1279 2661 1393 2716 cancell.
1417 2677 1462 2715 uu
1486 2662 1546 2715 lial.
1563 2662 1667 2725 hlartii,
1691 2661 1754 2716 ind.
1772 2678 1808 2730 m,

989 2757 1097 2809 lucam.
1112 2754 1191 2808 bom.
1209 2751 1341 2818 aruitdi,
1359 2748 1538 2820 potuilleatns
1552 2766 1620 2805 reto
1638 2751 1670 2805 D.
1691 2750 1809 2834 Adriani

988 2865 1069 2921 popae
1082 2865 1107 2902 tv
1120 2863 1167 2901 an.
1181 2863 1199 2898 t.
1356 2916 1434 2970 xm

121 3038 932 3111 prineipeprivilegiostatumomniumecclesiarumpro·
987 3022 1032 3077 Ati
1058 3021 1231 3103 thdet'st'ftttm
1257 3020 1547 3101 ssl⁶itiepf⁸⁰⁰PUWt=²
1575 3017 1727 3076 Ctt'it‘Ortm
1753 3035 1808 3074 evm

946 3086 973 3159 C
1020 3095 1088 3159 [not
1107 3093 1140 3145 tte
1163 3108 1197 3145 ns
1218 3106 1279 3159 qna
1304 3091 1473 3159 disposuerat
1500 3095 1530 3142 at
1564 3089 1734 3147 Grttdensem
1756 3107 1807 3161 pa·

1022 3165 1170 3218 triarcttum
1183 3178 1263 3216 snum
1272 3164 1418 3230 primatem
1434 3166 1600 3229 cognosceret.

120 3131 186 3193 ride
205 3129 428 3186 consideratione
445 3131 593 3200 disposuit,
619 3137 647 3185 et
667 3133 780 3202 quoties
802 3135 934 3204 ‹expedit-c

121 3224 261 3294 cognovit,
289 3224 360 3278 alias
374 3225 436 3278 aliis
464 3226 499 3278 ad
522 3225 691 3296 ampliorem
713 3243 812 3280 euram
835 3245 934 3282 earum

119 3318 318 3373 habendarum
337 3318 638 3389 statuitprmemirrere.
653 3320 720 3374 lude
735 3322 867 3391 estquod
884 3338 936 3375 uos

121 3412 314 3479 honestatem,
343 3428 375 3465 ae
403 3412 584 3482 prudentiam
612 3419 704 3481 tuam,
731 3417 758 3467 et
779 3415 937 3470 devotionis

123 3507 326 3571 sinceritatem,
347 3522 434 3577 qnam
456 3522 525 3577 crgo
551 3511 759 3561 sacrosanctam
780 3508 936 3563 Rommmm

124 3600 278 3656 Ecclesiam
284 3599 536 3671 semperhabnisse
547 3599 733 3671 dignosceris,
743 3601 934 3670 attendentes,

120 3697 149 3749 et
163 3709 199 3747 nc
213 3695 362 3747 commissa
374 3693 507 3764 regimini
524 3693 935 3764 etdispositionituaeGraden.

121 3787 252 3849 Ecclesia,
265 3803 328 3858 qaae
339 3788 373 3840 de
393 3786 570 3858 benignitate
585 3787 746 3858 apostolicae
770 3789 845 3843 sedis
863 3806 936 3860 prte-

120 3880 248 3951 rogativo
262 3880 367 3951 gaudet
393 3881 519 3948 honoris,
544 3897 577 3934 ex
597 3880 734 3936 brevitate
761 3881 936 3952 patriarcha·

121 3979 200 4029 tuurn
216 3974 333 4028 iuferius
350 3977 379 4027 et
394 3974 531 4043 abjectius
545 3975 635 4028 valeat
650 3974 727 4045 apud
749 3975 937 4046 sirupliciores

118 4067 228 4135 haberi,
250 4067 285 4121 od
306 4066 498 4137 ampliandam
522 4066 691 4137 dignitatem
718 4069 816 4138 ipsius,
835 4069 938 4140 prirrro·

118 4167 180 4215 tum
195 4160 221 4212 oi
236 4159 508 4229 supertadertinum
524 4161 811 4232 archiepiscopatum,
827 4165 857 4216 et
877 4162 935 4233 epi-

118 4260 249 4323 scopolus
271 4253 356 4323 ipsius
370 4254 525 4323 apiostoliea
544 4253 714 4309 anctoritate
740 4255 935 4324 concedimus,

118 4351 214 4402 ettam
231 4353 257 4401 tc
279 4362 366 4418 troam
386 4363 560 4401 successores
584 4355 646 4403 tuas
672 4348 817 4404 tudertino
841 4350 935 4404 archi-

1129 3277 1247 3344 (Romo,
1263 3290 1308 3344 ap.
1322 3275 1348 3328 S.
1365 3274 1489 3338 Petrum,
1505 3272 1585 3327 Febr.
1597 3274 1661 3335 aa.)

1186 3368 1293 3440 [lirosa
1311 3367 1425 3433 Concit,
1446 3367 1512 3434 xxi,
1533 3367 1610 3438 822]

1022 3492 1161 3543 annutans
1183 3485 1340 3556 episcopus,
1364 3498 1627 3538 servusiservorum
1653 3484 1716 3551 nei,
1731 3501 1810 3540 vene-

987 3581 1066 3635 rabili
1093 3580 1175 3634 fratri
1200 3576 1368 3650 [laurarum]
1405 3578 1548 3636 tadertino
1578 3577 1810 3651 archiepiscopat

987 3675 1106 3746 ejusque
1126 3672 1315 3743 suffraganeis
1334 3672 1483 3742 episcopis,
1498 3671 1622 3737 salutem
1646 3678 1675 3726 et
1693 3678 1809 3744 aposto·

987 3770 1072 3824 licam
1087 3767 1327 3822 benedictionem.

1023 3863 1163 3927 Quoniam
1184 3862 1359 3915 sacrosancto
1376 3859 1505 3916 Romane
1519 3858 1645 3920 Ecclesia
1658 3860 1808 3916 universa·

988 3973 1051 4012 rom
1068 3955 1250 4010 aeclesiarum
1265 3956 1349 4024 eaput
1364 3955 1392 4006 et
1407 3959 1497 4006 mater
1511 3959 1563 4019 ssi,
1579 3953 1624 4007 vel
1647 3955 1808 4010 reuiotione

987 4051 1143 4106 obsistente
1158 4054 1310 4114 terrarum,
1336 4047 1379 4101 vel
1400 4046 1609 4117 multiplicitate
1632 4046 1810 4119 impediente

988 4144 1170 4217 negotiorum
1184 4141 1372 4213 quarumdam
1383 4140 1569 4202 ecclesiarum
1580 4141 1809 4208 necessitatibus,

989 4256 1046 4294 uon
1061 4241 1118 4292 tam
1133 4236 1215 4291 facilc
1230 4240 1332 4306 potest,
1354 4240 1385 4289 ut
1397 4236 1519 4305 oportet,
1533 4233 1690 4305 aliquando
1705 4253 1809 4291 consu·

988 4335 1057 4401 lere;
1086 4332 1149 4385 ideo
1178 4330 1298 4383 aliarum
1328 4328 1511 4383 ecclesiarum
1543 4343 1608 4398 quae
1637 4330 1809 4400 ampliorem

118 4443 249 4512 episcopo
267 4447 296 4495 et
317 4441 454 4512 episeopis
478 4441 549 4512 ejus,
575 4442 623 4512 qni
642 4458 693 4514 pro
715 4445 843 4514 tempore
865 4442 1077 4526 rumpentem
1100 4424 1154 4479 illis
1174 4422 1389 4494 impenderent,
1418 4438 1505 4493 super
1527 4437 1577 4475 eas
1595 4421 1762 4491 institutos,
1784 4428 1812 4479 et

119 4536 184 4603 rint,
212 4534 349 4606 dignitate
373 4535 512 4605 primatus
534 4535 684 4605 praesidere
707 4537 870 4604 statuimus,
906 4545 935 4593 et
985 4523 1120 4578 discret&
1143 4524 1203 4572 [¹¹⁰¹
1226 4515 1359 4588 providos
1380 4515 1454 4570 Vil⁰³
1474 4514 1504 4569 in
1526 4519 1639 4586 partem
1655 4532 1718 4572 ³¹¹ae
1741 4533 1809 4573 0⁰¹¹·

117 4628 336 4684 consecrationis
357 4644 462 4682 munus
483 4628 577 4683 eidem
600 4630 812 4702 archiepiscopo
827 4631 933 4701 impar·
984 4616 1075 4671 ⁸¹¹&st
1093 4610 1292 4667 ⁵⁰¹¹iCii⁰di¹¹l³
1315 4626 1441 4666 etitem·
1464 4609 1549 4679 “ilius
1569 4608 1669 4681 imque
1691 4611 1735 4666 lei
1760 4628 1810 4666 ¹¹0³

117 4720 174 4789 tiri,
206 4720 333 4774 Romano
365 4718 480 4790 quidem
516 4719 641 4790 pontifici
671 4720 826 4776 traditione
855 4722 934 4793 panii
986 4701 1667 4774 considerationeinduotitomquiadignitatern
1683 4703 1808 4761 Graden.

117 4821 266 4869 reservata.
282 4814 316 4867 Ut
330 4813 418 4884 igitur
432 4813 493 4867 hoec
510 4820 607 4869 nostra
621 4814 787 4870 constitutio
803 4816 885 4871 firma
905 4817 933 4872 iu
985 4802 1117 4858 Ecclesiae
1132 4798 1393 4871 ditl¹¹⁰ffld¹¹¹iffl¹¹⁸
1408 4796 1556 4868 ampliate,
1571 4802 1634 4851 ium
1650 4799 1718 4869 quio
1739 4800 1810 4855 ”¹1¹⁰

117 4910 288 4980 perpetuum
308 4913 335 4961 et
355 4906 519 4961 inconcussa
548 4914 725 4978 permaneat,
744 4924 808 4964 eam
838 4911 935 4981 scripti
985 4897 1072 4964 vobis,
1088 4901 1116 4950 et
1129 4893 1326 4965 temporaliter
1340 4890 1559 4963 etspiritnaliter
1579 4906 1641 4946 esse
1660 4894 1809 4965 prospexi·

120 5001 208 5056 nostri
228 5000 332 5072 pagina
349 5001 569 5071 communimus,
590 5009 618 5056 et
639 5002 935 5075 anctoritateaposto·
986 5007 1050 5047 111¹¹³
1069 4989 1277 5059 habereprope
1304 5002 1360 5053 l⁰ssi
1383 4984 1519 5056 ³‘lt10in
1547 4983 1642 5038 ᾶΰῧῑῐὸ
1667 4988 1809 5058 mallim·

120 5095 175 5150 lico
189 5094 405 5150 confirmamus.
986 5086 1071 5152 rium,
1087 5084 1153 5139 etin
1167 5080 1380 5137 necessitatibus
1389 5078 1524 5135 solatiam
1533 5077 1663 5150 recipere
1671 5080 1806 5140 valeatis:

156 5188 339 5244 hecernimus
364 5195 394 5242 ut
423 5187 492 5243 nulli
519 5204 647 5260 unquam
680 5190 828 5245 hominum
856 5190 937 5246 liceat
986 5178 1178 5235 venerabilem
1204 5177 1321 5230 fratrem
1342 5174 1642 5229 uostromlleurtcum
1661 5173 1810 5231 Granden·

120 5283 342 5353 honcpaginam
361 5289 463 5337 nostrae
479 5281 690 5338 constitutionis
704 5288 733 5338 et
745 5283 937 5339 confirmatio·
987 5292 1047 5331 scm
1068 5272 1259 5346 patriarcham
1279 5269 1433 5341 primatem
1454 5271 1580 5322 vestrum
1601 5266 1737 5322 duximus
1756 5274 1812 5324 sta·

41 5405 44 5409 ·
120 5375 346 5446 uisinfringere,
362 5376 406 5430 vel
430 5376 455 5431 ei
480 5376 572 5431 modis
590 5375 765 5447 quibuslibet
781 5378 935 5448 contraire,
988 5363 1313 5436 iuetthffl‚8iGffld0¹¹·
1337 5359 1652 5432 E⁰C¹0³iaeditl¹¹ii⁸i0ffl
1666 5360 1810 5447 Nimim

122 5470 198 5527 salvo
212 5468 240 5523 in
254 5468 389 5524 omnibus
402 5475 493 5541 apost.
507 5470 581 5525 sedis
594 5471 772 5526 auctoritate.
987 5462 1112 5519 ecclesiis
1128 5459 1227 5515 vestris
1239 5455 1448 5513 declaravimus
1461 5453 1496 5510 de
1516 5459 1622 5508 cetero
1637 5453 1809 5526 praesidere.

145 5563 180 5621 Si
191 5563 259 5636 qais
268 5562 368 5618 auteur
375 5560 406 5619 id
415 5566 559 5622 attentare
571 5564 797 5638 presumpserit,
812 5565 938 5622 secundo
987 5558 1143 5629 Eaproptar
1153 5569 1206 5627 per
1217 5550 1372 5625 proewssiit
1391 5549 1471 5604 V⁰bl³
1488 5546 1594 5620 scripta
1617 5547 1809 5621 mandamus,

96 5656 223 5714 urbere
248 5657 463 5732 commonitus,
490 5659 549 5719 nisi
568 5666 685 5720 reatum
703 5677 790 5720 snum
814 5675 946 5736 congrua
993 5646 1277 5728 quotenuseomdem
1302 5644 1493 5718 patriarcham
1515 5639 1623 5698 amodo
1650 5642 1809 5715 primatem

75 5752 284 5814 satisdatione
304 5755 493 5835 correxerit,
513 5760 674 5839 potestatis
701 5760 883 5839 honorisque
909 5757 957 5815 sui
1005 5735 1809 5807 metensomatosiumous.slhmhortoottraotro
