3750 6046
9 164 34 249 ’.
139 196 209 257 rios
443 180 446 185 ’
680 192 829 255 masan
848 192 1146 256 mvansaaaaasrs
1164 191 1272 253 mrsu.
1752 189 1816 249 sios

138 320 304 379 extremitas
319 319 436 378 ararium
450 319 544 377 solam
555 319 751 380 summitatem
767 324 899 397 attingat,
927 328 956 380 et
965 327 1047 421 Aest
1059 326 1159 390 seram
1175 338 1229 378 nec
1246 337 1277 377 se
1300 319 1413 377 abdicat
1427 317 1463 376 da
1477 316 1723 375 immoderatione
1742 316 1821 374 silen-

137 416 214 472 aaris
227 418 285 471 tota
305 418 412 487 pateat.
438 417 602 471 tinnovero
629 420 755 474 tonsure
777 419 821 474 vel
849 434 956 474 rasurae
1007 418 1038 474 tii
1054 417 1132 489 apud
1148 416 1289 485 homines,
1303 416 1350 471 cui
1378 431 1444 470 cam
1466 414 1524 470 Deo
1536 417 1566 470 et
1582 411 1698 486 augelis
1711 409 1823 469 misene

136 509 292 565 formulam
307 514 371 580 post
384 509 508 582 legalem
520 509 550 565 in
565 510 694 566 Nazareis
713 517 742 567 st
765 512 958 585 evangelicam
1011 527 1064 584 per
1076 509 1221 566 orationes
1233 509 1374 582 colloquia
1388 522 1555 564 concessam
1566 505 1614 562 sit.

137 601 168 658 in
182 603 314 674 apostolis
328 604 528 658 auctoritatem
543 604 628 659 etiam
645 621 662 659 a
674 605 813 662 Toletano
840 606 959 662 coneilio
1327 603 1439 661 CAPUT
1451 602 1507 658 till.

135 696 223 753 tertio
237 695 387 768 trahimus,
412 698 492 769 cajus
517 697 675 769 capitulam
701 698 959 772 quadragesimam
1256 699 1294 754 De
1309 697 1420 768 pelliceo
1432 700 1459 752 et
1478 710 1577 768 cappo.

137 790 176 846 ita
203 806 232 846 se
254 790 341 847 habet
356 808 363 846 :
378 811 393 842 a
412 789 519 847 Omnes
547 790 642 846 clerici
667 793 710 848 vel
737 793 866 863 lectores,
888 792 960 849 sicat
1045 793 1118 849 Sana
1139 791 1216 865 quod
1236 792 1267 847 in
1283 792 1382 847 tunica
1402 789 1523 862 pellicea
1545 787 1649 861 lingua
1670 802 1724 843 seu
1744 785 1825 842 emite

136 884 230 940 levitae
256 890 285 941 et
309 884 484 951 sacerdotes,
497 884 618 941 detonso
633 891 694 942 toto
709 886 802 958 capite
816 887 958 959 superius,
1009 886 1122 954 dicitur,
1145 902 1201 941 nan
1218 889 1278 941 tam
1301 884 1336 940 ad
1364 883 1489 940 rationes
1519 880 1660 955 mysterii,
1684 896 1776 954 mmm
1795 880 1825 936 ed

137 976 260 1034 interius
288 978 380 1034 solum
410 978 507 1034 circuli
533 994 668 1035 coronam
696 981 869 1053 relinquant,
902 996 960 1036 nou
1011 997 1093 1036 asam
1117 979 1293 1036 necessitatis
1316 978 1463 1050 pertinere
1478 976 1602 1033 ridetur.
1618 972 1681 1032 Sed
1693 973 1826 1031 etiamn!

137 1070 212 1127 sicat
231 1072 380 1144 hucusque
398 1071 429 1128 iu
455 1072 550 1128 Gallia
567 1073 694 1144 partibus
719 1075 814 1131 lacere
840 1076 960 1131 lectores
1009 1073 1140 1130 habitam
1165 1078 1296 1129 nostram
1323 1072 1473 1146 pertinens
1498 1086 1590 1144 cappa
1618 1069 1710 1124 vestis
1738 1067 1824 1137 lanee,

136 1165 281 1236 videntur,
296 1165 346 1238 qui
360 1166 486 1238 prolixis,
501 1170 534 1223 at
546 1167 621 1236 laici,
635 1167 724 1224 comis
739 1169 769 1223 in
782 1169 842 1225 solo
856 1168 960 1241 capitis
1011 1184 1097 1240 qaam
1113 1172 1281 1241 procuratur
1304 1165 1408 1221 domas
1430 1180 1505 1220 mee
1525 1163 1708 1236 Augustinus
1725 1160 1827 1218 birrum

138 1259 378 1332 spicemodicam
394 1260 534 1316 circulum
555 1260 686 1317 tondent.
703 1262 786 1317 Ritus
806 1263 884 1318 enim
907 1262 960 1318 ista
1009 1262 1152 1330 nominat,
1187 1276 1252 1334 qaae
1285 1275 1388 1333 corpas
1413 1258 1538 1331 undique
1576 1256 1664 1330 aigro
1701 1260 1734 1311 et
1756 1256 1828 1329 quasi

140 1354 175 1410 in
189 1353 322 1426 Hispanis
335 1353 483 1426 hueusque
496 1352 697 1411 hereticorum
712 1355 861 1425 iait3aade
874 1372 958 1428 opor·
1010 1354 1166 1429 exsequiali
1184 1353 1313 1427 tegmine
1334 1353 1448 1425 capiens
1467 1354 1497 1407 et
1510 1350 1670 1419 involvens,
1686 1348 1827 1405 humilite-

138 1450 191 1515 tet,
224 1452 257 1503 at
286 1464 337 1520 pro
374 1448 551 1520 amputando
578 1449 711 1505 Ecclesia
743 1450 878 1506 scandalo
906 1450 961 1506 hoo
1011 1452 1068 1506 tem
1092 1448 1122 1504 in
1150 1448 1233 1503 nobis
1261 1445 1488 1503 mortificationis
1516 1448 1546 1500 et
1568 1441 1828 1500 abrenuntiationis

138 1539 254 1614 signam
273 1541 422 1598 dedecoris
446 1542 592 1598 auferatur
610 1549 639 1598 et
657 1543 693 1598 sit
706 1560 765 1600 una
777 1548 896 1600 tonsura
916 1544 962 1600 vel
1010 1542 1112 1599 maadi
1132 1541 1283 1614 significat.
1309 1540 1387 1597 Sicut
1412 1539 1491 1596 enim
1510 1538 1560 1611 qui
1579 1553 1675 1611 cappa
1688 1535 1826 1603 induitur,

138 1632 264 1704 babitus,
286 1635 359 1691 sicat
376 1635 465 1691 totius
490 1635 632 1708 llispanioe
647 1653 714 1692 usas
727 1642 781 1694 esi.
796 1637 850 1702 Qui
863 1641 961 1694 autem
1011 1636 1120 1692 manda
1141 1634 1353 1709 quodammode
1372 1633 1508 1703 seclusas,
1530 1647 1563 1688 ae
1576 1629 1631 1687 sibi
1646 1646 1725 1703 pene
1745 1629 1829 1703 sepol-

138 1727 265 1787 boonan
279 1728 453 1800 cuswdierit,
469 1728 535 1785 iidei
550 1730 697 1787 catholicas
712 1747 778 1788 reas
793 1732 858 1789 erit.
873 1754 888 1785 a
970 1725 1124 1798 Baraliter
1149 1730 1275 1785 inclusus
1302 1735 1354 1799 est,
1379 1727 1420 1784 ita
1445 1730 1476 1783 at
1496 1726 1579 1783 facite
1608 1727 1745 1798 nequeat
1766 1729 1831 1780 retro

473 1824 584 1881 CAPUT
598 1824 629 1879 ll.
1016 1825 1168 1896 respicere,
1182 1824 1225 1880 vel
1248 1839 1349 1879 manas
1367 1822 1402 1878 ad
1424 1819 1616 1894 pugnandam
1640 1819 1686 1874 vel
1703 1833 1830 1891 repercu-

420 1918 680 1989 Desaperpetticeis.
1015 1917 1145 1974 tiendum
1167 1917 1310 1989 expedire,
1334 1915 1384 1973 sed
1405 1930 1499 1988 neque
1521 1912 1559 1970 ad
1580 1912 1737 1986 amplexas
1755 1927 1831 1969 mun·

176 2010 315 2069 Similiter
328 2013 356 2066 et
370 2011 399 2066 iu
415 2016 482 2084 toga
503 2011 580 2067 linea
594 2012 718 2069 candida
729 2012 811 2067 talari
826 2016 856 2067 et
869 2012 965 2084 ampla
1016 2011 1106 2068 diales
1129 2011 1294 2067 extendere.
1310 2008 1439 2082 (Pallium
1466 2007 1545 2064 enim
1563 2007 1619 2063 hoo
1631 2005 1796 2062 breviatam
1809 2011 1832 2061 et

141 2122 230 2181 quam
255 2104 491 2177 superpelliceum
508 2105 638 2176 dicimus,
662 2106 814 2178 antiquum
834 2106 968 2162 Ecclesia
1016 2108 1235 2177 coangustatam
1249 2103 1384 2176 atriaque
1405 2101 1515 2175 aperire
1535 2117 1591 2157 noa
1606 2100 1736 2173 potest);
1750 2098 1790 2156 ita
1807 2114 1832 2154 se

140 2216 227 2258 usum
246 2198 415 2269 retinentes,
435 2203 464 2254 et
478 2199 568 2255 crucis
589 2200 619 2255 in
634 2217 666 2255 ea
682 2199 839 2256 Dominicis
853 2201 965 2256 iormu·
1017 2198 1165 2256 domestici
1176 2197 1354 2254 maimundo
1368 2200 1499 2253 mortuos
1513 2200 1542 2252 et
1555 2195 1591 2251 ab
1605 2194 1748 2250 omnibus
1757 2208 1832 2250 man-

140 2295 201 2351 lam
231 2293 460 2365 pretendentes,
488 2293 563 2349 nihil
590 2294 720 2350 novitatis
745 2293 911 2362 admittant,
937 2294 966 2349 in
1018 2292 1142 2349 dialibus
1164 2291 1275 2364 pompis
1310 2290 1445 2364 operibus
1471 2294 1501 2345 et
1522 2287 1669 2346 illecebris
1694 2292 1834 2345 remotam

141 2388 225 2444 linea
244 2386 329 2442 vestis
351 2387 476 2442 caudore
498 2386 563 2442 vitae
586 2387 792 2458 innocentiam,
817 2388 967 2462 carnisque
1018 2403 1105 2460 agere
1128 2387 1215 2442 vitam
1238 2385 1344 2441 debere
1368 2382 1564 2440 meminerint.
1589 2382 1625 2438 Et
1649 2382 1741 2454 badas
1762 2380 1835 2438 nobb

143 2480 316 2538 munditiam
357 2481 447 2536 multa
468 2481 668 2553 ,castigatione
702 2482 893 2548 elaboratam
934 2483 966 2538 in
1017 2481 1102 2538 vestis
1126 2478 1411 2552 peneqaotidianns,
1426 2478 1633 2533 maximeeero
1649 2474 1834 2549 quadragesi·

141 2573 332 2647 amplitudine
354 2574 501 2630 charitatis
525 2575 706 2646 largitatem
730 2576 759 2631 in
787 2577 967 2649 longitudine
1017 2576 1086 2631 mali
1100 2575 1145 2631 vel
1159 2573 1348 2647 poenitentiali
1363 2576 1492 2644 tempore
1514 2587 1582 2627 usas
1595 2573 1651 2639 est,
1667 2575 1700 2625 at
1712 2585 1767 2625 nos
1785 2584 1835 2624 non

142 2667 281 2741 usquead
309 2668 398 2722 talam
425 2669 520 2741 operis
544 2668 613 2724 boni
627 2686 716 2742 usquc
732 2669 862 2725 induem
876 2686 968 2742 perse·
1018 2670 1108 2724 solum
1131 2669 1234 2741 justos,
1256 2668 1305 2723 sed
1329 2669 1358 2724 et
1392 2664 1631 2738 quotidianorum
1667 2662 1835 2720 delictorum

143 2762 301 2819 versutiam
320 2762 530 2835 significantes,
545 2763 631 2818 simul
644 2769 673 2819 et
685 2764 782 2819 beatos
796 2780 825 2819 se
847 2769 876 2819 et
890 2763 966 2836 paci·
1017 2762 1189 2835 poeaiteutes
1212 2777 1271 2817 esse
1298 2760 1403 2816 debere
1422 2757 1595 2815 noverimus.
1622 2758 1686 2813 tam
1713 2771 1792 2825 veru,
1814 2755 1835 2811 si

143 2857 210 2912 ticos
229 2856 476 2924 demonstrantem
499 2872 532 2912 eo
554 2857 630 2929 qaod
653 2863 682 2913 et
699 2858 822 2913 Romani
836 2873 968 2930 proceres
1018 2856 1104 2928 hujus
1122 2856 1208 2911 vestis
1231 2855 1360 2928 geminas
1382 2852 1449 2909 hinc
1472 2850 1539 2908 inde
1565 2866 1621 2908 nos
1651 2853 1833 2924 contegentes

145 2952 175 3006 iu
202 2966 269 3023 paca
290 2948 372 3005 talari
396 2954 463 3021 toga
492 2950 534 3004 asi
559 2950 715 3023 antiquitus
743 2951 809 3006 sint.
833 2952 919 3023 Cujus
939 2956 968 3006 et
1018 2950 1076 3006 alas
1107 2966 1172 3005 eum
1193 2953 1319 3021 quatuor
1341 2946 1446 3003 tunicas
1471 2944 1566 3001 talaris
1586 2943 1732 3017 partibus,
1752 2944 1781 3001 id
1800 2945 1835 2999 est

146 3042 249 3100 tunice
270 3043 496 3115 linguasemper
515 3044 650 3099 solutast
671 3047 769 3117 aperta
782 3048 833 3113 est,
850 3061 965 3120 semper
1018 3045 1161 3100 anteriore
1183 3049 1212 3099 et
1235 3042 1405 3116 posteriore,
1424 3045 1453 3097 et
1479 3039 1590 3095 duobus
1607 3037 1734 3095 manicis
1754 3053 1836 3095 anan·

145 3141 261 3211 paratos
281 3137 317 3193 ad
336 3136 560 3193 satisfactionem
576 3137 704 3210 poscenti
718 3156 770 3194 nos
783 3138 922 3195 rationem
936 3144 965 3196 et
1014 3137 1197 3211 meres,qaod
1211 3137 1323 3192 miraris
1337 3136 1374 3191 de
1389 3151 1437 3192 sex
1450 3134 1562 3191 alarum
1572 3132 1836 3199 chenrbimroletn,

147 3232 306 3288 doctrinam
331 3231 540 3301 demonstrans,
564 3238 593 3287 et
617 3232 846 3290 contradicentes
864 3234 962 3289 redar·
1014 3231 1043 3287 in
1072 3231 1159 3288 nostri
1182 3246 1296 3304 qaoque
1317 3229 1433 3286 habitus
1456 3226 1685 3284 sanctimonialis
1717 3225 1837 3300 reperies

146 3343 248 3400 gnere,
284 3328 314 3381 et
341 3325 424 3381 utiles
451 3342 512 3381 esse
541 3325 570 3381 ia
600 3341 731 3382 sermone
759 3326 963 3398 edificationis,
1015 3329 1125 3383 sancto.

148 3419 278 3477 docendo
303 3425 333 3474 et
355 3419 519 3490 erudiendo,
534 3420 563 3475 in
579 3420 659 3476 omni
681 3420 817 3492 loquendi
837 3427 966 3494 tempore
1323 3395 1433 3452 CAPUT
1462 3394 1531 3451 xm·

147 3513 261 3572 debers.
289 3513 367 3570 Sicut
391 3513 490 3587 lingua
521 3515 644 3570 camisiae
672 3531 787 3588 semper
815 3517 911 3572 clausa
939 3519 968 3571 et
1294 3497 1558 3568 &imfim-

147 3620 342 3660 sarsumnexa
354 3606 406 3672 est,
420 3602 514 3674 cordis
527 3603 617 3659 nostri
632 3610 661 3660 et
674 3605 731 3660 oris
746 3604 775 3659 ia
798 3604 967 3677 vaniloquiis
1053 3607 1083 3662 ln
1113 3604 1232 3679 jejuniis
1272 3621 1385 3678 quoque
1416 3609 1446 3659 et
1481 3602 1663 3660 abstinentiis
1690 3603 1839 3677 antiquam

149 3705 176 3755 et
204 3699 285 3754 malis
308 3696 487 3754 sermonibus
501 3699 642 3752 aeternam
665 3698 820 3754 custodiam
834 3699 876 3754 vet
892 3699 967 3754 clau·
1018 3700 1149 3756 Ecclesia
1165 3706 1295 3756 tenorem
1319 3698 1444 3755 retinere
1462 3698 1617 3768 studentes,
1640 3713 1723 3755 nane
1742 3696 1839 3754 bidua-

149 3809 244 3848 saram
259 3791 432 3864 significans,
449 3790 496 3863 qni
511 3792 598 3847 etiam
619 3789 655 3845 ab
668 3791 890 3848 aedificationum
910 3791 968 3848 col·
1018 3795 1063 3850 ais
1078 3794 1122 3849 sel
1136 3793 1286 3863 triduanis,
1300 3793 1475 3850 nuncetiam
1489 3790 1667 3864 quotidianis
1681 3790 1840 3866 sejejaniis

147 3886 251 3958 loqaiis
277 3885 422 3940 interdum
437 3889 554 3956 propter
578 3884 805 3942 taciturnitatem
828 3886 969 3943 abstinere
1020 3888 1187 3945 castificant.
1209 3886 1355 3944 Pascbalia
1376 3903 1409 3942 ac
1433 3892 1536 3943 caetera
1564 3885 1769 3950 Dominiealia,
1797 3884 1840 3942 sed

151 3980 299 4047 debemus,
312 3985 343 4033 ut
356 3979 384 4032 in
395 3977 612 4034 veritatedieere
621 3979 743 4035 Domino
754 3981 969 4037 valeamus:Se·
1021 3985 1051 4038 et
1070 3981 1265 4054 apostatarum
1297 3998 1330 4037 ac
1356 3985 1516 4054 martyram
1542 3979 1614 4036 leste
1626 3979 1839 4037 celebriaexei-

149 4080 249 4130 cretam
260 4089 348 4128 meam
356 4074 433 4136 mitt,
449 4076 578 4128 sonetum
591 4088 678 4129 meum
693 4076 761 4130 miti
773 4076 863 4147 (isat,
883 4074 969 4145 xxiv).
1022 4076 1139 4150 piantur
1152 4093 1176 4145 u¹
1187 4075 1363 4148 jejuniorum
1382 4073 1572 4145 observantia,
1585 4073 1623 4130 ob
1641 4074 1794 4147 geminam
1804 4073 1839 4130 ri·

150 4167 221 4222 item
238 4183 245 4221 ι
264 4166 393 4222 obmutui
412 4171 438 4221 et
452 4166 519 4222 sttui
538 4180 556 4220 a
584 4168 660 4222 bonis
684 4168 766 4238 (Psat.
791 4168 912 4238 xxxvia).
939 4170 974 4225 Et
1023 4171 1126 4227 delicet
1139 4170 1290 4243 epulorum
1308 4169 1462 4225 reiectione
1476 4185 1483 4224 :
1495 4168 1611 4226 illorum
1626 4168 1740 4241 gaudio
1761 4173 1839 4225 nata·

150 4260 220 4327 illud
248 4276 255 4314 :
280 4262 361 4316 Posui
389 4262 431 4315 ort
456 4275 512 4316 meo
540 4261 708 4325 custodiam,
735 4278 794 4318 cum
818 4264 974 4319 semisteret
1023 4264 1084 4320 litio
1106 4264 1193 4319 etiam
1209 4264 1366 4320 secandum
1391 4279 1505 4319 caraem
1519 4261 1638 4318 iuterim
1656 4261 1688 4317 in
1703 4260 1839 4336 'mysterio

149 4360 274 4426 peccator
289 4354 431 4411 adversum
445 4369 486 4410 me
499 4353 603 4426 (ibid).
1024 4358 1280 4426 communicantes,
1304 4373 1430 4431 quoram
1456 4354 1637 4429 passionibus
1664 4372 1700 4412 ac
1726 4354 1840 4415 tristitia

471 4448 582 4504 CAPUT
607 4448 649 4505 xl.
983 4467 1075 4546 Dper
1094 4450 1203 4523 vigilias
1221 4456 1250 4507 et
1266 4451 1377 4524 jejunia
1391 4451 1583 4524 precedentis
1597 4448 1650 4506 visi
1663 4456 1734 4506 sunt
1745 4448 1839 4507 condo

477 4546 514 4599 lle
526 4545 648 4599 cameto.
1024 4545 1118 4614 luisse,
1136 4562 1172 4601 ne
1195 4544 1329 4601 videlicet
1349 4545 1379 4600 in
1402 4545 1536 4617 Symbola
1558 4543 1718 4618 apostolico
1738 4547 1837 4601 mane

187 4638 263 4694 Raro
275 4652 401 4709 namque
414 4637 535 4693 tacuisse
545 4637 688 4710 paenituit,
704 4654 780 4711 saepe
800 4638 898 4695 nocuit
911 4656 973 4696 esse
1023 4657 1087 4696 ram
1112 4639 1344 4696 communionem
1376 4638 1503 4695 inaniter
1529 4638 1658 4711 proitteri
1679 4639 1836 4704 videantur,

150 4733 287 4789 locatum.
308 4732 380 4786 llors
406 4746 522 4803 quoque
545 4734 574 4785 et
587 4731 643 4786 vita
658 4731 688 4787 ia
710 4749 797 4788 manu
811 4731 928 4805 linguae,
944 4739 974 4790 et
1023 4750 1146 4806 quoram
1168 4750 1261 4807 neque
1289 4732 1468 4805 passionibus
1486 4731 1662 4790 condoleant
1674 4748 1730 4789 nec
1743 4729 1837 4788 terite

152 4827 201 4900 qui
215 4842 271 4882 aon
297 4824 416 4881 offendit
439 4824 469 4879 in
496 4823 591 4893 verbo,
612 4825 659 4880 hic
687 4827 830 4899 perlectus
851 4832 895 4883 est
918 4829 971 4885 vir.
1022 4827 1230 4900 congaudeant.

151 4922 293 4995 Linguam
327 4935 394 4975 vero
423 4918 519 4974 nullus
556 4919 707 4975 hominum
737 4920 854 4976 domare
880 4922 973 4993 potuit
1323 4898 1432 4954 CAPUT
1462 4897 1528 4954 xlv·

150 5016 234 5089 (dua,
249 5014 301 5086 ιιι).
321 5013 403 5079 Quod
416 5029 486 5085 ergo
498 5013 574 5085 apud
588 5013 721 5070 homines
735 5013 908 5086 impossibile
918 5022 970 5088 est,
1245 5003 1284 5057 De
1298 5002 1463 5058 cananense
1480 5003 1614 5057 tamtum·

152 5109 228 5182 apud
255 5108 345 5163 [leura
370 5107 504 5179 possibile
526 5122 583 5161 noa
607 5107 754 5164 dubitatur
766 5108 887 5180 (blatta,
903 5111 970 5183 xix).
1056 5111 1346 5185 Dicendamqaoque,
1357 5111 1466 5167 bonum
1480 5127 1543 5166 esse
1555 5125 1659 5166 carnes
1673 5126 1734 5167 non
1749 5121 1833 5167 come·

152 5202 273 5258 Proinde
301 5217 413 5257 sarsum
427 5200 521 5257 cordis
535 5201 624 5257 nostri
641 5206 670 5257 et
692 5202 749 5257 oris
763 5202 861 5275 lingua
880 5205 970 5261 aecti-
1021 5206 1096 5263 dere.
1125 5206 1170 5262 Sic
1197 5207 1228 5262 in
1252 5206 1456 5262 communibus
1482 5204 1640 5261 refectoriis
1671 5219 1724 5262 esu
1749 5215 1835 5261 eamn

152 5298 211 5363 tar,
234 5299 268 5351 at
290 5310 347 5366 qao
367 5311 384 5349 a
405 5295 529 5351 terrenis
551 5295 594 5351 sel
611 5295 747 5352 hamanis
767 5295 886 5369 eloquiis
897 5298 972 5354 elaa-
1019 5300 1174 5370 abstineat,
1196 5303 1340 5357 attamen
1365 5315 1467 5357 aarum
1483 5313 1566 5356 asam
1586 5297 1723 5368 intirmis,
1742 5310 1835 5372 quom·

153 5387 243 5457 ditur,
267 5403 300 5443 eo
321 5386 480 5444 divinorum
501 5388 683 5461 eloquiorum
699 5393 727 5447 et
750 5406 816 5446 cam
837 5392 896 5448 ileo
908 5391 971 5449 soli·
1019 5410 1076 5467 qae
1089 5393 1163 5451 vires
1177 5397 1322 5467 reparent,
1344 5393 1441 5467 pueris
1455 5407 1572 5467 qaoque
1586 5407 1619 5448 ac
1640 5390 1838 5449 debilibasnet

153 5482 316 5554 loquioram
343 5482 456 5538 secretis
480 5486 633 5539 reseretur.
661 5483 738 5541 Siout
766 5483 846 5541 enim
864 5502 920 5545 aon
939 5490 971 5543 ta
1020 5504 1078 5546 non
1103 5489 1263 5563 hospitibus
1274 5478 1508 5547 convenientibus
1528 5485 1710 5561 temporibus
1732 5490 1764 5545 et
1777 5481 1837 5542 locis

150 5576 208 5634 soto
221 5591 294 5648 pone
305 5576 374 5632 oieb
385 5575 472 5639 tamn
487 5577 535 5632 sed
551 5578 582 5632 tn
594 5580 668 5633 omni
687 5577 777 5649 certo,
805 5579 878 5651 qaod
902 5596 968 5653 pro·
1019 5598 1080 5640 aon
1093 5588 1210 5656 negent.

134 5664 509 5743 mammillam„
523 5667 577 5747 rr),·
588 5669 630 5729 ita
646 5672 676 5729 et
692 5669 795 5748 lingua
804 5688 863 5731 aaa
877 5673 972 5732 solam
1054 5676 1110 5734 Sed
1124 5682 1154 5733 ot
1163 5676 1300 5735 coenobiis
1314 5674 1533 5750 pauperioribus
1547 5672 1580 5733 ia
1591 5672 1723 5749 piscibus
1734 5672 1837 5733 ulae·

112 5758 255 5837 humani,
269 5764 329 5822 sed
339 5768 372 5823 et
393 5763 489 5825 dirim
502 5765 616 5847 eloquii
631 5769 678 5829 vel
690 5770 831 5849 colloquii
844 5770 981 5831 ministre
1028 5770 1130 5831 aarum
1157 5768 1372 5828 ammianus
1390 5766 1656 5839 emmunim
1676 5784 1733 5845 pro
1745 5762 1835 5827 anu
