3750 6046
395 160 550 220 HISTORIA
571 160 839 220 ECCLESIASTICA.
855 159 990 218 -Plus
1008 160 1040 218 ll.
1055 189 1088 201 -
1103 160 1168 219 LIB.
1192 162 1234 218 vt.
1606 162 1658 223 181
1758 154 1761 158 ’

72 292 106 343 ut
128 288 211 345 salus.
233 288 311 345 uolo
335 305 458 362 qnoque,
482 307 552 363 quos
576 291 648 346 adeo
670 290 790 346 vexabat
801 287 999 375 Acheritatisl
1015 286 1056 345 sit
1069 288 1149 344 vobis
1164 289 1194 344 in
1214 288 1334 345 invicem
1354 287 1467 346 dilectio
1485 289 1655 363 spiritualisl

72 381 180 439 sissima
207 384 247 439 vis
273 383 408 453 labriam,
436 400 500 440 cum
530 386 686 457 nequirent
712 385 791 442 adire
842 384 904 439 Non
929 398 977 438 vos
1001 382 1143 455 subripiat
1169 382 1286 438 subdola
1310 382 1389 439 fraus
1414 383 1601 455 insidiatoria,
1628 391 1658 443 et

72 476 129 533 rimi
143 478 195 532 viri
210 484 405 550 conspectum,
424 478 516 534 missis
534 479 637 551 legatis
651 479 793 550 rogabant
841 477 917 547 quod
932 476 1100 548 promisistis
1121 476 1177 531 [lec
1195 476 1315 547 implere
1328 476 1450 534 studete.
1463 478 1655 536 Sobrietatem

72 571 308 640 nunidcentiam,
333 575 476 645 quatenus
502 572 688 640 cinctorium,
715 573 792 645 qnod
841 570 964 641 diligito,
984 569 1144 626 castitatem
1163 569 1315 640 custodite,
1336 569 1528 628 bumilitatem
1548 577 1654 648 tenete,

72 664 239 721 einniculo
265 672 426 737 paraverat,
451 670 502 722 aut
522 665 628 737 aliquid
653 667 689 722 de
714 671 791 721 vesta
843 662 1006 735 superbiam
1030 663 1127 731 ritate,
1151 667 1181 719 et
1204 662 1276 719 alius
1300 663 1389 720 alium
1415 665 1543 722 inbono
1568 684 1656 740 opere

72 759 197 815 1111111111
212 759 312 831 gratia,
330 766 512 816 morerentur
531 761 670 833 accipere.
686 760 740 825 Qui
758 776 791 816 ex
842 755 958 813 festinet
982 757 1100 828 proeirel
1128 756 1257 828 llospiles
1283 760 1311 812 et
1338 758 1506 831 peregrinos
1528 759 1655 834 benigno

72 852 203 925 scipsum
217 852 432 926 contingebant,
444 854 603 926 etpristiua
615 853 793 910 donabantur
841 850 938 905 animo
960 850 1104 921 suscipite,
1126 853 1244 922 propter
1264 851 1345 906 illum
1367 852 1416 925 qui
1438 852 1510 908 dixit
1530 856 1657 927 :Hospes

72 948 106 1002 te.
840 945 895 1010 tui,
912 949 937 998 et
950 945 1157 1014 accepistisne
1170 943 1293 1014 (1111111,
1306 960 1370 1014 xxv,
1383 946 1466 1018 11).»
1481 948 1546 1004 liae
1559 948 1657 1005 atalia

72 1039 146 1096 111111
162 1041 387 1110 materfamilias,
403 1057 488 1113 quam
504 1042 599 1097 nullus
613 1041 791 1097 medicorum
842 1036 1010 1108 hujusmodi
1031 1037 1155 1108 glorioso
1175 1038 1291 1095 Ebrulto
1309 1043 1471 1110 perorante,
1489 1041 1555 1097 dala
1571 1042 1658 1099 etiam

72 1138 207 1206 spolerat,
218 1135 402 1191 auditaiama
413 1134 790 1206 virtulumbeatissimiriri,
842 1145 910 1200 pace
926 1129 1072 1197 fratribus,
1090 1131 1269 1186 sanctissima
1287 1132 1349 1203 ejus
1368 1132 1464 1189 anima
1483 1149 1600 1206 egressa
1614 1139 1658 1191 est

78 1227 142 1299 cJ'us
156 1228 298 1284 fimbriam
310 1229 363 1284 sibi
373 1228 568 1299 pereuntium
582 1227 688 1283 afferri.
700 1228 792 1293 Quam
841 1223 876 1279 de
894 1239 1023 1295 corpore,
1038 1239 1163 1295 moxque
1180 1226 1261 1280 tanta
1279 1225 1408 1282 claritate
1428 1227 1531 1284 enituit
1549 1228 1655 1298 rultrrs,

72 1320 220 1393 reciperet,
249 1321 310 1394 ipsa
335 1321 534 1378 infirmitatem
560 1321 660 1390 evasit,
690 1326 719 1378 et
744 1321 791 1377 alii
843 1318 875 1371 ut
890 1316 962 1373 nulli
979 1316 1097 1373 dubium
1113 1318 1183 1390 quin
1201 1318 1478 1390 triumpharetliber
1492 1321 1609 1392 spiritus
1625 1322 1656 1377 in

72 1413 168 1470 liures.
188 1417 257 1470 Ecce
276 1415 402 1471 medicus
417 1414 577 1482 laudabilis,
596 1415 645 1486 qui
665 1431 792 1486 praesans
841 1409 1657 1482 11111111111.1113111111111111111110111011[1111111111-

72 1507 163 1563 rtibus
181 1507 322 1565 beneficia
341 1509 470 1564 sanitatis
484 1507 622 1579 impertit,
639 1513 668 1564 et
688 1508 791 1563 absens
843 1503 946 1572 nuarii,
961 1505 1091 1574 tempore
1110 1503 1261 1560 Rodoberti
1274 1504 1419 1577 Sagiensis
1434 1506 1657 1580 cpiscopi,anno

74 1600 137 1657 ihus
165 1601 242 1657 idom
267 1602 400 1659 exhihere
423 1618 481 1658 non
507 1601 628 1657 desistit.
656 1601 792 1657 sentiunt
841 1596 1115 1669 videlicatxnregui
1130 1597 1207 1669 regis
1223 1598 1477 1671 Cbildebertidlll.
1491 1602 1654 1668 011111111-

72 1710 109 1750 im
121 1695 172 1767 qui
185 1696 247 1767 ojus
259 1712 317 1751 non
330 1712 435 1751 novere
448 1695 562 1751 faeiem,
801 1684 828 1756 B
841 1691 899 1745 tres
912 1705 978 1745 cum
993 1707 1099 1762 magna
1117 1691 1275 1748 reverentia
1292 1692 1325 1749 in
1338 1693 1487 1750 ecclesiam
1501 1695 1655 1767 deportan-

72 1787 225 1845 liuentibus
237 1789 334 1861 itaque
353 1791 389 1845 ad
409 1805 475 1845 eum
497 1789 635 1845 universis
652 1789 737 1846 certis
756 1804 790 1843 ex
841 1782 1005 1850 1111111111
1027 1782 1125 1840 diebus
1148 1800 1182 1840 ac
1204 1785 1335 1841 noctibus
1356 1787 1480 1858 hymnos
1501 1802 1535 1843 ac
1558 1790 1656 1846 laudes

72 1880 205 1943 ,advenit
219 1881 304 1938 etiam
320 1883 455 1939 intereos
469 1899 504 1938 ox
521 1882 578 1938 alie
593 1882 712 1956 regione
727 1881 790 1955 qui·
842 1876 900 1931 Deo
915 1881 1059 1947 canentes,
1074 1882 1202 1934 sanetum
1222 1877 1300 1934 illius
1316 1895 1421 1952 eorpus
1434 1881 1589 1955 diligenter
1603 1884 1657 1940 visi

72 1976 264 2047 saupemulus.
284 1976 374 2041 Quem
395 1992 460 2032 cum
480 1977 556 2031 omni
575 1992 697 2048 corpore
717 1979 791 2032 atta·
842 1973 909 2025 suut
925 1970 1093 2040 custodisse,
1111 1975 1304 2044 exspectantes
1319 1979 1491 2031 conventum
1508 1993 1658 2035 servorum

72 2084 96 2124 m
120 2084 154 2124 ex
177 2069 267 2126 nimia
288 2069 465 2140 infirmitate,
487 2074 515 2125 et
537 2075 686 2126 curvatum
707 2086 793 2141 super
842 2063 899 2120 llei.
911 2065 1063 2136 Postquam
1076 2080 1141 2121 vero
1154 2068 1334 2137 compertum
1347 2067 1433 2125 estin
1444 2071 1581 2141 praedicta
1593 2071 1658 2129 civi·

81 2162 229 2234 piissimus
255 2179 339 2219 senex
366 2169 495 2220 cerneret
519 2163 663 2233 incedere,
687 2163 759 2219 dixit
783 2180 790 2220 ς
841 2159 901 2212 tole
917 2157 1068 2214 excessisse
1086 2157 1171 2216 rebus
1190 2159 1325 2216 humenis
1343 2163 1551 2221 consolatorem
1570 2165 1658 2223 1011111

72 2258 154 2325 ceter,
175 2256 319 2328 quomodo
337 2256 448 2312 valuisti
466 2256 606 2328 explicare
625 2260 735 2312 tantum
755 2257 793 2312 le·
842 2249 952 2322 patritie,
970 2256 1145 2308 concurrunt
1163 2268 1263 2309 omnes
1283 2253 1320 2310 od
1340 2257 1554 2326 monesterium,
1572 2257 1658 2315 heato

72 2349 222 2419 1111111111,
246 2366 310 2405 cum
335 2353 414 2404 tanta
436 2347 581 2407 debilitate
603 2348 756 2406 alliciarist
777 2372 791 2402 »
842 2343 938 2400 funeri
949 2345 1159 2416 congaudentes
1171 2345 1321 2403 iuteresse.
1333 2347 1577 2407 Lamentabantur
1588 2367 1658 2424 quo·

73 2458 91 2498 a
110 2459 117 2498 :
136 2463 151 2492 «
165 2442 296 2510 Gemina,
312 2442 417 2514 iuquit,
433 2443 601 2499 necessitate
615 2445 790 2515 canipulum,
843 2452 898 2508 que
908 2453 1050 2510 pauperes
1063 2455 1163 2494 verum
1174 2439 1222 2495 lici
1234 2456 1403 2513 pauperem,
1415 2441 1514 2500 divites
1527 2444 1655 2518 divitem,

84 2535 212 2606 domine,
228 2536 409 2591 sanctitatem
429 2536 541 2592 decrevi
556 2535 647 2604 adire,
663 2536 793 2592 videlicet
842 2530 923 2601 pueri
937 2533 1057 2603 patrem,
1072 2548 1153 2589 senes
1166 2549 1276 2590 senem.
1290 2535 1450 2593 Commune
1464 2553 1590 2612 namque
1601 2540 1656 2596 bo·

72 2629 232 2685 famelicum
248 2629 341 2697 saties,
357 2633 386 2685 et
404 2629 552 2686 mediceris
570 2629 719 2685 infirmum
740 2647 791 2702 po·
842 2639 913 2680 1111111
927 2624 1070 2695 omnibus,
1086 2627 1188 2683 merito
1207 2629 1366 2685 eommunis
1381 2629 1541 2688 hebebatur
1554 2633 1655 2692 11111111.

72 2738 151 2794 equa
163 2724 310 2795 praevales.
327 2745 340 2774 u
354 2725 444 2788 Quam
464 2739 527 2779 cnm
547 2722 585 2778 ibi
603 2722 731 2779 residere
742 2723 792 2795 jn·
878 2717 983 2773 Varum
1002 2717 1072 2774 illud
1092 2719 1204 2791 pietatis
1220 2721 1344 2794 insigne,
1358 2724 1435 2796 quod
1453 2724 1497 2781 111
1511 2726 1657 2798 piissimos

86 2815 223 2871 continuo
244 2833 344 2872 sanum
362 2817 497 2886 reddidit,
517 2823 547 2873 οι
566 2817 672 2872 faciens
692 2833 791 2872 mona.
842 2809 1037 2867 intercalare
1052 2811 1122 2885 egit,
1139 2813 1200 2884 jam
1218 2815 1317 2872 truens
1330 2819 1436 2873 aterna
1448 2817 1522 2887 luce,
1537 2836 1597 2878 nou
1608 2837 1657 2878 ar-

72 2953 75 2968 ‚
95 2908 278 2965 hortulanum
299 2927 359 2966 esse
381 2911 524 2983 precepit.
546 2913 644 2983 ltaque
665 2910 713 2983 qui
736 2911 793 2967 duo
841 2900 933 2958 bitror
948 2904 1099 2961 lacendum
1113 2920 1186 2962 esse.
1200 2905 1324 2971 Quidam
1336 2925 1461 2983 namque
1474 2927 1508 2969 ex
1521 2912 1657 2972 1111111111
1688 2893 1694 2906 ’

72 3019 119 3058 ms
133 3003 298 3072 advenerat,
314 3004 390 3060 irino
406 3020 524 3060 munere
543 3021 573 3059 30
593 3004 693 3059 donari
713 3004 792 3076 gavi.
803 3048 831 3124 C
842 2995 992 3068 religionis
1010 3001 1040 3053 ct
1054 2999 1224 3056 obedientie
1245 3002 1339 3073 gralia
1358 3005 1534 3076 perspicuus,
1547 3006 1577 3062 in
1595 3007 1657 3080 ipso
1715 3054 1718 3061 ,

73 3096 203 3151 1111111
216 3096 310 3169 itaque
325 3096 451 3169 effugato
466 3097 602 3169 periculo,
617 3097 794 3152 incolumita·
844 3091 1018 3146 monasterio
1045 3091 1198 3163 serviebat,
1223 3094 1336 3152 diaconi
1363 3097 1446 3154 titulo
1478 3099 1655 3158 sublimatus.

72 3190 142 3246 venit
154 3190 323 3261 remedium,
338 3197 367 3247 et
381 3191 581 3248 emendatioris
593 3191 658 3246 vitoe
672 3191 794 3263 adeptas
844 3181 936 3246 Quem
956 3184 1040 3240 Potor
1061 3185 1097 3241 ob
1120 3188 1275 3244 11111ῑί11111
1296 3190 1513 3264 prerogativam
1536 3194 1658 3252 nimium

72 3284 225 3357 „positum
844 3275 989 3334 dilexerat.
1005 3278 1055 3334 llic
1070 3295 1151 3352 ergo,
1166 3297 1232 3337 cum
1246 3283 1358 3340 viderat
1373 3284 1516 3357 privatum
1530 3303 1560 3345 se
1576 3291 1658 3347 tanto

229 3395 272 3450 lx·
287 3396 361 3450 pm
378 3397 409 3451 B·
430 3395 544 3464 mmm·
844 3371 938 3441 Patre,
951 3370 1041 3427 nimio
1057 3372 1175 3431 allectus
1192 3374 1301 3445 dolore,
1317 3376 1450 3435 dicebat:
1466 3401 1481 3430 u
1496 3381 1570 3438 lleul
1588 3380 1659 3455 quid

844 3463 946 3519 faciam
977 3465 1084 3521 11111111
1110 3468 1166 3524 Cur
1196 3468 1325 3525 destituis
1349 3486 1435 3543 (11111
1465 3476 1495 3528 te
1522 3475 1659 3533 fatebaris

844 3557 984 3626 dilexisse,
1007 3561 1109 3615 Patert
1128 3561 1182 3625 Qui
1203 3563 1259 3618 tuis
1280 3579 1357 3619 eram
1379 3565 1498 3622 intimus
1521 3568 1658 3642 consiliis,

72 3683 122 3740 tric
136 3685 249 3755 mentis,
263 3684 309 3740 cui
322 3685 423 3740 devote
435 3685 579 3753 servierat,
592 3685 696 3741 taciem
710 3687 796 3758 adop·
845 3667 896 3707 ⁰¹³
910 3668 926 3707 ⁸
940 3657 969 3707 ιθ
984 3651 1081 3707 divelli
1099 3654 1223 3726 pamm
1240 3658 1329 3721 ΟΜ
1348 3658 1487 3715 ΝΜ
1507 3663 1538 3716 ut
1555 3661 1658 3735 mium·

72 3778 274 3849 mmmmm
290 3794 402 3834 smum
416 3777 546 3834 videlice,
559 3794 684 3850 arguens
697 3778 796 3835 infide·
845 3760 895 3800 cur
915 3745 1037 3851 despicis
1058 3751 1089 3804 nt
1108 3749 1248 3804 exosum?
1267 3749 1341 3805 Sane
1364 3767 1513 3824 nunquam
1533 3754 1607 3826 apud
1629 3758 1658 3812 te

72 3912 75 3936 μ
95 3871 145 3942 qui
159 3871 346 3943 praesemjam
364 3871 431 3926 ,em
448 3870 581 3943 refugere
600 3872 723 3929 Domini·
741 3871 796 3936 Qui
845 3854 991 3910 promerui
1006 3843 1115 3898 utente
1130 3858 1177 3897 me
1192 3841 1278 3898 velles
1291 3843 1447 3916 sepulture
1460 3846 1544 3904 tradi.
1559 3868 1574 3898 u

72 3963 167 4032 ilatus,
182 3965 294 4020 nullum
314 3965 389 4019 visus
403 3969 445 4019 est
460 3981 510 4036 per
526 3981 597 4023 11111
618 3966 678 4028 dies
696 3982 795 4038 sump·
886 3952 966 4008 Talia
979 3954 1123 4022 1113111ῧαῖ
1140 3969 1299 4018 mmmm»
1315 3955 1504 4028 ‘Wlfflin‘
1521 3960 1618 4017 assos.

75 3514 91 3552 r
115 3497 177 3554 haec
206 3497 294 3569 igitur
320 3497 455 3553 virtutum
482 3497 616 3570 insignia,
642 3514 708 3553 cum
733 3498 793 3570 jam

71 3590 81 3646 i
105 3592 187 3646 miles
210 3591 346 3648 emeritus
367 3607 438 3647 cxxx
461 3593 536 3646 esset
555 3607 710 3659 annorum,
732 3596 794 3648 toto

72 4056 178 4128 cibum,
200 4058 254 4113 nisi
279 4057 428 4130 aliquoties
450 4058 563 4113 Domini
583 4061 648 4115 lesu
671 4060 797 4131 corporis
819 4075 821 4079 ’
881 4054 916 4110 Et
935 4069 1000 4111 eote
1021 4055 1050 4111 in
1073 4057 1135 4130 ipsa
1155 4062 1238 4113 uncle
1259 4056 1416 4114 Dominicae
1435 4059 1661 4121 Circumciaionis

72 4158 207 4222 neutum;
221 4152 397 4208 incessanter
413 4151 548 4207 iratribus
567 4168 699 4224 erogans,
715 4153 796 4226 quasi
847 4150 919 4203 1111111
932 4147 1029 4204 divino
1046 4150 1141 4206 emisit
1157 4150 1300 4222 spiritum·
1315 4150 1396 4216 Quod
1413 4152 1552 4210 nimirum
1568 4157 1660 4228 praci-

73 4245 264 4318 aequalitatis
274 4249 427 4318 pateretur,
437 4245 796 4318 diriuiverbimystorinm.
846 4241 900 4297 bus
915 4242 1074 4298 beatissimi
1085 4244 1177 4299 Patris
1191 4244 1298 4301 Ebrulli
1309 4248 1419 4301 constat
1430 4247 1517 4305 luisse
1532 4253 1660 4322 gestum,

72 4354 98 4395 m
117 4355 151 4394 ex
168 4338 266 4395 vicinis
281 4339 349 4394 locis
365 4339 490 4410 religiosi
505 4338 556 4394 viri
575 4339 668 4394 studio
687 4339 798 4396 visendi
847 4334 982 4391 videlicet
999 4352 1036 4391 ne
1053 4352 1141 4409 quern
1160 4337 1297 4394 dilexerat
1313 4338 1401 4412 hujus
1419 4342 1519 4398 mundi
1538 4343 1661 4401 ludibrio

72 4448 96 4488 m
109 4433 287 4500 devenirent,
299 4432 542 4505 lacrymantesque
556 4435 743 4504 precarentur
755 4417 836 4501 ut,D
848 4427 1016 4499 subjaceret,
1032 4434 1061 4486 et
1075 4434 1106 4485 ut
1124 4434 1292 4501 precantum
1307 4432 1380 4488 votis
1400 4448 1430 4489 se
1447 4435 1660 4508 promptissime

72 4527 144 4583 dex
159 4527 255 4583 oblata
275 4527 413 4582 charitate
434 4526 584 4598 accipiens,
598 4528 797 4598 corpusculum
848 4520 1013 4577 adfuturum
1023 4522 1241 4580 demonstraret.
1251 4524 1353 4596 Sicque
1362 4527 1518 4584 monachus
1526 4528 1662 4602 illejuxta

72 4625 154 4676 retur
170 4636 313 4690 recreare,
333 4620 446 4676 dicebat
464 4639 470 4674 ι
492 4640 506 4670 a
521 4621 618 4687 silete,
633 4619 724 4685 silete,
740 4619 797 4676 fra·
848 4615 925 4687 quod
940 4620 1069 4687 precatus
1085 4616 1180 4673 iuerat
1198 4618 1341 4689 expositus
1358 4622 1401 4674 est
1413 4620 1448 4676 ad
1463 4620 1661 4692 sepeliendum

82 4715 173 4771 nolite
200 4714 352 4771 suadentes
380 4714 450 4769 mihi
478 4713 624 4769 fastidium
652 4713 797 4786 ingerere,
848 4709 878 4764 iu
893 4708 1017 4765 crastino
1036 4726 1100 4766 cum
1114 4726 1165 4766 suo
1184 4710 1298 4768 abbata.
1312 4713 1335 4767 0
1351 4727 1428 4768 mors
1442 4713 1577 4786 gloriosa,
1596 4733 1662 4789 qum

72 4808 139 4864 nolo
151 4809 273 4880 penitus.
289 4829 302 4858 a
318 4809 416 4879 Neque
430 4807 507 4862 enim
520 4807 641 4863 terrenis
654 4807 745 4878 epulis
757 4807 797 4863 in·
848 4802 999 4874 pretiosior
1010 4803 1140 4860 consistit
1150 4820 1236 4876 quam
1249 4804 1321 4861 vital
1335 4806 1415 4871 Quod
1428 4807 1505 4863 euim
1520 4808 1663 4883 subripuit

72 4907 109 4972 at,
123 4918 211 4975 qnam
224 4900 346 4973 Spiritus
358 4906 471 4956 sanctus
488 4901 565 4956 intus
584 4901 684 4957 alebat.
698 4901 798 4957 Pasce·
849 4896 969 4966 mundo,
985 4896 1178 4954 indubitanter
1194 4897 1326 4970 ascripsit
1338 4900 1422 4956 coelo.
1438 4902 1555 4973 Verum,
1568 4918 1660 4975 quau·

87 4996 195 5068 quippe
215 5011 265 5067 spe
285 4998 402 5051 eternae
419 4994 572 5063 suavitatis,
588 4999 681 5049 certus
699 4994 799 5050 donari
848 4997 910 5048 lum
935 5006 1050 5063 possum
1071 4991 1221 5064 conjicere,
1245 4992 1347 5049 melias
1371 4992 1426 5050 11111
1450 4994 1491 5051 illi
1513 4996 1552 5052 sic
1575 4997 1661 5068 mori,

72 5088 146 5146 rbere
164 5088 338 5146 commercio
350 5078 444 5144 b'eatae
465 5088 700 5144 immortalitatis.
716 5088 798 5144 Deui-
850 5084 983 5157 quamde
998 5091 1090 5141 morte
1103 5086 1208 5142 iterum
1221 5087 1256 5143 ed
1270 5091 1391 5144 mortem
1401 5089 1662 5149 resuscitari.ch

72 5188 182 5240 nstame
202 5183 260 5251 die,
279 5198 337 5255 qua
357 5182 384 5238 ei
405 5182 533 5237 voluntas
555 5186 617 5238 erat
632 5181 756 5250 dissolvi,
772 5184 800 5238 et
850 5178 927 5234 enim
951 5182 1044 5235 certus
1070 5179 1106 5236 de
1130 5180 1231 5249 salute,
1257 5180 1336 5237 nullu
1363 5181 1447 5239 timet
1471 5184 1663 5243 contaminari

72 5294 81 5333 v
103 5275 211 5349 perfrui
232 5277 310 5332 vultu
330 5275 481 5345 creatoris,
505 5275 669 5330 convocavit
688 5274 799 5344 fratres,
850 5272 1023 5344 peccamine.
1037 5273 1066 5328 Si
1086 5274 1309 5343 resuscitaretur,
1325 5292 1375 5348 spe
1392 5276 1505 5348 anxius,
1520 5278 1664 5339 laboraret

84 5369 147 5443 ejus
177 5370 301 5426 discessu
333 5372 501 5438 moerentes,
529 5373 558 5424 et
587 5368 657 5441 quid
683 5374 801 5440 agerent
850 5365 935 5421 dubio
956 5366 1128 5422 discrimine.
1146 5367 1205 5422 Non
1227 5383 1297 5441 ergo
1316 5368 1392 5425 istud
1412 5371 1499 5428 levius
1520 5372 1662 5446 accipien-

72 5480 99 5521 ιο
120 5469 235 5536 pastore
261 5464 478 5535 proclamantes,
502 5462 541 5518 sic
567 5461 705 5518 allocutus
727 5466 769 5518 est
791 5479 798 5517 :
851 5459 919 5515 dum
933 5462 975 5515 est
987 5459 1179 5531 suprascripta
1192 5466 1371 5518 mortuorum
1385 5463 1582 5522 vivificatione.

72 5556 132 5626 loli,
156 5556 334 5613 unanimiter
360 5556 515 5629 persistite,
542 5556 664 5612 connexi
688 5555 801 5611 vinculo
886 5553 983 5625 ltaque
1013 5553 1182 5610 venerabilis
1214 5556 1296 5611 Pater
1328 5556 1460 5614 1111111111
1489 5558 1520 5615 in
1551 5559 1665 5616 basilica

77 5734 145 5801 Lag.
161 5733 751 5787 01111111111111111111111111.1111111111
768 5734 814 5787 dle
825 5734 858 5786 se
868 5731 1035 5798 decembris,
1050 5746 1125 5785 anno
1135 5732 1303 5787 duodecimo
1317 5732 1457 5788 clotharii
1465 5735 1496 5786 ll
1506 5735 1626 5787 aarum.
