3750 6046
73 103 126 161 693
489 105 645 163 HlSTOth
664 106 929 166 eceteSllsrtct.
946 137 981 149 -·
994 108 1080 166 PARS
1099 108 1144 166 tlt.
1159 139 1194 151 -
1209 107 1273 168 tte.
1295 105 1337 168 tlt.
1701 114 1752 176 ott

73 226 134 283 Deo
159 226 267 300 gratias
290 227 452 300 reddentes,
474 229 629 286 admodum
651 231 737 287 letati
757 235 835 301 suut,
860 234 889 288 et
899 263 928 337 Α
939 230 1087 303 legationis
1100 231 1192 289 oltlcio
1202 231 1315 290 lvrnctus
1327 233 1386 291 ivit.
1400 233 1454 292 Sed
1467 232 1535 293 licet
1547 235 1576 293 iu
1589 232 1649 310 ipsa
1662 253 1749 312 expe·

71 321 166 392 Turci,
181 322 287 379 amissa
300 323 503 393 dominatione,
518 343 573 398 qua
588 326 767 384 Christicolas
786 327 886 382 hacte-
939 325 1046 381 ditione
1061 328 1149 382 multa
1165 344 1251 383 mauu
1261 329 1433 403 consilioque
1447 331 1576 402 gnaviter
1591 335 1747 406 peregerit,

71 433 127 472 nus
153 423 364 490 oppresserant,
396 419 500 492 dejecti
531 423 608 475 svrvut.
640 422 745 493 lugens
769 422 888 478 basilica
937 419 976 475 ibi
1001 423 1096 476 umen
1118 423 1241 477 multum
1265 423 1394 497 deliquit,
1416 425 1464 480 ubi
1485 427 1519 482 ad
1544 427 1653 495 iratres,
1675 428 1748 485 sicut

70 513 186 568 Sanctae
206 512 317 584 Sophia
331 513 436 568 ibidem
458 517 620 570 constructa
635 516 727 571 fuemt
744 517 882 589 tempori·
937 514 1104 585 promiserat
1126 521 1154 571 et
1177 516 1325 588 debuerat,
1348 519 1455 574 corvini
1484 522 1599 592 generis
1621 521 1746 595 legatus,

68 606 124 662 bus
138 605 276 678 antiquis,
287 623 373 679 quam
385 607 415 662 in
430 608 541 664 honore
555 611 649 666 Sancti
661 610 824 679 Salvatoris,
838 610 887 683 qui
936 613 1034 679 postea
1045 626 1101 665 uon
1115 610 1225 666 redivit.

70 706 115 756 est
128 701 221 756 uirtus
236 706 265 756 at
284 701 424 774 sapientia
444 702 491 758 Dei
507 704 605 771 Patris,
621 704 760 761 Balduiuo
779 705 885 777 princi·
971 702 1134 759 Discedcute
1155 705 1284 777 liugane,
1308 705 1394 762 duces
1419 706 1570 764 concilium
1594 709 1746 768 ordinare·

68 800 170 867 pante,
184 800 354 852 veneranter
374 802 522 869 coeperunt
541 798 636 854 colere
655 798 752 854 fideles
771 801 886 855 advenae
935 799 1013 864 runt,
1030 802 1058 850 ct
1079 797 1113 852 de
1132 799 1318 854 conducendo
1339 800 1369 854 in
1390 801 1545 856 Jerusalem
1569 803 1673 877 populo
1693 804 1745 861 Dei

67 906 138 945 eum
162 888 315 963 indigenis.
334 890 443 946 Divinae
464 891 606 947 servitulis
625 892 714 948 series
735 893 887 966 insigniter
936 889 1071 946 consiliati
1093 897 1168 947 sunt.
1191 892 1327 948 Dixerunt
1349 893 1459 965 igitur:
1482 898 1600 966 Populus
1621 900 1682 968 istc,
1696 901 1747 970 qui

68 984 185 1040 Edessae
200 989 358 1040 reamurata
372 989 424 1053 est,
438 987 467 1039 et
485 986 574 1040 multo
594 987 658 1057 plus
677 987 884 1059 incomparabi-
935 984 1035 1040 multas
1055 1001 1152 1056 pessus
1171 990 1210 1042 est
1227 988 1406 1050 cclcvmitctes,
1421 993 1451 1044 ut
1467 991 1617 1060 sepulcrum
1636 993 1746 1048 Domini

68 1077 147 1146 liter,
171 1093 259 1149 quam
281 1078 369 1149 stylus
392 1083 487 1134 noster
506 1079 643 1135 adnotare
666 1084 768 1152 potest,
790 1081 885 1138 divina
935 1079 984 1132 Dot'
1006 1080 1050 1133 sui
1070 1079 1162 1135 vidoro
1184 1087 1382 1151 promereatur,
1403 1083 1463 1152 jum
1489 1085 1583 1138 nouitio
1605 1087 1745 1154 sotiantur
1819 1128 1822 1132 μ

67 1171 162 1242 piatas
184 1171 215 1226 in
236 1171 343 1244 populo
365 1188 416 1227 suo
433 1171 600 1229 mirabiliter
621 1173 695 1230 intus
718 1178 747 1230 et
761 1176 885 1231 exterius
933 1172 1105 1240 infortuniis,
1121 1173 1336 1229 &roccolenum
1346 1176 1443 1231 itincrc
1453 1177 1548 1247 poium
1557 1180 1744 1249 conqueritur,
1829 1214 1832 1219 -

66 1267 187 1336 operata
200 1267 253 1320 est.
934 1269 960 1320 et
972 1280 1020 1321 ncs
1033 1266 1136 1329 itidem,
1151 1267 1235 1321 multo
1249 1268 1340 1338 effecti
1353 1269 1443 1334 indic,
1457 1274 1656 1341 conquerimur.
1672 1274 1739 1328 Pro·

106 1357 262 1414 lietduinus
279 1358 384 1431 itaque,
404 1359 608 1432 multiplicibus
624 1361 744 1433 negotiis
764 1362 799 1417 ad
821 1363 882 1419 lau·
932 1358 1074 1415 uideamus
1095 1375 1157 1430 mpo
1181 1362 1246 1432 ipsis
1272 1362 1344 1431 quoi
1365 1365 1452 1432 magis
1473 1366 1542 1420 utile
1566 1367 1614 1420 sit.
1642 1367 1742 1423 Nullus

66 1453 137 1509 dem
149 1452 253 1510 Christi
269 1456 431 1525 occupatus,
447 1470 503 1508 non
518 1454 608 1524 potuit
621 1453 772 1527 suffragari
785 1456 882 1512 Chris·
933 1452 1050 1507 ulterius
1072 1469 1162 1509 morus
1184 1469 1321 1511 censemus
1344 1456 1531 1520 innectendos,
1551 1464 1652 1529 preter
1675 1475 1744 1530 quas

68 1547 154 1602 tianis
175 1546 350 1602 Antiochiam
373 1545 578 1603 obsidentibus.
593 1547 703 1602 Auditis
724 1550 818 1604 tamen
833 1567 880 1606 ru·
932 1546 1097 1601 inevitabilis
1113 1549 1265 1618 opposuerit
1284 1551 1438 1605 necessitas.
1453 1550 1507 1607 Sed
1525 1556 1614 1606 tamen
1633 1553 1743 1623 sinprrlu

66 1639 198 1696 moribus
207 1639 241 1695 de
252 1639 433 1712 oppressione
443 1639 628 1713 nimiaquam
640 1640 746 1697 ibidem
757 1629 986 1714 perpessiBnon
1010 1641 1166 1710 impetuoso,
1187 1641 1234 1696 sod
1259 1642 1404 1712 diliconter
1431 1644 1594 1699 estimando
1620 1650 1694 1709 sunt,
1718 1649 1744 1702 ct

65 1738 144 1802 sunt,
164 1732 225 1805 ipsc
245 1735 275 1786 et
292 1732 503 1788 commilitones
519 1733 581 1803 ejus
598 1732 771 1789 Christicolis
790 1737 881 1791 vehe—
932 1731 1056 1787 modeste.
1072 1734 1164 1801 Terra,
1177 1749 1228 1804 per
1245 1750 1326 1805 quom
1346 1738 1413 1791 Duri
1431 1751 1533 1800 sumtis,
1548 1740 1679 1808 iucqucsu
1694 1742 1742 1794 est.

65 1831 182 1884 menter
203 1827 423 1895 condoluerunt,
446 1831 474 1882 et
502 1843 588 1899 quam
612 1827 694 1883 citius
714 1830 881 1900 potuerunt,
932 1827 1022 1880 nstin
1036 1827 1233 1882 ultramodum
1251 1828 1356 1884 torridu
1377 1831 1523 1886 est.1tcris
1543 1832 1744 1888 inclementiam

65 1922 154 1977 rebus
166 1920 223 1976 siris
246 1920 353 1992 optimc
377 1920 531 1992 dispositis,
546 1921 583 1976 ad
603 1921 762 1977 subsidium
778 1939 881 1979 eorum
931 1917 969 1971 od
979 1933 1097 1989 protono
1111 1920 1184 1986 serre
1201 1936 1255 1975 non
1271 1936 1424 1991 possumus.
1443 1924 1537 1991 Donec
1561 1924 1699 1981 obsidione
1717 1931 1743 1982 et

63 2015 284 2072 festinaverunt.
302 2013 417 2069 iuterim
434 2014 497 2086 ipsi,
512 2015 665 2071 ausiliante
676 2016 880 2084 Dominotesu,
930 2013 1049 2082 sumptio
1056 2029 1085 2067 us
1107 2019 1132 2068 et
1149 2015 1252 2070 uiribus
1269 2015 1396 2071 cattorosco
1410 2032 1512 2072 sarnus.
1528 2019 1660 2074 Sileumus
1677 2035 1739 2090 crgo

64 2109 142 2165 ricto
163 2108 350 2165 Curharanuo
372 2125 437 2164 curn
453 2109 511 2163 suis
526 2108 645 2165 victores
668 2110 882 2181 triumpharunt
931 2107 1187 2175 acquiesceremus
1208 2109 1365 2164 vulneratos
1382 2113 1407 2164 ct
1430 2112 1550 2179 ircfirmcs
1573 2127 1741 2182 reparemus,

64 2210 93 2260 ei
118 2202 272 2258 balduinus
297 2202 420 2273 sociique
444 2202 506 2273 ejus
529 2204 644 2271 Tereus,
669 2203 704 2258 de
725 2203 881 2276 municipio
931 2205 956 2254 et
980 2201 1089 2254 interim
1110 2217 1263 2270 pauperum
1289 2208 1441 2258 nostrorum
1467 2205 1653 2260 misereamur.
1682 2209 1740 2262 Hu-

64 2295 234 2365 Autiochiae,
251 2301 284 2351 ut
300 2295 407 2350 dictum
426 2298 479 2364 ast,
495 2295 673 2365 recedentes,
691 2296 882 2352 confuderunt
929 2293 1006 2347 mide
1025 2294 1140 2349 solstitio
1160 2298 1347 2364 suspectemus,
1362 2295 1463 2351 Cancri
1477 2303 1502 2352 et
1523 2299 1616 2352 Mones
1635 2300 1742 2354 ncciucr

63 2390 192 2463 ipsisque
203 2389 369 2461 peremptis,
381 2389 532 2461 spoliisque
545 2389 673 2462 direptis,
684 2389 783 2445 iratres
794 2395 879 2461 atqua
929 2401 1061 2442 mtccessus
1083 2386 1255 2443 declinemus.
1278 2390 1312 2443 ln
1335 2390 1480 2446 Nouembri
1499 2395 1602 2461 tempus
1624 2392 1740 2462 refrice-

63 2483 174 2540 amicos
197 2482 388 2538 visitaverunt.
402 2484 480 2537 Tunc
500 2498 610 2551 omnes,
626 2483 761 2556 utrinque
785 2483 880 2539 relatis
928 2479 1046 2544 rebitur,
1070 2484 1096 2534 et
1121 2486 1182 2535 tunc
1204 2483 1361 2551 conpregcti
1384 2485 1564 2547 unanimiter,
1588 2485 1740 2540 condictum

63 2576 214 2633 eventibus
238 2576 391 2648 prosperis,
415 2575 503 2647 gavisi
527 2579 604 2642 sunt,
628 2581 656 2631 et
678 2576 879 2648 triumphatori
928 2575 980 2628 iter
1000 2572 1203 2642 uppredicmur.
1228 2576 1359 2645 Alioquin
1379 2579 1464 2631 totum
1483 2578 1618 2647 populum
1637 2580 1738 2634 intem-

63 2670 134 2738 Deo,
164 2668 213 2742 qui
238 2673 339 2724 cuncta
364 2667 544 2723 laudabiliter
569 2668 703 2741 disponit,
727 2669 878 2725 immensas
926 2668 1039 2735 posticis
1059 2667 1203 2721 ardoribus
1216 2669 1409 2737 aspiceremus.
1425 2671 1480 2725 llcc
1489 2675 1579 2725 nutem
1600 2672 1742 2728 consilium

61 2763 162 2819 laudes
175 2779 225 2818 ore
241 2767 269 2819 et
284 2761 368 2817 corde
384 2761 583 2817 reddiderunt.
928 2759 1015 2813 turbis
1035 2760 1225 2828 nuptiantibus
1249 2762 1416 2817 enucleatius
1439 2762 1598 2817 ducentur.
1621 2765 1736 2835 Tempus

98 2859 166 2913 Post
180 2861 308 2912 mutuam
322 2855 537 2910 collocutionem
549 2856 668 2912 fratrum
681 2858 708 2911 et
719 2857 877 2912 amicorum
927 2853 1111 2916 introctobt'lo,
1131 2868 1233 2909 necent
1255 2860 1304 2918 cst.
1319 2853 1494 2918 declinemus,
1507 2860 1532 2910 ct
1553 2856 1600 2911 boc
1614 2857 1739 2913 omnibus

61 2950 119 3005 dux
147 2947 302 3004 Dalduinus
326 2949 421 3018 Reges
447 2948 576 3019 expetiit,
600 2951 629 3003 et
650 2949 803 3004 Ecclesiam
828 2949 876 3004 Dei
926 2945 1101 3000 utilissimum
1123 2947 1331 3017 perpendemus.
1355 2946 1384 3001 ld
1406 2947 1436 3001 in
1456 2951 1515 3002 toto
1537 2949 1663 3004 exercitu
1685 2967 1739 3004 an-

60 3043 305 3113 eommissumque
326 3041 379 3096 sibi
403 3042 551 3114 populum,
573 3044 605 3096 ut
628 3041 719 3097 dulcis
741 2997 1737 3114 perniciosenuntiatumeseettandemanomoinuscottauoatumast.

61 3136 203 3193 educavit.
231 3134 378 3191 Finitimos
408 3134 514 3189 crebris
542 3134 747 3189 certaminibus
771 3136 877 3191 ‘latreus
962 3131 1579 3216 Dispersisuntergoducesetlumilioeper
1600 3135 1737 3191 linitimas

61 3228 215 3302 oppressit,
229 3234 257 3284 et
270 3227 497 3284 Christianorum
512 3227 591 3294 fines,
608 3227 765 3299 profligatis
786 3228 875 3284 mala·
926 3224 1067 3297 regiones,
1081 3225 1228 3280 aestivandi
1242 3225 1353 3297 gralia;
1373 3230 1402 3281 et
1415 3227 1498 3298 egeni
1517 3243 1567 3282 eos
1587 3227 1738 3300 subseque-

59 3322 225 3392 factoribus,
239 3321 376 3377 dilatarit.
392 3321 505 3379 Clarum
520 3337 633 3392 quoque
649 3320 784 3376 nobiliter
799 3321 878 3377 auxit
925 3317 1039 3388 bantvrr,
1062 3317 1171 3374 visendi
1198 3334 1291 3372 causa.
1318 3319 1453 3374 Dixerant
1478 3318 1556 3374 enirn
1578 3319 1685 3375 duces:
1707 3322 1739 3376 st

59 3416 232 3472 necessarias
245 3431 313 3486 opes
328 3415 356 3469 ei
373 3413 575 3486 suppeditavit,
588 3431 620 3468 ac
636 3417 666 3468 ut
681 3413 808 3469 divinum
821 3431 877 3470 ser·
925 3414 986 3482 quis
998 3427 1074 3480 egens
1087 3418 1126 3467 est
1141 3417 1166 3466 et
1183 3427 1292 3482 corpore
1309 3417 1425 3480 vegetus,
1436 3412 1577 3481 jungetur
1595 3414 1691 3478 nebim·
1713 3419 1740 3469 et

61 3510 162 3566 vitium
170 3509 205 3564 ad
214 3507 658 3579 salutemcredentiumquotidie
667 3509 875 3579 persolverent,
926 3519 975 3559 ncs
995 3504 1126 3566 omnibus,
1146 3504 1219 3559 dctis
1239 3505 1387 3574 unicmque
1403 3504 1558 3576 stipendiis,
1574 3505 1739 3561 srvbsidicbi-

59 3603 179 3658 sollicite
200 3602 368 3657 obsccravit.
395 3602 462 3656 Fere
487 3600 613 3673 quinque
635 3601 718 3655 aunis
739 3600 875 3656 ducatum
925 3613 996 3652 mur.
1010 3599 1116 3666 infirmi
1127 3597 1237 3671 publicu
1253 3599 1334 3667 stipe,
1351 3597 1434 3652 donec
1452 3598 1652 3664 cortucluerint,
1675 3614 1737 3655 sus·

60 3697 174 3752 fortiter
188 3696 288 3750 tenuit.
300 3695 407 3750 Deinde
421 3694 577 3750 Codefredo
590 3695 668 3749 tratri
679 3711 729 3749 suo
744 3694 773 3749 iu
785 3711 875 3767 reguo
926 3694 1072 3745 tententur.
1095 3691 1172 3744 Tunc
1192 3687 1371 3744 Raimundus
1391 3689 1508 3756 Pilatus,
1530 3688 1565 3744 de
1589 3690 1738 3745 familiari-

57 3789 297 3862 ierosolymorum
325 3788 469 3855 successit,
497 3789 572 3859 quod
605 3788 694 3843 fernae
726 3804 759 3844 xv
792 3787 875 3843 anuis
924 3783 976 3838 bus
991 3782 1101 3838 comitis
1115 3782 1210 3838 Sancti
1220 3782 1332 3854 AEgidii,
1348 3782 1551 3855 magnanimus
1567 3783 1659 3851 miles,
1677 3784 1735 3839 col-

59 3885 151 3939 multa
170 3883 199 3938 iu
223 3883 343 3955 paganis
367 3882 454 3938 fortia
475 3898 587 3954 gerens,
601 3885 717 3936 strenue
737 3883 819 3937 rexit.
834 3883 874 3937 De
923 3875 994 3948 legit
1006 3876 1057 3931 sibi
1078 3876 1174 3949 plures
1189 3875 1292 3930 milites
1305 3892 1337 3930 ac
1359 3875 1481 3948 pedites.
1506 3876 1627 3932 collecto
1649 3876 1738 3949 igilur

55 3979 185 4032 'turcana
197 3977 332 4048 conjuge,
346 3992 431 4047 quam
448 3975 536 4042 duxit,
552 3975 663 4030 nuttam
677 3975 804 4030 subolem
819 3976 870 4031 ha·
924 3969 1059 4038 exercitu,
1084 3973 1221 4042 quantum
1249 3969 1351 4040 potuit,
1377 3975 1483 4024 terram
1511 3968 1737 4025 Sarracenorum

56 4070 128 4127 buit.
143 4068 223 4125 Unde
239 4069 406 4125 lietduinum
420 4069 455 4124 de
467 4071 551 4140 Durg,
567 4069 775 4125 consobrinum
790 4085 872 4123 suum
924 4063 1060 4118 audacter
1077 4063 1198 4132 intrarit,
1214 4065 1241 4117 et
1261 4064 1334 4116 ultra
1355 4062 1425 4117 diras
1440 4062 1574 4130 civitates,
1590 4063 1624 4116 ad
1644 4063 1736 4136 quod·

57 4164 87 4219 in
118 4163 221 4218 drreatu
249 4166 278 4217 et
305 4178 396 4234 reguo
423 4178 614 4218 successorem
641 4162 695 4217 sihi
716 4161 872 4218 coustituit.
924 4155 991 4211 dom
1007 4161 1129 4211 castrum
1145 4156 1290 4228 Syrorum,
1310 4155 1355 4211 cui
1374 4172 1480 4211 nomeu
1494 4156 1669 4225 talamania,
1684 4157 1735 4212 de-

58 4257 167 4313 Deinde
189 4255 281 4324 Fulco,
305 4255 517 4326 andegavensis
539 4271 643 4323 comes,
668 4256 697 4309 in
716 4255 873 4312 Jerusalem
922 4249 1010 4305 venit.
1025 4249 1138 4305 Susiani
1151 4254 1257 4318 autem,
1276 4249 1447 4305 habitatores
1467 4251 1539 4321 ejus,
1563 4251 1664 4319 sponte
1680 4265 1733 4304 sua
1833 4254 1836 4259 “

56 4366 179 4424 peregre
197 4349 334 4422 perrexit,
350 4354 377 4404 et
398 4349 590 4417 ltileseudam,
607 4349 725 4405 secundi
743 4349 871 4405 balduini
881 4343 1088 4435 DChristianis
1101 4359 1130 4398 se
1147 4341 1347 4411 reddiderunt,
1367 4342 1464 4413 ibique
1479 4342 1578 4396 Franci
1597 4341 1657 4397 iere
1678 4341 1735 4397 die·

55 4445 154 4513 tiliam,
169 4444 199 4499 in
213 4443 366 4514 conjugem
381 4459 446 4498 cum
461 4459 551 4515 regno
567 4442 685 4514 accepit.
921 4437 973 4491 bus
989 4439 1051 4492 octo
1065 4436 1277 4507 requieverunt.

54 4557 122 4612 xpp,
145 4555 235 4627 capp„
256 4554 413 4616 Antiochia,
436 4557 515 4624 μαψ,
534 4571 647 4623 ΝΜ
668 4572 685 4611 a
709 4556 872 4612 Christiani,
955 4529 1063 4586 Deinde
1082 4529 1201 4600 cingulis
1220 4527 1390 4584 militaribus
1412 4526 1542 4594 accincti,
1566 4526 1732 4598 proximum

90 4635 130 4690 ud
150 4637 342 4705 imperatorem
364 4635 517 4691 draconum
540 4633 694 4703 delcpntur.
718 4633 872 4690 Christiani
921 4623 1065 4678 castellum
1086 4620 1428 4694 dgfll0¹10l⁰mflssiii⁰⁵³i
1451 4623 1528 4687 saut,
1555 4622 1724 4690 windum-

91 4715 171 4769 duccs
186 4717 215 4768 in
234 4715 284 4768 icc
304 4716 424 4775 ciuitate,
440 4714 587 4768 astiuuncii
606 4716 709 4781 pratia,
730 4730 870 4770 remarnere
921 4720 1020 4771 verunt
1037 4715 1297 4787 etpraevaluerunt‚
1313 4713 1549 4785 deprecavimus
1568 4718 1596 4768 et
1614 4713 1732 4768 colonos

87 4794 539 4863 iissivuilfflilittiffiOntivsi'iae·
919 4808 1175 4881 pessundederunt.
1198 4809 1225 4863 Si
1251 4808 1300 4880 qui
1324 4811 1422 4861 tamen
1449 4805 1485 4860 ad
1511 4805 1598 4860 tidem
1627 4804 1729 4860 Christi

88 4905 182 4959 Mense
204 4902 288 4969 lulio,
312 4901 402 4973 [tote]
428 4904 491 4971 post
513 4904 635 4972 optutum
660 4900 816 4963 victoriam,
839 4906 869 4955 et
918 4902 1043 4959 converti
1056 4903 1215 4969 voluerunt,
1230 4900 1538 4955 illesosservaverum.
1558 4899 1604 4953 llis
1621 4898 1661 4953 itu
1681 4914 1729 4969 pe·

52 5000 158 5054 virtute
174 4999 286 5050 nactam
300 4994 327 5048 in
342 4995 431 5065 gratia
446 4993 492 5049 Dei
508 4994 699 5060 Antiochiam,
714 4993 867 5050 Christiani
918 4995 1010 5065 raetis,
1037 4994 1123 5067 gavisi
1140 4998 1223 5062 sunt,
1241 5009 1272 5048 uc
1295 4993 1329 5048 ad
1351 4992 1429 5063 prius
1451 4992 1597 5047 castellum
1622 4991 1732 5047 reversi

51 5093 137 5147 duces
156 5090 186 5144 in
209 5105 297 5144 unum
318 5093 523 5155 convenerunt,
538 5091 566 5143 et
586 5088 732 5142 communi
747 5087 866 5142 consilio
917 5095 992 5144 sunl.
1013 5090 1118 5144 lterum
1140 5088 1224 5143 tertia
1246 5086 1292 5142 die
1314 5087 1457 5155 exierunt,
1474 5089 1503 5141 et
1521 5086 1641 5141 ldarram
1661 5085 1728 5140 ciri-

52 5187 203 5256 lingonem
215 5183 350 5253 ldegnum
365 5181 401 5235 ad
417 5181 543 5236 diarium
557 5181 761 5253 imperatorem
773 5182 864 5238 Cons-
916 5186 1016 5248 tutent,
1029 5197 1093 5253 quae
1106 5197 1193 5252 prope
1207 5180 1269 5235 illos
1283 5185 1355 5246 erat,
1376 5184 1524 5234 venerunt.
1542 5179 1621 5235 Unda
1642 5177 1728 5233 multi

51 5276 253 5348 tantinopolim
268 5275 444 5341 direxerunt,
460 5278 491 5328 ut
504 5274 539 5329 ad
552 5273 654 5328 urbem
672 5272 865 5346 recipiendam
916 5275 1047 5347 gentiles,
1064 5273 1112 5345 qui
1132 5274 1168 5328 ab
1188 5273 1278 5345 Aleph
1293 5276 1322 5327 el
1335 5271 1397 5327 aliis
1417 5271 1587 5327 circumsitis
1607 5270 1725 5326 urbibus

50 5388 137 5444 quam
151 5369 321 5425 calamitosis
335 5367 514 5439 passionibus
529 5366 554 5422 ei
568 5367 769 5440 acquisierant,
787 5367 866 5422 festi·
915 5371 1118 5433 convenerunt,
1131 5365 1161 5420 in
1174 5382 1221 5420 eus
1234 5365 1269 5420 ad
1281 5365 1389 5420 bellum
1404 5364 1597 5437 prosilierunt.
1611 5364 1725 5431 Franci,

48 5469 140 5532 naret,
167 5462 264 5534 eisque
288 5461 418 5516 similiter
437 5461 547 5531 juratas
567 5460 713 5532 pactiones
736 5461 863 5517 illibatas
914 5463 1092 5532 pugnaturos
1105 5477 1152 5514 eos
1164 5458 1302 5527 arbitrati,
1318 5475 1347 5512 se
1366 5457 1402 5513 ad
1424 5474 1551 5530 pugnam
1569 5473 1648 5512 more
1663 5473 1724 5511 cas·

48 5561 240 5621 conservaret,
265 5554 371 5610 scilicet
394 5560 424 5608 ut
451 5553 512 5625 ipse
540 5571 634 5611 comes
658 5556 814 5610 irremotus
835 5554 864 5609 iu
914 5553 1054 5609 trensium
1077 5551 1459 5626 praepamreruutmilitum,
1481 5551 1529 5608 sed
1552 5549 1657 5606 delusit
1678 5567 1726 5604 eos

47 5651 207 5711 ierusalem
221 5665 287 5706 curn
303 5648 357 5706 illis
378 5648 497 5718 veniret,
512 5649 593 5723 fltlgo
612 5649 727 5723 linguas
742 5647 862 5719 hujusce
914 5647 1057 5704 exinanita
1078 5663 1141 5720 spes
1161 5647 1284 5704 illorum.
1305 5645 1389 5703 Tucci
1409 5661 1536 5716 namque
1553 5657 1676 5695 versuum
1692 5640 1733 5692 ei-
