3750 6046
10 5606 16 5703 1

54 186 94 245 tsi
484 181 642 243 HISTORIA
664 183 931 243 ecclesiastice.
947 214 982 226 -·
995 185 1081 242 rhus
1100 186 1121 241 1.
1136 215 1171 228 -
1187 185 1251 243 Llll.
1273 182 1307 242 11.
1383 267 1386 275 Ι
1474 156 1478 163 ¹
1685 186 1735 244 let

52 312 152 367 udone
170 309 292 378 obtulit,
308 311 407 382 eisque
422 309 506 365 euius
525 310 716 365 hebdomade
724 309 870 383 jejunium
880 309 1026 395 Atatibus
1043 313 1072 365 et
1093 310 1238 382 periculis,
1259 311 1377 366 virtutes
1398 309 1560 365 orationum
1583 308 1644 382 ejus
1663 311 1737 365 salu·

10 416 13 457 1
53 422 129 478 igere
152 405 308 477 pracepit.
329 406 389 473 Quo
411 404 533 476 expleto,
553 403 707 476 baptizavit
726 421 783 474 eos,
803 422 868 460 cum
919 403 1010 459 briter
1024 404 1162 460 sentiunt.
1177 407 1248 463 Cum
1262 405 1363 476 quibus
1378 407 1406 460 et
1419 421 1472 476 ego
1486 407 1616 476 peccator
1629 406 1734 461 accedo

53 499 121 556 omui
143 499 303 571 parentela
324 502 353 553 et
376 498 717 570 affinitate,.famulisque
737 500 804 555 suis.
827 500 868 555 llli
919 497 1097 552 devotionem
1118 515 1216 553 meam
1236 499 1364 570 trepidus
1382 498 1513 567 exhibeo,
1535 500 1564 553 01
1585 497 1735 554 excellenti

54 599 143 649 autem
167 592 269 649 omnia
288 594 440 649 simulacra
457 592 615 663 fregerunt,
632 598 661 647 et
677 592 822 648 basilicam
839 595 869 649 iu
919 590 1072 646 silvatoris
1091 592 1182 646 arnico
1199 592 1228 646 in
1248 592 1304 647 fide
1318 595 1346 647 et
1366 608 1415 663 spe
1433 591 1550 646 devotus
1571 592 1731 647 orationem

55 689 168 743 nemine
184 687 278 742 saneti
296 685 424 752 loannis,
440 685 470 739 in
488 702 544 758 qua
562 685 623 758 ipse
638 691 801 758 assumptus
816 691 868 756 est,
921 684 1037 741 silendo
1054 701 1060 739 ε

54 781 274 837 lubricaverunt.
954 777 1102 834 Oleoaees
1117 779 1278 843 beatissime,
1294 778 1394 835 Christi
1411 781 1562 848 familiaris
1575 781 1670 841 amice,
1686 781 1733 849 qai

83 877 154 931 Cum
168 875 277 931 beatus
287 876 414 930 loannes
429 879 501 930 esset
513 889 657 928 annorum
674 873 829 947 nonaginta
841 880 869 929 et
918 873 1055 927 abeodem
1076 874 1186 928 Domino
1206 873 1735 943 100001001000·000100100,0110100

55 986 161 1039 nerem,
185 969 322 1041 apparuit
344 968 372 1023 ei
396 968 532 1025 Dominus
552 970 631 1023 lesus
655 967 782 1023 Christus
804 984 869 1022 cum
919 972 1026 1021 ceteros
1046 969 1133 1036 mepte
1148 967 1260 1022 dilectus
1280 972 1362 1036 atque
1380 968 1515 1035 repetatis
1532 966 1681 1021 celestibus
1694 966 1733 1021 ot·

55 1063 198 1136 discipulis
211 1063 271 1117 suis
284 1068 313 1118 et
327 1062 398 1117 dixit
410 1063 437 1117 ei
452 1079 458 1116 :
474 1083 488 1111 0
502 1062 572 1117 Veni
585 1060 622 1116 ad
637 1077 694 1128 me,
711 1060 778 1133 quia
793 1067 866 1116 tem·
919 1063 962 1114 tra
974 1075 1062 1115 amnes
1079 1060 1208 1122 imbutas,
1227 1060 1365 1131 apestolus
1385 1061 1442 1129 ejas
1457 1065 1482 1114 et
1497 1060 1664 1127 eeanpelista
1676 1061 1734 1127 tue·

55 1174 100 1229 pes
111 1162 155 1212 est
177 1162 210 1212 ut
230 1155 356 1228 epuleris
372 1155 401 1210 ia
421 1154 549 1210 convivio
568 1171 634 1210 meo
653 1155 868 1210 cumfratribus
919 1157 960 1209 tas
975 1169 1000 1209 es
1010 1154 1246 1224 preclarissimus,
1263 1160 1287 1208 te
1299 1155 1455 1224 suppliciter
1467 1153 1588 1219 obsecro;
1605 1168 1646 1208 me
1659 1154 1735 1208 mise-

55 1253 111 1307 tais.
129 1270 143 1302 s
159 1249 292 1321 Surgens
306 1252 405 1304 aulem
417 1253 559 1317 loannes,
573 1249 659 1320 coepit
674 1250 724 1304 ire.
741 1248 796 1305 Sed
813 1249 867 1303 Do·
918 1261 988 1308 rum,
1012 1252 1101 1301 iernen
1123 1247 1281 1314 ‹lilipeutem
1306 1253 1340 1309 ie,
1367 1248 1460 1316 dilipe,
1484 1262 1585 1316 queso,
1614 1247 1732 1316 meisque

56 1344 142 1399 uiuus
165 1343 242 1399 dixit
264 1344 291 1399 ei
312 1361 319 1397 :
343 1366 357 1393 «
376 1342 525 1398 [lominica
547 1342 764 1397 resurrectionis
784 1359 866 1410 inea,
917 1341 1041 1409 precibus
1061 1341 1173 1396 clemens
1192 1340 1337 1395 exauditor
1362 1341 1464 1396 irclesto.
1485 1340 1602 1396 Lectores
1623 1344 1731 1394 merset

57 1455 111 1510 qne
133 1441 200 1509 post
220 1436 353 1510 quinque
375 1436 437 1492 dies
457 1437 554 1493 lutura
576 1441 628 1507 est,
652 1437 692 1491 ita
713 1437 811 1490 venies
832 1436 868 1490 ad
918 1448 1061 1496 eremitas,
1078 1434 1175 1502 quihus
1188 1448 1274 1504 anper
1292 1435 1409 1496 assidue,
1423 1439 1448 1488 et
1463 1433 1637 1488 multimodas
1652 1434 1730 1503 infir-

56 1549 103 1588 me.
118 1556 132 1582 »
149 1534 187 1587 Ε1
199 1548 267 1588 eum
283 1531 346 1586 haee
364 1531 491 1598 dixisset,
508 1532 579 1587 coelo
599 1535 729 1602 receptus
748 1534 799 1585 est.
815 1530 866 1584 Vc·
918 1529 1024 1582 mitates
1049 1529 1166 1598 eorporis
1193 1530 1253 1591 mci,
1278 1543 1434 1597 sacrumque
1453 1528 1588 1583 molestias
1615 1542 1733 1582 meorum

57 1628 142 1682 mente
155 1627 256 1699 itaque
275 1625 434 1694 Dominica,
449 1625 582 1680 convenit
600 1624 637 1679 ad
648 1626 788 1680 loannem
808 1624 869 1678 uni·
917 1622 1026 1690 respice,
1043 1623 1197 1691 institisque
1207 1622 1344 1676 oieomhus
1358 1626 1382 1676 ct
1398 1621 1566 1676 orationibus
1577 1636 1628 1690 pro
1641 1635 1682 1674 me
1697 1619 1734 1674 cd

57 1736 126 1775 tersa
149 1719 311 1774 multitudo
333 1719 364 1773 in
389 1717 508 1774 ecclesia
531 1734 597 1789 qua
618 1717 648 1771 in
670 1718 731 1788 epis
753 1695 1059 1772 nomiuessDemirmm
1077 1716 1122 1785 pie
1143 1715 1241 1770 obicitis
1263 1731 1280 1767 0
1300 1730 1340 1769 me
1362 1716 1508 1784 efficaciter
1525 1730 1632 1780 omoee3
1655 1717 1692 1777 01,
1718 1729 1735 1767 0

57 1815 138 1869 luerat
149 1813 306 1879 fabricata3
317 1818 347 1868 et
364 1829 382 1866 a
399 1813 491 1884 primo
513 1811 657 1882 pullorum
676 1815 763 1866 cantu
780 1827 869 1883 agens
918 1809 1004 1878 eitlpis
1017 1808 1191 1871 emrtudatus,
1208 1807 1300 1862 divino
1314 1809 1401 1862 cultui
1415 1823 1520 1862 merear
1533 1822 1635 1876 semper
1646 1806 1733 1860 iulia-

57 1908 185 1976 nrsteria
209 1906 272 1974 Dei,
296 1922 411 1961 omnem
432 1905 571 1977 populum
594 1921 682 1977 usque
704 1905 742 1960 ad
764 1905 868 1960 horam
918 1907 1025 1964 ceraei
1043 1901 1410 1971 fidelinmeiceaephclanpi
1427 1903 1667 1970 suacinensem
1683 1901 1733 1956 So·

58 2000 104 2054 diei
117 2002 235 2056 tertiam
247 2000 389 2055 allocutos
402 2002 455 2066 est,
470 1999 568 2054 dicens
585 2015 591 2052 :
609 2020 623 2048 «
637 1999 749 2054 Fratres
760 2000 790 2053 et
803 2014 869 2054 eon·
920 1994 1000 2050 tacit
1012 1997 1042 2049 in
1056 2000 1186 2050 atomum
1199 1995 1322 2050 loedere.
1333 1995 1430 2049 Amen.

59 2094 119 2148 serii
133 2093 203 2162 mei,
224 2093 355 2149 heredes
368 2096 399 2147 et
416 2091 570 2165 participes
585 2091 669 2163 regui
687 2091 746 2162 Dei,
762 2108 868 2164 eogno-
1179 2088 1233 2143 Xll.
1247 2089 1362 2143 lacobus
1377 2091 1475 2143 inirem.

60 2189 114 2242 scite
130 2187 288 2243 Dominum
304 2193 436 2242 nostrum
455 2187 555 2241 lesum
569 2185 725 2256 Christum,
746 2191 869 2259 quantas
954 2181 1072 2236 lacobus
1094 2181 1195 2252 lliuor,
1219 2181 1292 2236 filias
1313 2182 1434 2254 Alphei,
1458 2181 1506 2254 qui
1527 2182 1557 2237 iu
1580 2180 1734 2253 Evangelio

60 2281 174 2351 virtutes,
189 2286 299 2352 quanta
319 2279 459 2352 prodigia,
480 2281 563 2350 signa
582 2295 697 2351 qnoque
717 2283 747 2335 et
760 2280 868 2334 charis·
920 2273 1085 2330 noruinatur
1097 2275 1187 2330 irater
1202 2275 1327 2343 Domini,
1345 2276 1413 2347 quia
1429 2276 1516 2331 Maria
1536 2293 1607 2331 uxor
1624 2275 1735 2347 Alphei

62 2380 136 2440 mata,
156 2373 292 2429 similiter
311 2378 339 2430 et
359 2373 517 2428 doctrinam
537 2388 590 2444 per
612 2388 659 2427 me
681 2372 759 2426 robis
780 2389 867 2443 prees·
920 2374 1072 2423 matertera
1094 2368 1147 2423 fuit
1161 2368 1261 2423 matris
1275 2369 1400 2439 Domini,
1414 2386 1501 2441 quam
1521 2368 1733 2425 111οι100101οο-

63 2468 147 2523 titerit.
175 2469 359 2523 Perseverate
389 2484 457 2538 ergo
490 2467 518 2520 in
549 2466 611 2537 ejus
645 2466 796 2520 mandatis.
828 2467 869 2522 llle
919 2462 985 2533 phae
997 2464 1120 2518 loannes
1133 2462 1314 2533 Evangelisla
1327 2463 1523 2533 cognominat,
1539 2463 1573 2517 ab
1588 2461 1733 2533 apostolis,

64 2562 154 2617 etenim
168 2561 379 2633 DominusJ'am
399 2561 434 2616 dc
457 2560 511 2616 hoe
526 2560 633 2615 mundo
647 2576 749 2615 vocare
766 2560 867 2632 digna·
919 2558 984 2628 post
1003 2555 1200 2610 ascensionem
1219 2555 1344 2622 Domini,
1364 2555 1606 2626 ierosolymorum
1626 2554 1732 2626 episco-

66 2664 108 2710 tur.
125 2678 139 2706 »
919 2667 971 2721 pus
987 2649 1083 2704 statim
1098 2650 1243 2704 ordinatus
1254 2653 1306 2715 est,
1322 2655 1349 2703 et
1364 2649 1493 2719 ejusdem
1504 2648 1579 2704 sedis
1594 2647 1735 2719 regimine

90 2751 152 2805 Post
170 2751 242 2818 hice,
255 2749 340 2820 juxta
358 2747 444 2802 altare
465 2747 636 2818 quadratam
654 2746 738 2817 jussit
758 2746 869 2800 foveam
920 2759 1074 2814 perennes
1093 2759 1144 2796 xxx
1167 2744 1273 2814 potitus
1293 2748 1344 2797 est.
1366 2744 1460 2814 lpsum
1480 2759 1589 2811 orienes,
1604 2745 1664 2797 tam
1683 2759 1734 2812 pro

66 2843 121 2909 heri,
136 2849 167 2897 et
183 2849 293 2898 terram
309 2841 371 2912 ejus
381 2840 458 2895 foras
474 2840 621 2896 ecclesiam
638 2839 748 2911 projici.
763 2838 870 2895 Deinde
920 2836 995 2890 illins
1009 2835 1098 2891 nimia
1112 2837 1261 2891 sanctitate
1275 2853 1362 2908 quam
1378 2854 1428 2907 pro
1444 2836 1599 2892 salvatoris
1612 2852 1733 2890 consau-

65 2939 156 2993 iucam
171 2935 333 3001 descendit,
346 2941 375 2991 et
389 2950 489 2989 manus
505 2951 568 2989 suas
583 2934 748 3005 expandens
763 2932 800 2988 ad
815 2936 869 2988 Do·
921 2929 1067 3001 guinitate,
1089 2930 1211 3000 apostoli
1228 2929 1419 2998 honorabant,
1444 2933 1471 2985 01
1494 2929 1529 2984 (10
1555 2928 1672 2984 diversis
1694 2944 1737 2983 re·

64 3029 276 3099 ninum,dixit:
291 3049 304 3078 0
316 3028 452 3083 Inritatus
462 3027 499 3082 ad
508 3027 671 3082 convivium
681 3032 762 3082 tnuur
776 3026 869 3097 venio,
922 3023 1063 3095 giouibus,
1079 3023 1148 3077 dum
1166 3024 1201 3078 ad
1215 3022 1432 3094 predicandum
1448 3024 1566 3094 dispersi
1580 3027 1686 3090 essent,
1701 3022 1737 3078 ad
1836 3028 1839 3033 '

63 3125 157 3195 gratias
176 3139 280 3194 agens,
300 3121 368 3193 quia
385 3137 431 3176 me
453 3120 588 3192 dignatus
608 3137 648 3189 es,
668 3120 787 3176 Domine
805 3122 872 3175 lesu
922 3118 1019 3188 ipsum
1037 3117 1163 3172 velutad
1182 3122 1294 3188 patrem
1309 3117 1481 3188 opportunis
1496 3117 1675 3188 temporibus
1689 3132 1735 3172 re·

61 3218 172 3284 Christe,
184 3216 222 3272 ad
236 3216 409 3287 tuasepulas
422 3214 552 3281 inritare,
567 3214 661 3269 sciens
674 3213 751 3285 qnod
764 3230 799 3268 ex
813 3218 870 3268 loto
922 3210 1082 3281 currebant,
1108 3211 1338 3282 necessariosque
1362 3212 1505 3266 consultus
1525 3211 1560 3265 ab
1583 3210 1654 3282 ipso,
1674 3215 1705 3266 ut
1721 3227 1738 3265 a

60 3311 135 3366 carde
159 3327 224 3365 meo
244 3308 445 3365 desiderabam
465 3314 504 3365 te.
526 3308 587 3363 Vidi
611 3307 715 3362 faciem
739 3312 827 3375 leani,
843 3311 873 3361 et
922 3304 1069 3376 magistro,
1084 3309 1170 3376 prout
1182 3305 1255 3359 ratio
1271 3303 1451 3376 deposcebat,
1466 3305 1614 3359 humiliter
1626 3303 1738 3376 flagita·

59 3405 130 3477 quasi
151 3405 187 3459 de
210 3404 342 3475 sepulcro
362 3402 512 3457 suscitatus
532 3419 607 3456 sum.
627 3401 705 3456 Dder
722 3404 787 3455 tuus
804 3417 871 3456 con·
922 3398 1005 3453 bant.
1047 3403 1049 3407 ’

58 3497 243 3570 cupiscenlins
257 3497 287 3553 in
301 3514 348 3553 me
362 3496 494 3552 excitavit
509 3500 640 3550 aeternas.
656 3496 712 3549 Vox
728 3503 777 3549 tna
789 3494 873 3566 plena
958 3493 1085 3548 Tandem
1105 3492 1228 3564 septimo
1246 3493 1367 3548 Neronis
1384 3493 1498 3564 imperii
1519 3509 1606 3562 anua,
1621 3494 1689 3548 dum
1707 3491 1737 3546 iu

58 3593 189 3648 suscitate
208 3590 357 3659 meDiDua,
373 3595 401 3644 et
419 3590 551 3646 allocutio
570 3593 619 3643 tua
641 3586 872 3659 incomparabilis
922 3587 1076 3641 Jerusalem
1088 3587 1259 3657 predicaret
1271 3586 1414 3643 Christum
1427 3587 1478 3641 Dei
1493 3587 1606 3654 Filium,
1618 3586 1652 3640 de
1666 3590 1738 3640 teue-

57 3692 96 3741 est
106 3684 230 3757 eloquiis
246 3684 427 3756 angelorum.
443 3682 537 3754 Opera
554 3693 602 3736 ma
615 3681 722 3752 scripsi,
737 3698 800 3752 quen
809 3697 874 3736 ocu·
924 3680 970 3751 plo
991 3697 1006 3733 a
1025 3680 1129 3734 ludaeis
1147 3679 1341 3751 precipitatus
1357 3683 1400 3734 cst
1420 3686 1448 3735 et
1466 3679 1618 3751 lapidatus,
1639 3677 1736 3749 ibique

56 3780 88 3833 lis
100 3779 174 3835 meis
187 3778 261 3844 vidi,
278 3783 308 3832 et
323 3775 486 3847 verbaque
500 3792 535 3831 ex
550 3791 598 3831 ore
613 3779 660 3830 tuo
673 3774 789 3829 auribus
802 3774 874 3828 meis
919 3773 1002 3845 juria
1012 3771 1152 3844 templum
1166 3773 1228 3828 Kal.
1245 3771 1306 3828 llaii
1320 3773 1457 3844 sepultas.

55 3873 161 3928 audiri.
184 3872 276 3940 Nunc,
297 3872 426 3938 Domine,
445 3868 615 3925 commenda
637 3867 689 3924 tibi
707 3867 780 3922 lilios
800 3873 872 3936 tuos,
961 3865 1146 3938 llegesippus,
1161 3867 1204 3921 vir
1217 3871 1332 3922 sanctus
1347 3870 1376 3920 et
1391 3865 1528 3934 eruditus,
1545 3865 1738 3937 apostoloram

56 3984 126 4038 quos
142 3966 193 4021 tibi
209 3965 286 4037 virgo
301 3967 393 4019 mater
410 3980 462 4036 per
475 3979 580 4033 aquam
595 3967 624 4017 et
641 3961 778 4033 Spiritum
792 3978 873 4016 sanc·
924 3959 1100 4031 temporibus
1126 3959 1247 4028 vicinus,
1275 3959 1305 4014 in
1332 3959 1432 4031 quinto
1461 3958 1738 4016 Commentariorum

55 4066 115 4115 tum
135 4057 318 4130 regeneravit
334 4056 470 4112 Ecclesia.
486 4055 603 4127 Suscipe
624 4071 670 4110 me
690 4057 722 4110 nt
736 4055 873 4110 0001100-
925 4071 1041 4109 suorum
1064 4054 1136 4109 libro
1155 4053 1253 4109 iacobi
1274 4054 1344 4109 lusti
1366 4053 1506 4121 meminit,
1526 4070 1645 4108 narrans
1662 4052 1738 4126 quod

55 4152 397 4220 t1·ibusmeissim,cum
417 4150 520 4222 quibus
541 4149 660 4204 veniens
679 4148 873 4204 invitastime.
925 4151 1075 4219 postquam
1103 4149 1199 4203 Festus
1223 4165 1339 4218 preses,
1365 4137 1464 4203 Felicis
1489 4165 1641 4215 successor,
1663 4144 1741 4218 apud

56 4247 144 4318 Aperi
162 4245 234 4301 mihi
250 4246 371 4318 januam
391 4244 464 4312 vitae,
487 4249 515 4298 et
534 4243 640 4315 perduc
659 4259 707 4297 me
726 4242 874 4297 01100001-
924 4242 1050 4296 tndaeam
1063 4241 1143 4309 abiit,
1156 4245 1185 4295 01
1198 4241 1346 4312 provincia
1360 4246 1470 4296 rectore
1482 4259 1516 4295 ac
1530 4242 1668 4313 principe,
1686 4257 1738 4295 an-

58 4342 134 4396 sium
149 4341 299 4413 epularum
316 4341 442 4406 tuarum,
454 4337 503 4392 ubi
518 4343 612 4392 lecum
626 4353 727 4392 omues
741 4334 825 4391 amici
835 4336 875 4390 tui
926 4341 1044 4406 tequam
1067 4334 1183 4389 Albinus
1203 4335 1376 4400 succederet,
1398 4335 1498 4403 carnit,
1513 4334 1633 4390 lacobus
1652 4335 1741 4388 frater

60 4434 221 4505 epulantur.
237 4434 279 4488 Tu
297 4449 328 4487 es
343 4432 420 4486 enim
436 4430 564 4486 Christus
578 4430 666 4485 Filius
687 4429 733 4484 Dei
749 4429 815 4497 visi,
829 4426 916 4500 quil)
930 4427 1053 4498 Domini,
1073 4427 1210 4483 sevitiam
1231 4427 1393 4483 indicorum
1412 4444 1519 4498 passus,
1536 4428 1570 4482 ad
1590 4426 1741 4482 Dominum

61 4534 202 4599 praecepto
218 4526 309 4582 Patris
332 4525 471 4581 mundum
493 4524 617 4579 salvasti.
636 4523 697 4578 Tibi
714 4523 819 4595 gratias
836 4539 878 4577 re·
929 4521 1081 4576 transierit.
1099 4520 1146 4575 liic
1167 4538 1199 4574 ex
1217 4526 1299 4576 utero
1315 4521 1415 4576 rnatris
1431 4527 1545 4575 sanetas
1562 4521 1627 4588 init,
1643 4519 1740 4573 vinum

62 4621 180 4675 ierimus
199 4637 251 4692 per
269 4619 384 4674 infinita
403 4619 573 4674 seculorum
588 4618 702 4673 saecula.
717 4639 731 4666 s
751 4618 878 4687 Cumque
928 4619 956 4669 et
978 4613 1099 4668 siceram
1120 4630 1179 4667 nou
1200 4613 1282 4680 bibit,
1308 4629 1400 4685 ueqiie
1417 4612 1521 4667 auirnal
1546 4612 1740 4667 marrducavit.

66 4714 158 4769 omnis
179 4714 301 4786 populus
319 4713 534 4785 respondisset:
557 4714 653 4779 Ameti,
671 4711 720 4765 lux
739 4714 877 4765 1001000-
929 4708 1045 4763 Ferrum
1065 4706 1198 4777 1000001
1220 4707 1282 4777 ejus
1300 4723 1357 4760 uon
1380 4706 1516 4772 ascendit,
1538 4707 1601 4761 olco
1622 4709 1742 4761 nonest

64 4825 113 4878 per
132 4807 294 4879 apostolum
314 4805 448 4878 apparuit
470 4822 521 4877 per
543 4822 630 4860 uriam
644 4804 704 4860 lere
725 4805 827 4859 horam
848 4810 879 4859 01
928 4804 1094 4872 perunctus,
1108 4799 1217 4854 balneis
1232 4816 1289 4854 non
1309 4804 1352 4853 est
1368 4816 1444 4854 usus.
1462 4800 1555 4856 10000
1570 4817 1626 4855 000
1641 4799 1741 4855 uteba·

66 4901 155 4957 nullas
182 4905 235 4973 1211
258 4900 392 4956 sufferret
413 4904 553 4971 aspectus.
579 4899 676 4954 l‘ostea
699 4898 815 4952 inventa
838 4900 880 4952 est
929 4900 976 4950 tur
993 4894 1174 4964 indumento,
1193 4893 1241 4948 sed
1263 4896 1376 4948 tantum
1398 4893 1529 4950 sindone.
1546 4894 1627 4950 Solus
1644 4895 1754 4966 ingre--

65 4996 110 5051 illa
133 4996 217 5051 lovea
244 4996 343 5067 plena,
365 4993 436 5050 nihil
463 4993 541 5048 aliud
571 4994 601 5047 in
629 5010 658 5048 se
686 4992 797 5047 habeus
826 4991 879 5046 nisi
930 4988 1062 5043 diebatur
1089 4987 1240 5059 templum,
1263 4994 1290 5042 rt
1315 4988 1429 5059 jacebat
1453 5005 1537 5060 super
1564 5005 1659 5060 garena
1682 5006 1744 5058 sua,

66 5106 178 5160 manna,
200 5105 289 5161 qaam
309 5103 400 5160 nsque
420 5087 508 5142 hodie
529 5089 606 5141 locus
625 5087 685 5157 ipse
706 5086 808 5157 giguit,
829 5085 879 5140 nbi
931 5099 1015 5138 orans
1030 5098 1081 5153 pro
1096 5082 1193 5153 populi
1207 5082 1402 5153 indulgentia,
1418 5082 1457 5136 ita
1472 5089 1503 5137 01
1516 5082 1600 5136 callos
1620 5082 1649 5136 in
1662 5083 1744 5154 geni-

65 5199 163 5255 magua
191 5182 400 5238 miraculorum
428 5181 510 5252 eopia
541 5179 670 5252 specialis
700 5178 786 5234 amici
814 5181 880 5234 lesu
929 5175 992 5244 bus,
1008 5173 1170 5230 1010οὰ0ιο
1186 5175 1297 5243 carneli,
1313 5175 1747 5246 iacereterande,gerruasem·

66 5277 162 5332 Christi
181 5276 293 5332 meritis
311 5274 476 5330 crebrescit.
490 5273 558 5329 lllne
575 5272 714 5327 nimirum
730 5271 813 5327 mulli
832 5288 877 5326 ac·
930 5285 983 5340 per
1003 5268 1152 5336 flectendo,
1168 5285 1221 5323 nec
1242 5285 1369 5342 unquam
1390 5270 1425 5324 ab
1445 5269 1574 5325 oratioue
1594 5268 1743 5323 cessanda.

66 5375 188 5441 currunt,
203 5373 271 5426 rota
285 5373 315 5424 et
328 5367 470 5424 orationes
483 5368 543 5423 Deo
562 5367 698 5434 fundunt,
716 5365 879 5438 meritisque
930 5363 1026 5433 ltaque
1040 5378 1090 5433 pro
1110 5362 1271 5417 incredibili
1290 5363 1468 5418 coutinentia
1489 5369 1517 5418 et
1533 5379 1645 5417 sunrma
1662 5361 1746 5432 justi-

67 5467 147 5521 saneti
158 5463 277 5522 loannis
292 5462 414 5535 apostoli
426 5465 454 5519 et
466 5461 651 5534 evangelistae
667 5465 797 5533 optatum
812 5477 878 5532 pre·
930 5456 980 5526 tia,
998 5456 1157 5528 appellatus
1171 5459 1213 5511 est
1228 5458 1322 5512 iustus
1340 5461 1364 5513 el
1382 5458 1485 5524 Dblias,
1507 5456 1582 5527 qnod
1597 5460 1746 5512 01001000-

66 5574 125 5614 cum
137 5575 255 5615 suarem
270 5556 404 5612 ellectum
419 5555 590 5628 percipiunt,
606 5558 642 5623 et,
658 5553 745 5628 pulsis
759 5553 878 5610 101100ιί-
931 5557 986 5608 tere
1000 5551 1098 5622 populi
1110 5549 1324 5622 interpretatur.

92 5761 139 5826 {itt
152 5758 308 5815 Duchesae
321 5760 348 5810 et
362 5756 400 5810 Le
414 5756 527 5810 Drerost
538 5752 638 5809 ealles.
