<?xml version="1.0" encoding="UTF-8"?>
<!DOCTYPE html PUBLIC "-//W3C//DTD XHTML 1.0 Transitional//EN"
    "http://www.w3.org/TR/xhtml1/DTD/xhtml1-transitional.dtd">
<html xmlns="http://www.w3.org/1999/xhtml" xml:lang="en" lang="en">
 <head>
  <title>
</title>
<meta http-equiv="Content-Type" content="text/html;charset=utf-8" />
  <meta name='ocr-system' content='tesseract 3.04.00' />
  <meta name='ocr-capabilities' content='ocr_page ocr_carea ocr_par ocr_line ocrx_word'/>
</head>
<body>
  <div class='ocr_page' id='page_1' title='image "./patrologiaecurs67unkngoog_0490.png"; bbox 0 0 3750 6046; ppageno 0'>
   <div class='ocr_carea' id='block_1_1' title="bbox 64 212 1750 280">
    <p class='ocr_par' dir='ltr' id='par_1_1' title="bbox 64 212 1750 280">
     <span class='ocr_line' id='line_1_1' title="bbox 64 212 1750 280; baseline 0.004 -7"><span class='ocrx_word' id='word_1_1' title='bbox 64 214 119 273; x_wconf 74' lang='grc'><strong>973</strong></span> <span class='ocrx_word' id='word_1_2' title='bbox 477 212 634 276; x_wconf 77' lang='lat' dir='ltr'><strong>lllslonll</strong></span> <span class='ocrx_word' id='word_1_3' title='bbox 652 215 921 277; x_wconf 78' lang='lat' dir='ltr'><strong>Eculesllsvlull.</strong></span> <span class='ocrx_word' id='word_1_4' title='bbox 941 244 975 259; x_wconf 88' lang='lat'><strong>·-</strong></span> <span class='ocrx_word' id='word_1_5' title='bbox 990 214 1076 275; x_wconf 77' lang='lat' dir='ltr'><strong>llas</strong></span> <span class='ocrx_word' id='word_1_6' title='bbox 1095 216 1140 273; x_wconf 93' lang='lat' dir='ltr'><strong>lll.</strong></span> <span class='ocrx_word' id='word_1_7' title='bbox 1160 248 1195 258; x_wconf 98' lang='lat'>-</span> <span class='ocrx_word' id='word_1_8' title='bbox 1210 217 1274 276; x_wconf 76' lang='lat' dir='ltr'><strong>llll.</strong></span> <span class='ocrx_word' id='word_1_9' title='bbox 1294 218 1364 276; x_wconf 91' lang='lat' dir='ltr'><strong>lllll.</strong></span> <span class='ocrx_word' id='word_1_10' title='bbox 1696 222 1750 280; x_wconf 70' lang='lat'><strong>9:74</strong></span> 
     </span>
    </p>
   </div>
   <div class='ocr_carea' id='block_1_2' title="bbox 57 337 1859 3699">
    <p class='ocr_par' dir='ltr' id='par_1_2' title="bbox 57 337 1859 3699">
     <span class='ocr_line' id='line_1_2' title="bbox 63 337 1836 429; baseline 0.003 -34"><span class='ocrx_word' id='word_1_11' title='bbox 63 337 195 395; x_wconf 89' lang='lat' dir='ltr'><strong>millibus</strong></span> <span class='ocrx_word' id='word_1_12' title='bbox 208 337 378 407; x_wconf 81' lang='lat' dir='ltr'><strong>discurrens,</strong></span> <span class='ocrx_word' id='word_1_13' title='bbox 395 339 523 411; x_wconf 80' lang='lat' dir='ltr'><strong>praedam</strong></span> <span class='ocrx_word' id='word_1_14' title='bbox 538 340 717 398; x_wconf 80' lang='lat' dir='ltr'><strong>redeuntium</strong></span> <span class='ocrx_word' id='word_1_15' title='bbox 737 343 767 397; x_wconf 87' lang='lat' dir='ltr'><strong>el</strong></span> <span class='ocrx_word' id='word_1_16' title='bbox 785 357 883 397; x_wconf 89' lang='lat' dir='ltr'><strong>secure</strong></span> <span class='ocrx_word' id='word_1_17' title='bbox 893 340 1113 429; x_wconf 59' lang='lat' dir='ltr'><strong>Alnuoeentius</strong></span> <span class='ocrx_word' id='word_1_18' title='bbox 1122 357 1197 413; x_wconf 90' lang='lat' dir='ltr'><strong>papa</strong></span> <span class='ocrx_word' id='word_1_19' title='bbox 1210 343 1231 397; x_wconf 93' lang='lat' dir='ltr'><strong>ll</strong></span> <span class='ocrx_word' id='word_1_20' title='bbox 1249 342 1348 397; x_wconf 79' lang='lat' dir='ltr'><strong>Romae</strong></span> <span class='ocrx_word' id='word_1_21' title='bbox 1362 341 1391 397; x_wconf 91' lang='lat' dir='ltr'><strong>in</strong></span> <span class='ocrx_word' id='word_1_22' title='bbox 1405 341 1498 399; x_wconf 88' lang='lat' dir='ltr'><strong>medio</strong></span> <span class='ocrx_word' id='word_1_23' title='bbox 1514 342 1748 417; x_wconf 79' lang='lat' dir='ltr'><strong>Ottadragesimac</strong></span> <span class='ocrx_word' id='word_1_24' title='bbox 1833 338 1836 343; x_wconf 74' lang='grc'><strong>’</strong></span> 
     </span>
     <span class='ocr_line' id='line_1_3' title="bbox 65 432 1746 509; baseline 0.004 -21"><span class='ocrx_word' id='word_1_25' title='bbox 65 432 277 506; x_wconf 74' lang='lat' dir='ltr'><strong>quiescentium</strong></span> <span class='ocrx_word' id='word_1_26' title='bbox 296 432 424 506; x_wconf 87' lang='lat' dir='ltr'><strong>diripuit,</strong></span> <span class='ocrx_word' id='word_1_27' title='bbox 445 434 572 489; x_wconf 73' lang='lat' dir='ltr'><strong>caedibus</strong></span> <span class='ocrx_word' id='word_1_28' title='bbox 600 438 629 489; x_wconf 87' lang='lat' dir='ltr'><strong>et</strong></span> <span class='ocrx_word' id='word_1_29' title='bbox 650 434 759 507; x_wconf 91' lang='lat' dir='ltr'><strong>rapinis</strong></span> <span class='ocrx_word' id='word_1_30' title='bbox 782 435 883 506; x_wconf 89' lang='lat' dir='ltr'><strong>ingens</strong></span> <span class='ocrx_word' id='word_1_31' title='bbox 934 433 1035 506; x_wconf 91' lang='lat' dir='ltr'><strong>ingens</strong></span> <span class='ocrx_word' id='word_1_32' title='bbox 1051 434 1203 490; x_wconf 90' lang='lat' dir='ltr'><strong>concilium</strong></span> <span class='ocrx_word' id='word_1_33' title='bbox 1218 436 1321 502; x_wconf 90' lang='lat' dir='ltr'><strong>lenuit,</strong></span> <span class='ocrx_word' id='word_1_34' title='bbox 1336 440 1365 491; x_wconf 91' lang='lat' dir='ltr'><strong>et</strong></span> <span class='ocrx_word' id='word_1_35' title='bbox 1375 436 1551 493; x_wconf 87' lang='lat' dir='ltr'><strong>multitudini</strong></span> <span class='ocrx_word' id='word_1_36' title='bbox 1565 437 1746 509; x_wconf 73' lang='lat' dir='ltr'><strong>praelatorum</strong></span> 
     </span>
     <span class='ocr_line' id='line_1_4' title="bbox 64 524 1749 605; baseline 0.004 -23"><span class='ocrx_word' id='word_1_37' title='bbox 64 524 209 583; x_wconf 90' lang='lat' dir='ltr'><strong>damnum</strong></span> <span class='ocrx_word' id='word_1_38' title='bbox 231 527 418 584; x_wconf 82' lang='lat' dir='ltr'><strong>llermannlae</strong></span> <span class='ocrx_word' id='word_1_39' title='bbox 431 527 537 598; x_wconf 89' lang='lat' dir='ltr'><strong>intulit,</strong></span> <span class='ocrx_word' id='word_1_40' title='bbox 551 531 578 583; x_wconf 92' lang='lat' dir='ltr'><strong>et</strong></span> <span class='ocrx_word' id='word_1_41' title='bbox 594 544 645 600; x_wconf 92' lang='lat' dir='ltr'><strong>per</strong></span> <span class='ocrx_word' id='word_1_42' title='bbox 660 532 716 585; x_wconf 89' lang='lat' dir='ltr'><strong>tres</strong></span> <span class='ocrx_word' id='word_1_43' title='bbox 730 528 885 584; x_wconf 91' lang='lat' dir='ltr'><strong>hebdoma·</strong></span> <span class='ocrx_word' id='word_1_44' title='bbox 935 532 1037 584; x_wconf 82' lang='lat' dir='ltr'><strong>statuta</strong></span> <span class='ocrx_word' id='word_1_45' title='bbox 1049 534 1211 584; x_wconf 88' lang='lat' dir='ltr'><strong>sanctorum</strong></span> <span class='ocrx_word' id='word_1_46' title='bbox 1236 530 1349 584; x_wconf 81' lang='lat' dir='ltr'><strong>Petrum</strong></span> <span class='ocrx_word' id='word_1_47' title='bbox 1364 529 1749 605; x_wconf 84' lang='lat' dir='ltr'><strong>inviolabiliterlcneriproe·</strong></span> 
     </span>
     <span class='ocr_line' id='line_1_5' title="bbox 63 618 1747 696; baseline 0.004 -20"><span class='ocrx_word' id='word_1_48' title='bbox 63 618 118 676; x_wconf 94' lang='lat' dir='ltr'><strong>das</strong></span> <span class='ocrx_word' id='word_1_49' title='bbox 130 638 147 675; x_wconf 93' lang='lat' dir='ltr'><strong>a</strong></span> <span class='ocrx_word' id='word_1_50' title='bbox 162 621 297 677; x_wconf 77' lang='lat' dir='ltr'><strong>feralibus</strong></span> <span class='ocrx_word' id='word_1_51' title='bbox 310 621 452 678; x_wconf 85' lang='lat' dir='ltr'><strong>exercitiis</strong></span> <span class='ocrx_word' id='word_1_52' title='bbox 465 639 526 677; x_wconf 91' lang='lat' dir='ltr'><strong>non</strong></span> <span class='ocrx_word' id='word_1_53' title='bbox 540 623 667 678; x_wconf 87' lang='lat' dir='ltr'><strong>cessavit.</strong></span> <span class='ocrx_word' id='word_1_54' title='bbox 934 623 1018 693; x_wconf 90' lang='lat' dir='ltr'><strong>cepit.</strong></span> <span class='ocrx_word' id='word_1_55' title='bbox 1035 623 1076 678; x_wconf 87' lang='lat' dir='ltr'><strong>De</strong></span> <span class='ocrx_word' id='word_1_56' title='bbox 1090 622 1189 679; x_wconf 90' lang='lat' dir='ltr'><strong>multis</strong></span> <span class='ocrx_word' id='word_1_57' title='bbox 1202 622 1366 695; x_wconf 86' lang='lat' dir='ltr'><strong>regionibns</strong></span> <span class='ocrx_word' id='word_1_58' title='bbox 1377 623 1460 680; x_wconf 85' lang='lat' dir='ltr'><strong>exciti</strong></span> <span class='ocrx_word' id='word_1_59' title='bbox 1473 625 1509 680; x_wconf 88' lang='lat' dir='ltr'><strong>ad</strong></span> <span class='ocrx_word' id='word_1_60' title='bbox 1522 625 1663 696; x_wconf 79' lang='lat' dir='ltr'><strong>synodum</strong></span> <span class='ocrx_word' id='word_1_61' title='bbox 1678 642 1747 683; x_wconf 90' lang='lat' dir='ltr'><strong>cen·</strong></span> 
     </span>
     <span class='ocr_line' id='line_1_6' title="bbox 100 714 1748 790; baseline 0.004 -21"><span class='ocrx_word' id='word_1_62' title='bbox 100 715 235 770; x_wconf 82' lang='lat' dir='ltr'><strong>Telcham</strong></span> <span class='ocrx_word' id='word_1_63' title='bbox 249 714 279 770; x_wconf 93' lang='lat' dir='ltr'><strong>in</strong></span> <span class='ocrx_word' id='word_1_64' title='bbox 301 715 386 771; x_wconf 89' lang='lat' dir='ltr'><strong>initio</strong></span> <span class='ocrx_word' id='word_1_65' title='bbox 405 715 575 772; x_wconf 87' lang='lat' dir='ltr'><strong>Novembris</strong></span> <span class='ocrx_word' id='word_1_66' title='bbox 590 717 680 783; x_wconf 89' lang='lat' dir='ltr'><strong>venit,</strong></span> <span class='ocrx_word' id='word_1_67' title='bbox 700 716 797 788; x_wconf 86' lang='lat' dir='ltr'><strong>ibique</strong></span> <span class='ocrx_word' id='word_1_68' title='bbox 812 733 883 789; x_wconf 92' lang='lat' dir='ltr'><strong>opu·</strong></span> <span class='ocrx_word' id='word_1_69' title='bbox 934 719 1082 785; x_wconf 87' lang='lat' dir='ltr'><strong>venerant,</strong></span> <span class='ocrx_word' id='word_1_70' title='bbox 1098 721 1127 773; x_wconf 91' lang='lat' dir='ltr'><strong>et</strong></span> <span class='ocrx_word' id='word_1_71' title='bbox 1141 717 1195 772; x_wconf 92' lang='lat' dir='ltr'><strong>hac</strong></span> <span class='ocrx_word' id='word_1_72' title='bbox 1209 717 1246 772; x_wconf 89' lang='lat' dir='ltr'><strong>da</strong></span> <span class='ocrx_word' id='word_1_73' title='bbox 1260 733 1345 772; x_wconf 90' lang='lat' dir='ltr'><strong>eausa</strong></span> <span class='ocrx_word' id='word_1_74' title='bbox 1354 716 1478 773; x_wconf 88' lang='lat' dir='ltr'><strong>brumali</strong></span> <span class='ocrx_word' id='word_1_75' title='bbox 1493 720 1625 790; x_wconf 90' lang='lat' dir='ltr'><strong>tempore</strong></span> <span class='ocrx_word' id='word_1_76' title='bbox 1638 720 1748 790; x_wconf 90' lang='lat' dir='ltr'><strong>pericu·</strong></span> 
     </span>
     <span class='ocr_line' id='line_1_7' title="bbox 63 808 1747 883; baseline 0.004 -20"><span class='ocrx_word' id='word_1_77' title='bbox 63 808 179 865; x_wconf 85' lang='lat' dir='ltr'><strong>lentum</strong></span> <span class='ocrx_word' id='word_1_78' title='bbox 204 808 332 882; x_wconf 89' lang='lat' dir='ltr'><strong>burgum</strong></span> <span class='ocrx_word' id='word_1_79' title='bbox 359 809 476 877; x_wconf 90' lang='lat' dir='ltr'><strong>invenit,</strong></span> <span class='ocrx_word' id='word_1_80' title='bbox 500 815 528 867; x_wconf 92' lang='lat' dir='ltr'><strong>et</strong></span> <span class='ocrx_word' id='word_1_81' title='bbox 548 811 670 866; x_wconf 89' lang='lat' dir='ltr'><strong>vicinam</strong></span> <span class='ocrx_word' id='word_1_82' title='bbox 694 810 885 867; x_wconf 91' lang='lat' dir='ltr'><strong>munitionem</strong></span> <span class='ocrx_word' id='word_1_83' title='bbox 933 809 1242 879; x_wconf 88' lang='lat' dir='ltr'><strong>losumiterinierunt,</strong></span> <span class='ocrx_word' id='word_1_84' title='bbox 1258 810 1434 883; x_wconf 88' lang='lat' dir='ltr'><strong>sicqueenm</strong></span> <span class='ocrx_word' id='word_1_85' title='bbox 1449 811 1676 868; x_wconf 86' lang='lat' dir='ltr'><strong>mullissuatum</strong></span> <span class='ocrx_word' id='word_1_86' title='bbox 1692 813 1747 871; x_wconf 87' lang='lat' dir='ltr'><strong>dis·</strong></span> 
     </span>
     <span class='ocr_line' id='line_1_8' title="bbox 64 902 1748 977; baseline 0.004 -20"><span class='ocrx_word' id='word_1_87' title='bbox 64 902 229 958; x_wconf 80' lang='lat' dir='ltr'><strong>Bonsevilla</strong></span> <span class='ocrx_word' id='word_1_88' title='bbox 240 902 270 957; x_wconf 90' lang='lat' dir='ltr'><strong>in</strong></span> <span class='ocrx_word' id='word_1_89' title='bbox 284 902 438 958; x_wconf 88' lang='lat' dir='ltr'><strong>crastinum</strong></span> <span class='ocrx_word' id='word_1_90' title='bbox 450 919 613 975; x_wconf 85' lang='lat' dir='ltr'><strong>expugnare</strong></span> <span class='ocrx_word' id='word_1_91' title='bbox 623 904 793 977; x_wconf 74' lang='lat' dir='ltr'><strong>peroptavit.</strong></span> <span class='ocrx_word' id='word_1_92' title='bbox 806 905 885 960; x_wconf 82' lang='lat' dir='ltr'><strong>Tunc</strong></span> <span class='ocrx_word' id='word_1_93' title='bbox 934 903 1046 976; x_wconf 90' lang='lat' dir='ltr'><strong>pendils</strong></span> <span class='ocrx_word' id='word_1_94' title='bbox 1060 919 1157 958; x_wconf 91' lang='lat' dir='ltr'><strong>rerum</strong></span> <span class='ocrx_word' id='word_1_95' title='bbox 1170 906 1299 961; x_wconf 82' lang='lat' dir='ltr'><strong>Romana</strong></span> <span class='ocrx_word' id='word_1_96' title='bbox 1312 904 1418 961; x_wconf 85' lang='lat' dir='ltr'><strong>moenia</strong></span> <span class='ocrx_word' id='word_1_97' title='bbox 1440 904 1578 962; x_wconf 91' lang='lat' dir='ltr'><strong>viderant.</strong></span> <span class='ocrx_word' id='word_1_98' title='bbox 1592 906 1678 963; x_wconf 85' lang='lat' dir='ltr'><strong>hlulta</strong></span> <span class='ocrx_word' id='word_1_99' title='bbox 1691 907 1748 963; x_wconf 90' lang='lat' dir='ltr'><strong>illis</strong></span> 
     </span>
     <span class='ocr_line' id='line_1_9' title="bbox 64 995 1747 1074; baseline 0.005 -23"><span class='ocrx_word' id='word_1_100' title='bbox 64 995 168 1052; x_wconf 87' lang='lat' dir='ltr'><strong>hostes</strong></span> <span class='ocrx_word' id='word_1_101' title='bbox 184 996 214 1051; x_wconf 90' lang='lat' dir='ltr'><strong>in</strong></span> <span class='ocrx_word' id='word_1_102' title='bbox 238 997 357 1067; x_wconf 84' lang='lat' dir='ltr'><strong>praelata</strong></span> <span class='ocrx_word' id='word_1_103' title='bbox 372 997 438 1051; x_wconf 88' lang='lat' dir='ltr'><strong>villa</strong></span> <span class='ocrx_word' id='word_1_104' title='bbox 462 998 563 1053; x_wconf 89' lang='lat' dir='ltr'><strong>domos</strong></span> <span class='ocrx_word' id='word_1_105' title='bbox 579 999 698 1070; x_wconf 88' lang='lat' dir='ltr'><strong>amplas,</strong></span> <span class='ocrx_word' id='word_1_106' title='bbox 713 999 762 1054; x_wconf 90' lang='lat' dir='ltr'><strong>sed</strong></span> <span class='ocrx_word' id='word_1_107' title='bbox 784 1014 885 1055; x_wconf 85' lang='lat' dir='ltr'><strong>vacuas</strong></span> <span class='ocrx_word' id='word_1_108' title='bbox 934 1013 1010 1069; x_wconf 89' lang='lat' dir='ltr'><strong>papa</strong></span> <span class='ocrx_word' id='word_1_109' title='bbox 1022 997 1059 1053; x_wconf 94' lang='lat' dir='ltr'><strong>de</strong></span> <span class='ocrx_word' id='word_1_110' title='bbox 1078 996 1176 1069; x_wconf 89' lang='lat' dir='ltr'><strong>priscis</strong></span> <span class='ocrx_word' id='word_1_111' title='bbox 1190 997 1336 1054; x_wconf 82' lang='lat' dir='ltr'><strong>codicibus</strong></span> <span class='ocrx_word' id='word_1_112' title='bbox 1358 999 1526 1071; x_wconf 87' lang='lat' dir='ltr'><strong>propalavit,</strong></span> <span class='ocrx_word' id='word_1_113' title='bbox 1541 999 1747 1074; x_wconf 80' lang='lat' dir='ltr'><strong>insignemque</strong></span> 
     </span>
     <span class='ocr_line' id='line_1_10' title="bbox 66 1088 1745 1167; baseline 0.004 -22"><span class='ocrx_word' id='word_1_114' title='bbox 66 1088 251 1158; x_wconf 83' lang='lat' dir='ltr'><strong>invenerunt,</strong></span> <span class='ocrx_word' id='word_1_115' title='bbox 261 1091 289 1145; x_wconf 92' lang='lat' dir='ltr'><strong>in</strong></span> <span class='ocrx_word' id='word_1_116' title='bbox 300 1090 619 1162; x_wconf 88' lang='lat' dir='ltr'><strong>quibustriumphantes</strong></span> <span class='ocrx_word' id='word_1_117' title='bbox 633 1092 895 1167; x_wconf 86' lang='lat' dir='ltr'><strong>temerehospitati</strong></span> <span class='ocrx_word' id='word_1_118' title='bbox 934 1106 1079 1146; x_wconf 89' lang='lat' dir='ltr'><strong>sacrorum</strong></span> <span class='ocrx_word' id='word_1_119' title='bbox 1092 1091 1271 1148; x_wconf 88' lang='lat' dir='ltr'><strong>decretorum</strong></span> <span class='ocrx_word' id='word_1_120' title='bbox 1286 1095 1395 1147; x_wconf 84' lang='lat' dir='ltr'><strong>textum</strong></span> <span class='ocrx_word' id='word_1_121' title='bbox 1417 1093 1570 1165; x_wconf 79' lang='lat' dir='ltr'><strong>congessit.</strong></span> <span class='ocrx_word' id='word_1_122' title='bbox 1586 1094 1642 1151; x_wconf 89' lang='lat' dir='ltr'><strong>Sed</strong></span> <span class='ocrx_word' id='word_1_123' title='bbox 1659 1095 1745 1151; x_wconf 78' lang='lat' dir='ltr'><strong>nimis</strong></span> 
     </span>
     <span class='ocr_line' id='line_1_11' title="bbox 65 1183 1749 1260; baseline 0.004 -22"><span class='ocrx_word' id='word_1_124' title='bbox 65 1190 144 1254; x_wconf 90' lang='lat' dir='ltr'><strong>sunt,</strong></span> <span class='ocrx_word' id='word_1_125' title='bbox 161 1186 191 1239; x_wconf 88' lang='lat' dir='ltr'><strong>et</strong></span> <span class='ocrx_word' id='word_1_126' title='bbox 204 1184 353 1256; x_wconf 90' lang='lat' dir='ltr'><strong>splendida</strong></span> <span class='ocrx_word' id='word_1_127' title='bbox 365 1184 419 1239; x_wconf 92' lang='lat' dir='ltr'><strong>sibi</strong></span> <span class='ocrx_word' id='word_1_128' title='bbox 432 1184 559 1239; x_wconf 89' lang='lat' dir='ltr'><strong>convivia</strong></span> <span class='ocrx_word' id='word_1_129' title='bbox 573 1192 755 1256; x_wconf 87' lang='lat' dir='ltr'><strong>paraverunt.</strong></span> <span class='ocrx_word' id='word_1_130' title='bbox 772 1186 884 1241; x_wconf 84' lang='lat' dir='ltr'><strong>Interea</strong></span> <span class='ocrx_word' id='word_1_131' title='bbox 934 1183 1081 1239; x_wconf 88' lang='lat' dir='ltr'><strong>abundans</strong></span> <span class='ocrx_word' id='word_1_132' title='bbox 1096 1201 1148 1255; x_wconf 93' lang='lat' dir='ltr'><strong>per</strong></span> <span class='ocrx_word' id='word_1_133' title='bbox 1158 1185 1322 1241; x_wconf 88' lang='lat' dir='ltr'><strong>universum</strong></span> <span class='ocrx_word' id='word_1_134' title='bbox 1335 1186 1434 1241; x_wconf 93' lang='lat' dir='ltr'><strong>orbem</strong></span> <span class='ocrx_word' id='word_1_135' title='bbox 1451 1186 1578 1259; x_wconf 86' lang='lat' dir='ltr'><strong>nequitia</strong></span> <span class='ocrx_word' id='word_1_136' title='bbox 1591 1189 1749 1260; x_wconf 87' lang='lat' dir='ltr'><strong>terrigena·</strong></span> 
     </span>
     <span class='ocr_line' id='line_1_12' title="bbox 67 1277 1746 1351; baseline 0.004 -19"><span class='ocrx_word' id='word_1_137' title='bbox 67 1277 138 1333; x_wconf 93' lang='lat' dir='ltr'><strong>dum</strong></span> <span class='ocrx_word' id='word_1_138' title='bbox 161 1278 473 1349; x_wconf 83' lang='lat' dir='ltr'><strong>noxproiundacsset,</strong></span> <span class='ocrx_word' id='word_1_139' title='bbox 497 1283 525 1334; x_wconf 90' lang='lat' dir='ltr'><strong>et</strong></span> <span class='ocrx_word' id='word_1_140' title='bbox 539 1279 640 1334; x_wconf 88' lang='lat' dir='ltr'><strong>hostile</strong></span> <span class='ocrx_word' id='word_1_141' title='bbox 654 1296 757 1351; x_wconf 90' lang='lat' dir='ltr'><strong>agmen</strong></span> <span class='ocrx_word' id='word_1_142' title='bbox 778 1279 808 1334; x_wconf 94' lang='lat' dir='ltr'><strong>in</strong></span> <span class='ocrx_word' id='word_1_143' title='bbox 822 1279 883 1335; x_wconf 91' lang='lat' dir='ltr'><strong>aliis</strong></span> <span class='ocrx_word' id='word_1_144' title='bbox 934 1293 999 1333; x_wconf 94' lang='lat' dir='ltr'><strong>rum</strong></span> <span class='ocrx_word' id='word_1_145' title='bbox 1027 1279 1114 1333; x_wconf 88' lang='lat' dir='ltr'><strong>corda</strong></span> <span class='ocrx_word' id='word_1_146' title='bbox 1147 1282 1246 1334; x_wconf 86' lang='lat' dir='ltr'><strong>contra</strong></span> <span class='ocrx_word' id='word_1_147' title='bbox 1275 1279 1463 1335; x_wconf 88' lang='lat' dir='ltr'><strong>ecclesiastica</strong></span> <span class='ocrx_word' id='word_1_148' title='bbox 1488 1280 1557 1336; x_wconf 90' lang='lat' dir='ltr'><strong>scita</strong></span> <span class='ocrx_word' id='word_1_149' title='bbox 1585 1281 1746 1339; x_wconf 81' lang='lat' dir='ltr'><strong>obduravit.</strong></span> 
     </span>
     <span class='ocr_line' id='line_1_13' title="bbox 66 1371 1747 1447; baseline 0.003 -20"><span class='ocrx_word' id='word_1_150' title='bbox 66 1371 203 1428; x_wconf 88' lang='lat' dir='ltr'><strong>domibus</strong></span> <span class='ocrx_word' id='word_1_151' title='bbox 235 1388 333 1427; x_wconf 89' lang='lat' dir='ltr'><strong>secure</strong></span> <span class='ocrx_word' id='word_1_152' title='bbox 368 1372 541 1444; x_wconf 82' lang='lat' dir='ltr'><strong>quiesceret,</strong></span> <span class='ocrx_word' id='word_1_153' title='bbox 574 1372 669 1428; x_wconf 88' lang='lat' dir='ltr'><strong>subito</strong></span> <span class='ocrx_word' id='word_1_154' title='bbox 703 1372 882 1442; x_wconf 88' lang='lat' dir='ltr'><strong>Guillalmus,</strong></span> <span class='ocrx_word' id='word_1_155' title='bbox 934 1371 1016 1428; x_wconf 90' lang='lat' dir='ltr'><strong>Unde</strong></span> <span class='ocrx_word' id='word_1_156' title='bbox 1050 1372 1244 1428; x_wconf 88' lang='lat' dir='ltr'><strong>remeantibus</strong></span> <span class='ocrx_word' id='word_1_157' title='bbox 1273 1374 1308 1429; x_wconf 89' lang='lat' dir='ltr'><strong>ad</strong></span> <span class='ocrx_word' id='word_1_158' title='bbox 1338 1390 1389 1429; x_wconf 92' lang='lat' dir='ltr'><strong>sua</strong></span> <span class='ocrx_word' id='word_1_159' title='bbox 1415 1374 1567 1445; x_wconf 74' lang='lat' dir='ltr'><strong>magistris,</strong></span> <span class='ocrx_word' id='word_1_160' title='bbox 1592 1375 1747 1447; x_wconf 89' lang='lat' dir='ltr'><strong>apostolica</strong></span> 
     </span>
     <span class='ocr_line' id='line_1_14' title="bbox 65 1465 1748 1542; baseline 0.002 -21"><span class='ocrx_word' id='word_1_161' title='bbox 65 1468 261 1537; x_wconf 89' lang='lat' dir='ltr'><strong>cognomento</strong></span> <span class='ocrx_word' id='word_1_162' title='bbox 275 1466 438 1536; x_wconf 88' lang='lat' dir='ltr'><strong>Trossebot,</strong></span> <span class='ocrx_word' id='word_1_163' title='bbox 460 1466 619 1521; x_wconf 81' lang='lat' dir='ltr'><strong>Bnnaevillae</strong></span> <span class='ocrx_word' id='word_1_164' title='bbox 644 1467 743 1522; x_wconf 91' lang='lat' dir='ltr'><strong>munio</strong></span> <span class='ocrx_word' id='word_1_165' title='bbox 768 1467 885 1522; x_wconf 87' lang='lat' dir='ltr'><strong>temeri·</strong></span> <span class='ocrx_word' id='word_1_166' title='bbox 934 1465 1046 1521; x_wconf 90' lang='lat' dir='ltr'><strong>decreta</strong></span> <span class='ocrx_word' id='word_1_167' title='bbox 1061 1466 1167 1538; x_wconf 89' lang='lat' dir='ltr'><strong>passim</strong></span> <span class='ocrx_word' id='word_1_168' title='bbox 1182 1483 1234 1538; x_wconf 90' lang='lat' dir='ltr'><strong>per</strong></span> <span class='ocrx_word' id='word_1_169' title='bbox 1247 1483 1339 1537; x_wconf 87' lang='lat' dir='ltr'><strong>regna</strong></span> <span class='ocrx_word' id='word_1_170' title='bbox 1351 1467 1495 1539; x_wconf 88' lang='lat' dir='ltr'><strong>divulgata</strong></span> <span class='ocrx_word' id='word_1_171' title='bbox 1507 1474 1582 1523; x_wconf 88' lang='lat' dir='ltr'><strong>sunl.</strong></span> <span class='ocrx_word' id='word_1_172' title='bbox 1598 1469 1653 1526; x_wconf 90' lang='lat' dir='ltr'><strong>Sed</strong></span> <span class='ocrx_word' id='word_1_173' title='bbox 1664 1470 1748 1542; x_wconf 90' lang='lat' dir='ltr'><strong>nihil,</strong></span> 
     </span>
     <span class='ocr_line' id='line_1_15' title="bbox 66 1559 1749 1633; baseline 0.002 -18"><span class='ocrx_word' id='word_1_174' title='bbox 66 1564 159 1615; x_wconf 88' lang='lat' dir='ltr'><strong>tatem</strong></span> <span class='ocrx_word' id='word_1_175' title='bbox 168 1559 295 1615; x_wconf 89' lang='lat' dir='ltr'><strong>hostium</strong></span> <span class='ocrx_word' id='word_1_176' title='bbox 309 1559 408 1615; x_wconf 89' lang='lat' dir='ltr'><strong>callide</strong></span> <span class='ocrx_word' id='word_1_177' title='bbox 416 1560 564 1631; x_wconf 73' lang='lat' dir='ltr'><strong>praevenit,</strong></span> <span class='ocrx_word' id='word_1_178' title='bbox 577 1562 607 1615; x_wconf 88' lang='lat' dir='ltr'><strong>et</strong></span> <span class='ocrx_word' id='word_1_179' title='bbox 616 1559 773 1633; x_wconf 91' lang='lat' dir='ltr'><strong>oppidanos</strong></span> <span class='ocrx_word' id='word_1_180' title='bbox 787 1577 883 1616; x_wconf 90' lang='lat' dir='ltr'><strong>secum</strong></span> <span class='ocrx_word' id='word_1_181' title='bbox 935 1565 966 1615; x_wconf 97' lang='grc' dir='ltr'><strong>ιιι</strong></span> <span class='ocrx_word' id='word_1_182' title='bbox 979 1559 1130 1616; x_wconf 77' lang='lat' dir='ltr'><strong>manifeste</strong></span> <span class='ocrx_word' id='word_1_183' title='bbox 1140 1563 1230 1632; x_wconf 90' lang='lat' dir='ltr'><strong>patet,</strong></span> <span class='ocrx_word' id='word_1_184' title='bbox 1246 1561 1389 1633; x_wconf 90' lang='lat' dir='ltr'><strong>oppressis</strong></span> <span class='ocrx_word' id='word_1_185' title='bbox 1395 1566 1423 1617; x_wconf 92' lang='lat' dir='ltr'><strong>et</strong></span> <span class='ocrx_word' id='word_1_186' title='bbox 1430 1578 1513 1633; x_wconf 92' lang='lat' dir='ltr'><strong>opem</strong></span> <span class='ocrx_word' id='word_1_187' title='bbox 1522 1562 1749 1619; x_wconf 88' lang='lat' dir='ltr'><strong>desiderantibus</strong></span> 
     </span>
     <span class='ocr_line' id='line_1_16' title="bbox 64 1653 1747 1729; baseline 0.003 -21"><span class='ocrx_word' id='word_1_188' title='bbox 64 1656 241 1724; x_wconf 86' lang='lat' dir='ltr'><strong>aggregatos</strong></span> <span class='ocrx_word' id='word_1_189' title='bbox 265 1654 379 1709; x_wconf 89' lang='lat' dir='ltr'><strong>hortatu</strong></span> <span class='ocrx_word' id='word_1_190' title='bbox 408 1653 564 1710; x_wconf 88' lang='lat' dir='ltr'><strong>necessario</strong></span> <span class='ocrx_word' id='word_1_191' title='bbox 592 1653 629 1708; x_wconf 87' lang='lat' dir='ltr'><strong>ad</strong></span> <span class='ocrx_word' id='word_1_192' title='bbox 651 1670 771 1726; x_wconf 91' lang='lat' dir='ltr'><strong>magnos</strong></span> <span class='ocrx_word' id='word_1_193' title='bbox 798 1671 884 1711; x_wconf 88' lang='lat' dir='ltr'><strong>ausus</strong></span> <span class='ocrx_word' id='word_1_194' title='bbox 933 1654 1122 1725; x_wconf 84' lang='lat' dir='ltr'><strong>proluerent;</strong></span> <span class='ocrx_word' id='word_1_195' title='bbox 1142 1655 1281 1726; x_wconf 91' lang='lat' dir='ltr'><strong>quoniam</strong></span> <span class='ocrx_word' id='word_1_196' title='bbox 1295 1671 1312 1710; x_wconf 90' lang='lat' dir='ltr'><strong>a</strong></span> <span class='ocrx_word' id='word_1_197' title='bbox 1327 1654 1503 1727; x_wconf 85' lang='lat' dir='ltr'><strong>principibus</strong></span> <span class='ocrx_word' id='word_1_198' title='bbox 1517 1661 1547 1711; x_wconf 93' lang='lat' dir='ltr'><strong>et</strong></span> <span class='ocrx_word' id='word_1_199' title='bbox 1563 1657 1747 1729; x_wconf 85' lang='lat' dir='ltr'><strong>optimatibus</strong></span> 
     </span>
     <span class='ocr_line' id='line_1_17' title="bbox 66 1746 1747 1839; baseline 0.004 -37"><span class='ocrx_word' id='word_1_200' title='bbox 66 1746 220 1814; x_wconf 89' lang='lat' dir='ltr'><strong>animavit,</strong></span> <span class='ocrx_word' id='word_1_201' title='bbox 247 1763 406 1819; x_wconf 88' lang='lat' dir='ltr'><strong>puerosque</strong></span> <span class='ocrx_word' id='word_1_202' title='bbox 427 1747 616 1819; x_wconf 86' lang='lat' dir='ltr'><strong>despicabiles</strong></span> <span class='ocrx_word' id='word_1_203' title='bbox 636 1751 665 1804; x_wconf 93' lang='lat' dir='ltr'><strong>et</strong></span> <span class='ocrx_word' id='word_1_204' title='bbox 687 1748 1091 1839; x_wconf 78' lang='lat' dir='ltr'><strong>meretriculasBreguorum</strong></span> <span class='ocrx_word' id='word_1_205' title='bbox 1133 1765 1199 1804; x_wconf 92' lang='lat' dir='ltr'><strong>cum</strong></span> <span class='ocrx_word' id='word_1_206' title='bbox 1244 1748 1376 1820; x_wconf 86' lang='lat' dir='ltr'><strong>subjectis</strong></span> <span class='ocrx_word' id='word_1_207' title='bbox 1412 1748 1544 1820; x_wconf 88' lang='lat' dir='ltr'><strong>plebibus</strong></span> <span class='ocrx_word' id='word_1_208' title='bbox 1576 1749 1747 1824; x_wconf 81' lang='lat' dir='ltr'><strong>parvipensa</strong></span> 
     </span>
     <span class='ocr_line' id='line_1_18' title="bbox 63 1839 1008 1914; baseline 0 -19"><span class='ocrx_word' id='word_1_209' title='bbox 63 1839 202 1895; x_wconf 88' lang='lat' dir='ltr'><strong>Telcham</strong></span> <span class='ocrx_word' id='word_1_210' title='bbox 211 1840 325 1908; x_wconf 85' lang='lat' dir='ltr'><strong>direxit,</strong></span> <span class='ocrx_word' id='word_1_211' title='bbox 340 1847 368 1896; x_wconf 90' lang='lat' dir='ltr'><strong>et</strong></span> <span class='ocrx_word' id='word_1_212' title='bbox 383 1840 451 1913; x_wconf 90' lang='lat' dir='ltr'><strong>quid</strong></span> <span class='ocrx_word' id='word_1_213' title='bbox 460 1842 728 1914; x_wconf 84' lang='lat' dir='ltr'><strong>agerentexquisilo</strong></span> <span class='ocrx_word' id='word_1_214' title='bbox 744 1842 883 1899; x_wconf 88' lang='lat' dir='ltr'><strong>meditatu</strong></span> <span class='ocrx_word' id='word_1_215' title='bbox 932 1846 1008 1902; x_wconf 83' lang='lat' dir='ltr'><strong>sunt.</strong></span> 
     </span>
     <span class='ocr_line' id='line_1_19' title="bbox 64 1933 1855 2012; baseline 0.003 -22"><span class='ocrx_word' id='word_1_216' title='bbox 64 1934 186 1991; x_wconf 86' lang='lat' dir='ltr'><strong>solerter</strong></span> <span class='ocrx_word' id='word_1_217' title='bbox 210 1934 354 1991; x_wconf 81' lang='lat' dir='ltr'><strong>instruxit.</strong></span> <span class='ocrx_word' id='word_1_218' title='bbox 378 1935 418 1990; x_wconf 91' lang='lat' dir='ltr'><strong>llli</strong></span> <span class='ocrx_word' id='word_1_219' title='bbox 446 1938 553 2003; x_wconf 85' lang='lat' dir='ltr'><strong>sutem,</strong></span> <span class='ocrx_word' id='word_1_220' title='bbox 577 1942 609 1992; x_wconf 91' lang='grc' dir='ltr'><strong>ιιι</strong></span> <span class='ocrx_word' id='word_1_221' title='bbox 635 1937 729 1993; x_wconf 90' lang='lat' dir='ltr'><strong>edocti</strong></span> <span class='ocrx_word' id='word_1_222' title='bbox 758 1937 881 2004; x_wconf 88' lang='lat' dir='ltr'><strong>fuerant,</strong></span> <span class='ocrx_word' id='word_1_223' title='bbox 968 1933 1747 2012; x_wconf 73' lang='lat' dir='ltr'><strong>bodinusEbroieensisepiscopuspaschaliseptimana</strong></span> <span class='ocrx_word' id='word_1_224' title='bbox 1852 2002 1855 2007; x_wconf 61' lang='grc'>,</span> 
     </span>
     <span class='ocr_line' id='line_1_20' title="bbox 63 2027 1748 2104; baseline 0.004 -21"><span class='ocrx_word' id='word_1_225' title='bbox 63 2044 120 2101; x_wconf 88' lang='lat' dir='ltr'><strong>per</strong></span> <span class='ocrx_word' id='word_1_226' title='bbox 140 2027 541 2101; x_wconf 85' lang='lat' dir='ltr'><strong>burgamlateaterdispersi</strong></span> <span class='ocrx_word' id='word_1_227' title='bbox 565 2036 641 2098; x_wconf 82' lang='lat' dir='ltr'><strong>sttnl,</strong></span> <span class='ocrx_word' id='word_1_228' title='bbox 658 2035 687 2086; x_wconf 89' lang='lat' dir='ltr'><strong>et</strong></span> <span class='ocrx_word' id='word_1_229' title='bbox 710 2032 809 2103; x_wconf 87' lang='lat' dir='ltr'><strong>ignem</strong></span> <span class='ocrx_word' id='word_1_230' title='bbox 830 2047 883 2102; x_wconf 90' lang='lat' dir='ltr'><strong>per</strong></span> <span class='ocrx_word' id='word_1_231' title='bbox 932 2028 962 2085; x_wconf 91' lang='lat' dir='ltr'><strong>in</strong></span> <span class='ocrx_word' id='word_1_232' title='bbox 989 2029 1120 2101; x_wconf 80' lang='lat' dir='ltr'><strong>Angliam</strong></span> <span class='ocrx_word' id='word_1_233' title='bbox 1145 2030 1287 2102; x_wconf 81' lang='lat' dir='ltr'><strong>proiectus</strong></span> <span class='ocrx_word' id='word_1_234' title='bbox 1313 2036 1365 2099; x_wconf 91' lang='lat' dir='ltr'><strong>est,</strong></span> <span class='ocrx_word' id='word_1_235' title='bbox 1391 2031 1487 2104; x_wconf 90' lang='lat' dir='ltr'><strong>ibique</strong></span> <span class='ocrx_word' id='word_1_236' title='bbox 1512 2048 1539 2088; x_wconf 84' lang='grc' dir='ltr'><strong>ιι</strong></span> <span class='ocrx_word' id='word_1_237' title='bbox 1566 2033 1658 2089; x_wconf 87' lang='lat' dir='ltr'><strong>Nonas</strong></span> <span class='ocrx_word' id='word_1_238' title='bbox 1683 2032 1748 2089; x_wconf 82' lang='lat' dir='ltr'><strong>tulii</strong></span> 
     </span>
     <span class='ocr_line' id='line_1_21' title="bbox 63 2122 1748 2199; baseline 0.004 -23"><span class='ocrx_word' id='word_1_239' title='bbox 63 2125 192 2194; x_wconf 88' lang='lat' dir='ltr'><strong>quatuor</strong></span> <span class='ocrx_word' id='word_1_240' title='bbox 204 2128 296 2194; x_wconf 89' lang='lat' dir='ltr'><strong>partes</strong></span> <span class='ocrx_word' id='word_1_241' title='bbox 310 2123 382 2179; x_wconf 87' lang='lat' dir='ltr'><strong>villae</strong></span> <span class='ocrx_word' id='word_1_242' title='bbox 405 2123 434 2178; x_wconf 90' lang='lat' dir='ltr'><strong>in</strong></span> <span class='ocrx_word' id='word_1_243' title='bbox 447 2140 497 2180; x_wconf 82' lang='grc' dir='ltr'><strong>ιιι</strong></span> <span class='ocrx_word' id='word_1_244' title='bbox 510 2123 578 2179; x_wconf 91' lang='lat' dir='ltr'><strong>locis</strong></span> <span class='ocrx_word' id='word_1_245' title='bbox 592 2124 727 2180; x_wconf 87' lang='lat' dir='ltr'><strong>audacter</strong></span> <span class='ocrx_word' id='word_1_246' title='bbox 752 2124 880 2180; x_wconf 91' lang='lat' dir='ltr'><strong>immise·</strong></span> <span class='ocrx_word' id='word_1_247' title='bbox 930 2122 1107 2179; x_wconf 84' lang='lat' dir='ltr'><strong>ldelitonaein</strong></span> <span class='ocrx_word' id='word_1_248' title='bbox 1119 2123 1274 2180; x_wconf 84' lang='lat' dir='ltr'><strong>canonicali</strong></span> <span class='ocrx_word' id='word_1_249' title='bbox 1283 2124 1570 2182; x_wconf 82' lang='lat' dir='ltr'><strong>eoenobiodefunctos</strong></span> <span class='ocrx_word' id='word_1_250' title='bbox 1582 2131 1611 2182; x_wconf 92' lang='lat' dir='ltr'><strong>et</strong></span> <span class='ocrx_word' id='word_1_251' title='bbox 1622 2127 1748 2199; x_wconf 89' lang='lat' dir='ltr'><strong>sepultus</strong></span> 
     </span>
     <span class='ocr_line' id='line_1_22' title="bbox 63 2216 1749 2291; baseline 0.004 -20"><span class='ocrx_word' id='word_1_252' title='bbox 63 2222 145 2273; x_wconf 87' lang='lat' dir='ltr'><strong>runt.</strong></span> <span class='ocrx_word' id='word_1_253' title='bbox 158 2216 378 2289; x_wconf 72' lang='lat' dir='ltr'><strong>andegavenses</strong></span> <span class='ocrx_word' id='word_1_254' title='bbox 398 2217 493 2290; x_wconf 90' lang='lat' dir='ltr'><strong>itaque</strong></span> <span class='ocrx_word' id='word_1_255' title='bbox 515 2218 611 2273; x_wconf 92' lang='lat' dir='ltr'><strong>villam</strong></span> <span class='ocrx_word' id='word_1_256' title='bbox 622 2217 685 2289; x_wconf 87' lang='lat' dir='ltr'><strong>jam</strong></span> <span class='ocrx_word' id='word_1_257' title='bbox 709 2218 880 2287; x_wconf 89' lang='lat' dir='ltr'><strong>invaserant,</strong></span> <span class='ocrx_word' id='word_1_258' title='bbox 934 2222 992 2273; x_wconf 89' lang='lat' dir='ltr'><strong>est.</strong></span> <span class='ocrx_word' id='word_1_259' title='bbox 1008 2217 1058 2273; x_wconf 90' lang='lat' dir='ltr'><strong>llic</strong></span> <span class='ocrx_word' id='word_1_260' title='bbox 1081 2219 1111 2272; x_wconf 93' lang='grc' dir='ltr'><strong>ιιι</strong></span> <span class='ocrx_word' id='word_1_261' title='bbox 1125 2218 1270 2290; x_wconf 86' lang='lat' dir='ltr'><strong>Bajocensi</strong></span> <span class='ocrx_word' id='word_1_262' title='bbox 1283 2235 1357 2291; x_wconf 89' lang='lat' dir='ltr'><strong>pago</strong></span> <span class='ocrx_word' id='word_1_263' title='bbox 1377 2222 1466 2290; x_wconf 89' lang='lat' dir='ltr'><strong>ortus,</strong></span> <span class='ocrx_word' id='word_1_264' title='bbox 1482 2220 1577 2276; x_wconf 89' lang='lat' dir='ltr'><strong>studia</strong></span> <span class='ocrx_word' id='word_1_265' title='bbox 1589 2220 1749 2277; x_wconf 89' lang='lat' dir='ltr'><strong>litterarum</strong></span> 
     </span>
     <span class='ocr_line' id='line_1_23' title="bbox 64 2310 1745 2384; baseline 0.004 -20"><span class='ocrx_word' id='word_1_266' title='bbox 64 2313 96 2365; x_wconf 92' lang='lat' dir='ltr'><strong>et</strong></span> <span class='ocrx_word' id='word_1_267' title='bbox 120 2311 246 2382; x_wconf 89' lang='lat' dir='ltr'><strong>hospites</strong></span> <span class='ocrx_word' id='word_1_268' title='bbox 269 2328 334 2367; x_wconf 89' lang='lat' dir='ltr'><strong>suos</strong></span> <span class='ocrx_word' id='word_1_269' title='bbox 357 2312 387 2366; x_wconf 92' lang='grc' dir='ltr'><strong>ιιι</strong></span> <span class='ocrx_word' id='word_1_270' title='bbox 413 2312 535 2383; x_wconf 88' lang='lat' dir='ltr'><strong>propriis</strong></span> <span class='ocrx_word' id='word_1_271' title='bbox 557 2312 664 2367; x_wconf 88' lang='lat' dir='ltr'><strong>laribus</strong></span> <span class='ocrx_word' id='word_1_272' title='bbox 683 2318 713 2368; x_wconf 91' lang='lat' dir='ltr'><strong>et</strong></span> <span class='ocrx_word' id='word_1_273' title='bbox 738 2311 881 2368; x_wconf 87' lang='lat' dir='ltr'><strong>cathedris</strong></span> <span class='ocrx_word' id='word_1_274' title='bbox 931 2310 1087 2383; x_wconf 86' lang='lat' dir='ltr'><strong>inquisivit,</strong></span> <span class='ocrx_word' id='word_1_275' title='bbox 1123 2312 1283 2384; x_wconf 88' lang='lat' dir='ltr'><strong>peritiaque</strong></span> <span class='ocrx_word' id='word_1_276' title='bbox 1316 2313 1478 2369; x_wconf 89' lang='lat' dir='ltr'><strong>liberalium</strong></span> <span class='ocrx_word' id='word_1_277' title='bbox 1510 2314 1615 2370; x_wconf 91' lang='lat' dir='ltr'><strong>artium</strong></span> <span class='ocrx_word' id='word_1_278' title='bbox 1649 2314 1745 2370; x_wconf 84' lang='lat' dir='ltr'><strong>imbu-</strong></span> 
     </span>
     <span class='ocr_line' id='line_1_24' title="bbox 63 2404 1746 2479; baseline 0.002 -20"><span class='ocrx_word' id='word_1_279' title='bbox 63 2404 421 2478; x_wconf 82' lang='lat' dir='ltr'><strong>sedentesjamceperant.</strong></span> <span class='ocrx_word' id='word_1_280' title='bbox 437 2406 878 2478; x_wconf 88' lang='lat' dir='ltr'><strong>ingentistrepilussammarum</strong></span> <span class='ocrx_word' id='word_1_281' title='bbox 930 2410 986 2472; x_wconf 88' lang='lat' dir='ltr'><strong>tus,</strong></span> <span class='ocrx_word' id='word_1_282' title='bbox 1016 2404 1092 2460; x_wconf 90' lang='lat' dir='ltr'><strong>inter</strong></span> <span class='ocrx_word' id='word_1_283' title='bbox 1124 2405 1301 2461; x_wconf 87' lang='lat' dir='ltr'><strong>doctissimos</strong></span> <span class='ocrx_word' id='word_1_284' title='bbox 1332 2406 1446 2475; x_wconf 86' lang='lat' dir='ltr'><strong>coaluit,</strong></span> <span class='ocrx_word' id='word_1_285' title='bbox 1480 2411 1509 2464; x_wconf 93' lang='lat' dir='ltr'><strong>et</strong></span> <span class='ocrx_word' id='word_1_286' title='bbox 1533 2407 1597 2479; x_wconf 92' lang='lat' dir='ltr'><strong>regi</strong></span> <span class='ocrx_word' id='word_1_287' title='bbox 1624 2408 1746 2464; x_wconf 87' lang='lat' dir='ltr'><strong>ilenrico</strong></span> 
     </span>
     <span class='ocr_line' id='line_1_25' title="bbox 63 2498 1745 2576; baseline 0.004 -23"><span class='ocrx_word' id='word_1_288' title='bbox 63 2500 95 2553; x_wconf 93' lang='lat' dir='ltr'><strong>et</strong></span> <span class='ocrx_word' id='word_1_289' title='bbox 115 2498 317 2555; x_wconf 83' lang='lat' dir='ltr'><strong>vociferatione</strong></span> <span class='ocrx_word' id='word_1_290' title='bbox 340 2499 459 2572; x_wconf 90' lang='lat' dir='ltr'><strong>vigilum</strong></span> <span class='ocrx_word' id='word_1_291' title='bbox 487 2500 582 2568; x_wconf 88' lang='lat' dir='ltr'><strong>exciti,</strong></span> <span class='ocrx_word' id='word_1_292' title='bbox 606 2500 764 2556; x_wconf 89' lang='lat' dir='ltr'><strong>admodum</strong></span> <span class='ocrx_word' id='word_1_293' title='bbox 788 2498 881 2555; x_wconf 88' lang='lat' dir='ltr'><strong>territi</strong></span> <span class='ocrx_word' id='word_1_294' title='bbox 931 2498 1078 2555; x_wconf 90' lang='lat' dir='ltr'><strong>lemiliaris</strong></span> <span class='ocrx_word' id='word_1_295' title='bbox 1091 2499 1206 2556; x_wconf 84' lang='lat' dir='ltr'><strong>affectus</strong></span> <span class='ocrx_word' id='word_1_296' title='bbox 1219 2500 1296 2555; x_wconf 89' lang='lat' dir='ltr'><strong>inter</strong></span> <span class='ocrx_word' id='word_1_297' title='bbox 1310 2500 1468 2573; x_wconf 75' lang='lat' dir='ltr'><strong>praecipuos</strong></span> <span class='ocrx_word' id='word_1_298' title='bbox 1489 2501 1594 2558; x_wconf 89' lang='lat' dir='ltr'><strong>scribas</strong></span> <span class='ocrx_word' id='word_1_299' title='bbox 1615 2503 1745 2576; x_wconf 89' lang='lat' dir='ltr'><strong>compla-</strong></span> 
     </span>
     <span class='ocr_line' id='line_1_26' title="bbox 57 2591 999 2666; baseline 0 -18"><span class='ocrx_word' id='word_1_300' title='bbox 57 2597 148 2661; x_wconf 84' lang='lat' dir='ltr'><strong>sunt3</strong></span> <span class='ocrx_word' id='word_1_301' title='bbox 175 2595 205 2647; x_wconf 89' lang='lat' dir='ltr'><strong>et</strong></span> <span class='ocrx_word' id='word_1_302' title='bbox 232 2609 311 2647; x_wconf 89' lang='lat' dir='ltr'><strong>arma</strong></span> <span class='ocrx_word' id='word_1_303' title='bbox 336 2597 365 2648; x_wconf 91' lang='lat' dir='ltr'><strong>et</strong></span> <span class='ocrx_word' id='word_1_304' title='bbox 389 2610 477 2666; x_wconf 86' lang='lat' dir='ltr'><strong>equos</strong></span> <span class='ocrx_word' id='word_1_305' title='bbox 502 2611 566 2650; x_wconf 91' lang='lat' dir='ltr'><strong>cum</strong></span> <span class='ocrx_word' id='word_1_306' title='bbox 589 2595 685 2650; x_wconf 89' lang='lat' dir='ltr'><strong>multis</strong></span> <span class='ocrx_word' id='word_1_307' title='bbox 707 2593 767 2649; x_wconf 88' lang='lat' dir='ltr'><strong>aliis</strong></span> <span class='ocrx_word' id='word_1_308' title='bbox 794 2593 881 2649; x_wconf 91' lang='lat' dir='ltr'><strong>rebus</strong></span> <span class='ocrx_word' id='word_1_309' title='bbox 931 2591 999 2648; x_wconf 91' lang='lat' dir='ltr'><strong>cuit.</strong></span> 
     </span>
     <span class='ocr_line' id='line_1_27' title="bbox 62 2685 1746 2761; baseline 0.004 -21"><span class='ocrx_word' id='word_1_310' title='bbox 62 2685 233 2741; x_wconf 88' lang='lat' dir='ltr'><strong>necessariis</strong></span> <span class='ocrx_word' id='word_1_311' title='bbox 246 2686 440 2759; x_wconf 89' lang='lat' dir='ltr'><strong>relinquentes</strong></span> <span class='ocrx_word' id='word_1_312' title='bbox 460 2687 643 2759; x_wconf 82' lang='lat' dir='ltr'><strong>aufugerunt.</strong></span> <span class='ocrx_word' id='word_1_313' title='bbox 659 2687 795 2744; x_wconf 82' lang='lat' dir='ltr'><strong>Praefatae</strong></span> <span class='ocrx_word' id='word_1_314' title='bbox 815 2702 880 2742; x_wconf 90' lang='lat' dir='ltr'><strong>vere</strong></span> <span class='ocrx_word' id='word_1_315' title='bbox 969 2687 1094 2759; x_wconf 88' lang='lat' dir='ltr'><strong>[lenique</strong></span> <span class='ocrx_word' id='word_1_316' title='bbox 1110 2688 1145 2743; x_wconf 90' lang='lat' dir='ltr'><strong>de</strong></span> <span class='ocrx_word' id='word_1_317' title='bbox 1160 2687 1266 2759; x_wconf 91' lang='lat' dir='ltr'><strong>capella</strong></span> <span class='ocrx_word' id='word_1_318' title='bbox 1291 2688 1368 2760; x_wconf 90' lang='lat' dir='ltr'><strong>regis</strong></span> <span class='ocrx_word' id='word_1_319' title='bbox 1392 2694 1551 2761; x_wconf 87' lang='lat' dir='ltr'><strong>provectus,</strong></span> <span class='ocrx_word' id='word_1_320' title='bbox 1577 2706 1641 2747; x_wconf 83' lang='lat' dir='ltr'><strong>xxiv</strong></span> <span class='ocrx_word' id='word_1_321' title='bbox 1662 2689 1746 2747; x_wconf 88' lang='lat' dir='ltr'><strong>annis</strong></span> 
     </span>
     <span class='ocr_line' id='line_1_28' title="bbox 63 2779 1859 2857; baseline 0.003 -22"><span class='ocrx_word' id='word_1_322' title='bbox 63 2779 236 2835; x_wconf 78' lang='lat' dir='ltr'><strong>Gavillelmus</strong></span> <span class='ocrx_word' id='word_1_323' title='bbox 270 2796 333 2836; x_wconf 89' lang='lat' dir='ltr'><strong>cum</strong></span> <span class='ocrx_word' id='word_1_324' title='bbox 370 2782 428 2836; x_wconf 88' lang='lat' dir='ltr'><strong>suis</strong></span> <span class='ocrx_word' id='word_1_325' title='bbox 457 2788 583 2837; x_wconf 88' lang='lat' dir='ltr'><strong>armatus</strong></span> <span class='ocrx_word' id='word_1_326' title='bbox 613 2781 725 2836; x_wconf 90' lang='lat' dir='ltr'><strong>obviam</strong></span> <span class='ocrx_word' id='word_1_327' title='bbox 753 2780 880 2836; x_wconf 87' lang='lat' dir='ltr'><strong>hostibus</strong></span> <span class='ocrx_word' id='word_1_328' title='bbox 930 2780 1132 2838; x_wconf 81' lang='lat' dir='ltr'><strong>Ebreicenscm</strong></span> <span class='ocrx_word' id='word_1_329' title='bbox 1146 2781 1399 2849; x_wconf 86' lang='lat' dir='ltr'><strong>diaecesimtenuit,</strong></span> <span class='ocrx_word' id='word_1_330' title='bbox 1411 2783 1519 2839; x_wconf 89' lang='lat' dir='ltr'><strong>clerum</strong></span> <span class='ocrx_word' id='word_1_331' title='bbox 1531 2783 1746 2857; x_wconf 85' lang='lat' dir='ltr'><strong>subjectamque</strong></span> <span class='ocrx_word' id='word_1_332' title='bbox 1857 2788 1859 2793; x_wconf 81' lang='grc'>’</span> 
     </span>
     <span class='ocr_line' id='line_1_29' title="bbox 60 2873 1747 2948; baseline 0.003 -18"><span class='ocrx_word' id='word_1_333' title='bbox 60 2873 156 2943; x_wconf 84' lang='lat' dir='ltr'><strong>venit3</strong></span> <span class='ocrx_word' id='word_1_334' title='bbox 180 2874 229 2930; x_wconf 90' lang='lat' dir='ltr'><strong>scd</strong></span> <span class='ocrx_word' id='word_1_335' title='bbox 256 2875 380 2931; x_wconf 88' lang='lat' dir='ltr'><strong>densitas</strong></span> <span class='ocrx_word' id='word_1_336' title='bbox 401 2875 472 2930; x_wconf 85' lang='lat' dir='ltr'><strong>lumi</strong></span> <span class='ocrx_word' id='word_1_337' title='bbox 499 2891 610 2944; x_wconf 88' lang='lat' dir='ltr'><strong>omnes,</strong></span> <span class='ocrx_word' id='word_1_338' title='bbox 638 2892 674 2931; x_wconf 88' lang='lat' dir='ltr'><strong>ae</strong></span> <span class='ocrx_word' id='word_1_339' title='bbox 703 2892 732 2931; x_wconf 92' lang='lat' dir='ltr'><strong>se</strong></span> <span class='ocrx_word' id='word_1_340' title='bbox 756 2874 879 2930; x_wconf 88' lang='lat' dir='ltr'><strong>invicem</strong></span> <span class='ocrx_word' id='word_1_341' title='bbox 929 2875 1045 2947; x_wconf 88' lang='lat' dir='ltr'><strong>plebem</strong></span> <span class='ocrx_word' id='word_1_342' title='bbox 1066 2875 1102 2930; x_wconf 90' lang='lat' dir='ltr'><strong>ad</strong></span> <span class='ocrx_word' id='word_1_343' title='bbox 1115 2876 1282 2931; x_wconf 89' lang='lat' dir='ltr'><strong>servandam</strong></span> <span class='ocrx_word' id='word_1_344' title='bbox 1293 2875 1343 2930; x_wconf 86' lang='lat' dir='ltr'><strong>ilai</strong></span> <span class='ocrx_word' id='word_1_345' title='bbox 1356 2876 1453 2948; x_wconf 88' lang='lat' dir='ltr'><strong>legem</strong></span> <span class='ocrx_word' id='word_1_346' title='bbox 1466 2877 1598 2946; x_wconf 89' lang='lat' dir='ltr'><strong>erudivit,</strong></span> <span class='ocrx_word' id='word_1_347' title='bbox 1608 2878 1747 2935; x_wconf 75' lang='lat' dir='ltr'><strong>ecclesie-</strong></span> 
     </span>
     <span class='ocr_line' id='line_1_30' title="bbox 61 2969 1747 3046; baseline 0 -18"><span class='ocrx_word' id='word_1_348' title='bbox 61 2973 192 3028; x_wconf 89' lang='lat' dir='ltr'><strong>viderent</strong></span> <span class='ocrx_word' id='word_1_349' title='bbox 210 2972 254 3028; x_wconf 90' lang='lat' dir='ltr'><strong>vel</strong></span> <span class='ocrx_word' id='word_1_350' title='bbox 276 2980 493 3046; x_wconf 87' lang='lat' dir='ltr'><strong>cognoscerent,</strong></span> <span class='ocrx_word' id='word_1_351' title='bbox 518 2974 728 3030; x_wconf 89' lang='lat' dir='ltr'><strong>obtenebravit.</strong></span> <span class='ocrx_word' id='word_1_352' title='bbox 752 2973 880 3028; x_wconf 90' lang='lat' dir='ltr'><strong>Tandem</strong></span> <span class='ocrx_word' id='word_1_353' title='bbox 930 2986 985 3041; x_wconf 88' lang='lat' dir='ltr'><strong>que</strong></span> <span class='ocrx_word' id='word_1_354' title='bbox 1010 2970 1118 3025; x_wconf 89' lang='lat' dir='ltr'><strong>cultum</strong></span> <span class='ocrx_word' id='word_1_355' title='bbox 1146 2969 1265 3025; x_wconf 88' lang='lat' dir='ltr'><strong>solerter</strong></span> <span class='ocrx_word' id='word_1_356' title='bbox 1278 2970 1414 3039; x_wconf 84' lang='lat' dir='ltr'><strong>exercuit,</strong></span> <span class='ocrx_word' id='word_1_357' title='bbox 1436 2972 1466 3025; x_wconf 93' lang='lat' dir='ltr'><strong>et</strong></span> <span class='ocrx_word' id='word_1_358' title='bbox 1478 2970 1622 3027; x_wconf 89' lang='lat' dir='ltr'><strong>basilicam</strong></span> <span class='ocrx_word' id='word_1_359' title='bbox 1636 2972 1667 3026; x_wconf 87' lang='grc' dir='ltr'><strong>Β.</strong></span> <span class='ocrx_word' id='word_1_360' title='bbox 1692 2970 1747 3028; x_wconf 82' lang='lat' dir='ltr'><strong>usi</strong></span> 
     </span>
     <span class='ocr_line' id='line_1_31' title="bbox 61 3062 1746 3140; baseline 0 -18"><span class='ocrx_word' id='word_1_361' title='bbox 61 3065 193 3122; x_wconf 88' lang='lat' dir='ltr'><strong>turbidus</strong></span> <span class='ocrx_word' id='word_1_362' title='bbox 219 3067 364 3122; x_wconf 84' lang='lat' dir='ltr'><strong>comesta</strong></span> <span class='ocrx_word' id='word_1_363' title='bbox 395 3068 557 3124; x_wconf 77' lang='lat' dir='ltr'><strong>caemeterio</strong></span> <span class='ocrx_word' id='word_1_364' title='bbox 589 3067 715 3140; x_wconf 88' lang='lat' dir='ltr'><strong>quedam</strong></span> <span class='ocrx_word' id='word_1_365' title='bbox 741 3066 878 3134; x_wconf 90' lang='lat' dir='ltr'><strong>constitit,</strong></span> <span class='ocrx_word' id='word_1_366' title='bbox 930 3062 1189 3135; x_wconf 83' lang='lat' dir='ltr'><strong>genitricisllarise,</strong></span> <span class='ocrx_word' id='word_1_367' title='bbox 1204 3063 1746 3136; x_wconf 84' lang='lat' dir='ltr'><strong>quaetemporeillocombustafuerat,</strong></span> 
     </span>
     <span class='ocr_line' id='line_1_32' title="bbox 60 3136 1746 3233; baseline -0.001 -17"><span class='ocrx_word' id='word_1_368' title='bbox 60 3159 160 3232; x_wconf 91' lang='lat' dir='ltr'><strong>ibique</strong></span> <span class='ocrx_word' id='word_1_369' title='bbox 174 3176 238 3215; x_wconf 89' lang='lat' dir='ltr'><strong>suos</strong></span> <span class='ocrx_word' id='word_1_370' title='bbox 252 3161 485 3232; x_wconf 88' lang='lat' dir='ltr'><strong>conglomeravit,</strong></span> <span class='ocrx_word' id='word_1_371' title='bbox 502 3165 531 3217; x_wconf 92' lang='lat' dir='ltr'><strong>et</strong></span> <span class='ocrx_word' id='word_1_372' title='bbox 543 3162 677 3217; x_wconf 83' lang='lat' dir='ltr'><strong>confusus</strong></span> <span class='ocrx_word' id='word_1_373' title='bbox 690 3161 877 3233; x_wconf 88' lang='lat' dir='ltr'><strong>trepidusque</strong></span> <span class='ocrx_word' id='word_1_374' title='bbox 889 3136 945 3212; x_wconf 79' lang='lat' dir='ltr'><strong>Ca</strong></span> <span class='ocrx_word' id='word_1_375' title='bbox 970 3157 1166 3213; x_wconf 86' lang='lat' dir='ltr'><strong>fundamentis</strong></span> <span class='ocrx_word' id='word_1_376' title='bbox 1191 3157 1342 3230; x_wconf 88' lang='lat' dir='ltr'><strong>reparavit,</strong></span> <span class='ocrx_word' id='word_1_377' title='bbox 1369 3158 1507 3214; x_wconf 85' lang='lat' dir='ltr'><strong>llotrocus</strong></span> <span class='ocrx_word' id='word_1_378' title='bbox 1530 3163 1639 3227; x_wconf 87' lang='lat' dir='ltr'><strong>autem,</strong></span> <span class='ocrx_word' id='word_1_379' title='bbox 1670 3157 1746 3215; x_wconf 86' lang='lat' dir='ltr'><strong>lilius</strong></span> 
     </span>
     <span class='ocr_line' id='line_1_33' title="bbox 60 3250 1745 3326; baseline -0.001 -17"><span class='ocrx_word' id='word_1_380' title='bbox 60 3252 141 3309; x_wconf 91' lang='lat' dir='ltr'><strong>diem</strong></span> <span class='ocrx_word' id='word_1_381' title='bbox 169 3255 351 3326; x_wconf 86' lang='lat' dir='ltr'><strong>exspectavit.</strong></span> <span class='ocrx_word' id='word_1_382' title='bbox 377 3255 455 3310; x_wconf 81' lang='lat' dir='ltr'><strong>Mane</strong></span> <span class='ocrx_word' id='word_1_383' title='bbox 480 3258 577 3310; x_wconf 90' lang='lat' dir='ltr'><strong>autem</strong></span> <span class='ocrx_word' id='word_1_384' title='bbox 596 3256 683 3322; x_wconf 85' lang='lat' dir='ltr'><strong>lacto,</strong></span> <span class='ocrx_word' id='word_1_385' title='bbox 706 3253 878 3326; x_wconf 89' lang='lat' dir='ltr'><strong>quantocius</strong></span> <span class='ocrx_word' id='word_1_386' title='bbox 928 3250 1745 3324; x_wconf 86' lang='lat' dir='ltr'><strong>ilenricicomitlsdeGuarevico,llothomageasisarehi·</strong></span> 
     </span>
     <span class='ocr_line' id='line_1_34' title="bbox 59 3344 1742 3421; baseline -0.001 -18"><span class='ocrx_word' id='word_1_387' title='bbox 59 3347 184 3419; x_wconf 80' lang='lat' dir='ltr'><strong>aufugit,</strong></span> <span class='ocrx_word' id='word_1_388' title='bbox 214 3355 243 3402; x_wconf 89' lang='lat' dir='ltr'><strong>et</strong></span> <span class='ocrx_word' id='word_1_389' title='bbox 277 3349 507 3405; x_wconf 88' lang='lat' dir='ltr'><strong>Normannorum</strong></span> <span class='ocrx_word' id='word_1_390' title='bbox 543 3349 716 3421; x_wconf 86' lang='lat' dir='ltr'><strong>proterviam</strong></span> <span class='ocrx_word' id='word_1_391' title='bbox 748 3347 876 3421; x_wconf 88' lang='lat' dir='ltr'><strong>aliquan·</strong></span> <span class='ocrx_word' id='word_1_392' title='bbox 927 3345 1062 3401; x_wconf 90' lang='lat' dir='ltr'><strong>diaeonus</strong></span> <span class='ocrx_word' id='word_1_393' title='bbox 1083 3344 1121 3400; x_wconf 92' lang='lat' dir='ltr'><strong>ad</strong></span> <span class='ocrx_word' id='word_1_394' title='bbox 1145 3344 1339 3417; x_wconf 88' lang='lat' dir='ltr'><strong>episcopatum</strong></span> <span class='ocrx_word' id='word_1_395' title='bbox 1362 3345 1562 3401; x_wconf 87' lang='lat' dir='ltr'><strong>Ebroicensem</strong></span> <span class='ocrx_word' id='word_1_396' title='bbox 1577 3350 1742 3419; x_wconf 89' lang='lat' dir='ltr'><strong>assumptus</strong></span> 
     </span>
     <span class='ocr_line' id='line_1_35' title="bbox 60 3437 1742 3515; baseline -0.001 -19"><span class='ocrx_word' id='word_1_397' title='bbox 60 3442 156 3496; x_wconf 92' lang='lat' dir='ltr'><strong>tulum</strong></span> <span class='ocrx_word' id='word_1_398' title='bbox 180 3445 325 3514; x_wconf 84' lang='lat' dir='ltr'><strong>expertus,</strong></span> <span class='ocrx_word' id='word_1_399' title='bbox 352 3459 411 3498; x_wconf 93' lang='lat' dir='ltr'><strong>non</strong></span> <span class='ocrx_word' id='word_1_400' title='bbox 425 3443 486 3499; x_wconf 91' lang='lat' dir='ltr'><strong>sine</strong></span> <span class='ocrx_word' id='word_1_401' title='bbox 510 3443 649 3499; x_wconf 86' lang='lat' dir='ltr'><strong>dedecore</strong></span> <span class='ocrx_word' id='word_1_402' title='bbox 667 3448 877 3515; x_wconf 76' lang='lat' dir='ltr'><strong>argentomum</strong></span> <span class='ocrx_word' id='word_1_403' title='bbox 927 3446 980 3510; x_wconf 86' lang='lat' dir='ltr'><strong>est,</strong></span> <span class='ocrx_word' id='word_1_404' title='bbox 1006 3442 1035 3495; x_wconf 92' lang='lat' dir='ltr'><strong>et</strong></span> <span class='ocrx_word' id='word_1_405' title='bbox 1060 3456 1078 3495; x_wconf 91' lang='lat' dir='ltr'><strong>a</strong></span> <span class='ocrx_word' id='word_1_406' title='bbox 1110 3438 1140 3495; x_wconf 81' lang='lat' dir='ltr'><strong>ll.</strong></span> <span class='ocrx_word' id='word_1_407' title='bbox 1174 3439 1292 3510; x_wconf 85' lang='lat' dir='ltr'><strong>lingone</strong></span> <span class='ocrx_word' id='word_1_408' title='bbox 1322 3437 1535 3510; x_wconf 89' lang='lat' dir='ltr'><strong>archiepiscopo</strong></span> <span class='ocrx_word' id='word_1_409' title='bbox 1561 3441 1742 3495; x_wconf 86' lang='lat' dir='ltr'><strong>consecratus</strong></span> 
     </span>
     <span class='ocr_line' id='line_1_36' title="bbox 57 3531 1742 3608; baseline -0.001 -18"><span class='ocrx_word' id='word_1_410' title='bbox 57 3535 149 3591; x_wconf 87' lang='lat' dir='ltr'><strong>venit.</strong></span> <span class='ocrx_word' id='word_1_411' title='bbox 176 3535 302 3592; x_wconf 88' lang='lat' dir='ltr'><strong>invalida</strong></span> <span class='ocrx_word' id='word_1_412' title='bbox 333 3537 414 3608; x_wconf 89' lang='lat' dir='ltr'><strong>plebs</strong></span> <span class='ocrx_word' id='word_1_413' title='bbox 442 3537 626 3593; x_wconf 84' lang='lat' dir='ltr'><strong>Narmanniae</strong></span> <span class='ocrx_word' id='word_1_414' title='bbox 661 3539 763 3592; x_wconf 84' lang='lat' dir='ltr'><strong>moesta</strong></span> <span class='ocrx_word' id='word_1_415' title='bbox 788 3535 876 3607; x_wconf 88' lang='lat' dir='ltr'><strong>trepi·</strong></span> <span class='ocrx_word' id='word_1_416' title='bbox 928 3538 980 3589; x_wconf 80' lang='lat' dir='ltr'><strong>est.</strong></span> <span class='ocrx_word' id='word_1_417' title='bbox 1000 3533 1116 3601; x_wconf 83' lang='lat' dir='ltr'><strong>Eodem,</strong></span> <span class='ocrx_word' id='word_1_418' title='bbox 1139 3538 1169 3588; x_wconf 92' lang='lat' dir='ltr'><strong>ut</strong></span> <span class='ocrx_word' id='word_1_419' title='bbox 1193 3548 1269 3602; x_wconf 89' lang='lat' dir='ltr'><strong>rear,</strong></span> <span class='ocrx_word' id='word_1_420' title='bbox 1285 3547 1360 3586; x_wconf 91' lang='lat' dir='ltr'><strong>anno</strong></span> <span class='ocrx_word' id='word_1_421' title='bbox 1381 3531 1529 3587; x_wconf 88' lang='lat' dir='ltr'><strong>Turstittus</strong></span> <span class='ocrx_word' id='word_1_422' title='bbox 1551 3531 1742 3588; x_wconf 83' lang='lat' dir='ltr'><strong>Eboracansis</strong></span> 
     </span>
     <span class='ocr_line' id='line_1_37' title="bbox 61 3623 1745 3699; baseline -0.001 -14"><span class='ocrx_word' id='word_1_423' title='bbox 61 3628 161 3698; x_wconf 87' lang='lat' dir='ltr'><strong>dabat,</strong></span> <span class='ocrx_word' id='word_1_424' title='bbox 189 3636 218 3686; x_wconf 90' lang='lat' dir='ltr'><strong>et</strong></span> <span class='ocrx_word' id='word_1_425' title='bbox 255 3629 403 3686; x_wconf 82' lang='lat' dir='ltr'><strong>defensore</strong></span> <span class='ocrx_word' id='word_1_426' title='bbox 437 3647 535 3687; x_wconf 87' lang='lat' dir='ltr'><strong>carens</strong></span> <span class='ocrx_word' id='word_1_427' title='bbox 569 3631 701 3688; x_wconf 85' lang='lat' dir='ltr'><strong>llltissimi</strong></span> <span class='ocrx_word' id='word_1_428' title='bbox 738 3629 877 3685; x_wconf 86' lang='lat' dir='ltr'><strong>auxilium</strong></span> <span class='ocrx_word' id='word_1_429' title='bbox 927 3625 1169 3699; x_wconf 87' lang='lat' dir='ltr'><strong>archiepiscopus,</strong></span> <span class='ocrx_word' id='word_1_430' title='bbox 1198 3625 1312 3698; x_wconf 76' lang='lat' dir='ltr'><strong>praelati</strong></span> <span class='ocrx_word' id='word_1_431' title='bbox 1338 3623 1444 3682; x_wconf 79' lang='lat' dir='ltr'><strong>Audiui</strong></span> <span class='ocrx_word' id='word_1_432' title='bbox 1467 3624 1566 3696; x_wconf 86' lang='lat' dir='ltr'><strong>irater,</strong></span> <span class='ocrx_word' id='word_1_433' title='bbox 1593 3626 1745 3683; x_wconf 83' lang='lat' dir='ltr'><strong>defunctus</strong></span> 
     </span>
    </p>
   </div>
   <div class='ocr_carea' id='block_1_3' title="bbox 54 3720 1745 4172">
    <p class='ocr_par' dir='ltr' id='par_1_3' title="bbox 54 3720 1046 3802">
     <span class='ocr_line' id='line_1_38' title="bbox 54 3720 1046 3802; baseline -0.008 -19"><span class='ocrx_word' id='word_1_434' title='bbox 54 3726 218 3784; x_wconf 84' lang='lat' dir='ltr'><strong>invocabat.</strong></span> <span class='ocrx_word' id='word_1_435' title='bbox 233 3729 494 3802; x_wconf 87' lang='lat' dir='ltr'><strong>Optimatespopuli</strong></span> <span class='ocrx_word' id='word_1_436' title='bbox 507 3729 579 3784; x_wconf 89' lang='lat' dir='ltr'><strong>dolis</strong></span> <span class='ocrx_word' id='word_1_437' title='bbox 593 3732 623 3784; x_wconf 90' lang='lat' dir='ltr'><strong>et</strong></span> <span class='ocrx_word' id='word_1_438' title='bbox 635 3729 769 3801; x_wconf 83' lang='lat' dir='ltr'><strong>maligma</strong></span> <span class='ocrx_word' id='word_1_439' title='bbox 781 3729 878 3784; x_wconf 89' lang='lat' dir='ltr'><strong>simul·</strong></span> <span class='ocrx_word' id='word_1_440' title='bbox 927 3724 971 3777; x_wconf 87' lang='lat' dir='ltr'><strong>est</strong></span> <span class='ocrx_word' id='word_1_441' title='bbox 980 3720 1046 3793; x_wconf 73' lang='grc'><strong>(83).</strong></span> 
     </span>
    </p>

    <p class='ocr_par' dir='ltr' id='par_1_4' title="bbox 57 3813 1745 4172">
     <span class='ocr_line' id='line_1_39' title="bbox 59 3813 1745 3896; baseline -0.002 -19"><span class='ocrx_word' id='word_1_442' title='bbox 59 3821 169 3877; x_wconf 80' lang='lat' dir='ltr'><strong>latiam</strong></span> <span class='ocrx_word' id='word_1_443' title='bbox 196 3822 370 3892; x_wconf 78' lang='lat' dir='ltr'><strong>insistebant,</strong></span> <span class='ocrx_word' id='word_1_444' title='bbox 405 3829 432 3879; x_wconf 89' lang='lat' dir='ltr'><strong>et</strong></span> <span class='ocrx_word' id='word_1_445' title='bbox 467 3824 665 3879; x_wconf 81' lang='lat' dir='ltr'><strong>fraudulenter</strong></span> <span class='ocrx_word' id='word_1_446' title='bbox 695 3823 877 3896; x_wconf 82' lang='lat' dir='ltr'><strong>quamplures</strong></span> <span class='ocrx_word' id='word_1_447' title='bbox 964 3814 1070 3872; x_wconf 81' lang='lat' dir='ltr'><strong>undem</strong></span> <span class='ocrx_word' id='word_1_448' title='bbox 1086 3819 1224 3888; x_wconf 86' lang='lat' dir='ltr'><strong>tempore,</strong></span> <span class='ocrx_word' id='word_1_449' title='bbox 1236 3813 1362 3871; x_wconf 87' lang='lat' dir='ltr'><strong>turbatio</strong></span> <span class='ocrx_word' id='word_1_450' title='bbox 1371 3830 1479 3886; x_wconf 83' lang='lat' dir='ltr'><strong>magns</strong></span> <span class='ocrx_word' id='word_1_451' title='bbox 1492 3813 1521 3870; x_wconf 91' lang='lat' dir='ltr'><strong>in</strong></span> <span class='ocrx_word' id='word_1_452' title='bbox 1529 3813 1632 3887; x_wconf 75' lang='lat' dir='ltr'><strong>englis</strong></span> <span class='ocrx_word' id='word_1_453' title='bbox 1641 3819 1745 3872; x_wconf 85' lang='lat' dir='ltr'><strong>srorts</strong></span> 
     </span>
     <span class='ocr_line' id='line_1_40' title="bbox 59 3907 1745 3990; baseline -0.001 -19"><span class='ocrx_word' id='word_1_454' title='bbox 59 3915 191 3971; x_wconf 82' lang='lat' dir='ltr'><strong>hostiens</strong></span> <span class='ocrx_word' id='word_1_455' title='bbox 213 3917 353 3985; x_wconf 81' lang='lat' dir='ltr'><strong>invehant,</strong></span> <span class='ocrx_word' id='word_1_456' title='bbox 378 3934 472 3990; x_wconf 85' lang='lat' dir='ltr'><strong>nsque</strong></span> <span class='ocrx_word' id='word_1_457' title='bbox 500 3934 566 3973; x_wconf 88' lang='lat' dir='ltr'><strong>snos</strong></span> <span class='ocrx_word' id='word_1_458' title='bbox 596 3917 798 3985; x_wconf 76' lang='lat' dir='ltr'><strong>defendebant,</strong></span> <span class='ocrx_word' id='word_1_459' title='bbox 826 3917 876 3973; x_wconf 87' lang='lat' dir='ltr'><strong>sed</strong></span> <span class='ocrx_word' id='word_1_460' title='bbox 926 3915 978 3966; x_wconf 85' lang='lat' dir='ltr'><strong>est.</strong></span> <span class='ocrx_word' id='word_1_461' title='bbox 1007 3909 1145 3982; x_wconf 72' lang='lat' dir='ltr'><strong>hogerius</strong></span> <span class='ocrx_word' id='word_1_462' title='bbox 1168 3908 1246 3966; x_wconf 85' lang='lat' dir='ltr'><strong>enirn</strong></span> <span class='ocrx_word' id='word_1_463' title='bbox 1268 3907 1487 3966; x_wconf 81' lang='lat' dir='ltr'><strong>salesburiensis</strong></span> <span class='ocrx_word' id='word_1_464' title='bbox 1506 3909 1620 3982; x_wconf 81' lang='lat' dir='ltr'><strong>presul,</strong></span> <span class='ocrx_word' id='word_1_465' title='bbox 1639 3908 1745 3966; x_wconf 86' lang='lat' dir='ltr'><strong>divitiis</strong></span> 
     </span>
     <span class='ocr_line' id='line_1_41' title="bbox 57 4002 1743 4084; baseline -0.003 -18"><span class='ocrx_word' id='word_1_466' title='bbox 57 4009 160 4066; x_wconf 89' lang='lat' dir='ltr'><strong>ablatis</strong></span> <span class='ocrx_word' id='word_1_467' title='bbox 175 4011 259 4067; x_wconf 88' lang='lat' dir='ltr'><strong>rebus</strong></span> <span class='ocrx_word' id='word_1_468' title='bbox 274 4011 486 4083; x_wconf 90' lang='lat' dir='ltr'><strong>opprimebant,</strong></span> <span class='ocrx_word' id='word_1_469' title='bbox 503 4015 531 4068; x_wconf 86' lang='lat' dir='ltr'><strong>et</strong></span> <span class='ocrx_word' id='word_1_470' title='bbox 547 4010 875 4084; x_wconf 84' lang='lat' dir='ltr'><strong>neqldterillisincum·</strong></span> <span class='ocrx_word' id='word_1_471' title='bbox 926 4021 960 4061; x_wconf 91' lang='lat' dir='ltr'><strong>ac</strong></span> <span class='ocrx_word' id='word_1_472' title='bbox 990 4004 1155 4076; x_wconf 91' lang='lat' dir='ltr'><strong>potentibus</strong></span> <span class='ocrx_word' id='word_1_473' title='bbox 1177 4002 1277 4060; x_wconf 88' lang='lat' dir='ltr'><strong>amicis</strong></span> <span class='ocrx_word' id='word_1_474' title='bbox 1304 4020 1337 4061; x_wconf 89' lang='lat' dir='ltr'><strong>ac</strong></span> <span class='ocrx_word' id='word_1_475' title='bbox 1351 4002 1562 4061; x_wconf 90' lang='lat' dir='ltr'><strong>munitionibus</strong></span> <span class='ocrx_word' id='word_1_476' title='bbox 1583 4002 1743 4061; x_wconf 88' lang='lat' dir='ltr'><strong>admodum</strong></span> 
     </span>
     <span class='ocr_line' id='line_1_42' title="bbox 58 4094 1744 4172; baseline -0.004 -12"><span class='ocrx_word' id='word_1_477' title='bbox 58 4102 177 4160; x_wconf 77' lang='lat' dir='ltr'><strong>bahent.</strong></span> <span class='ocrx_word' id='word_1_478' title='bbox 926 4099 1026 4169; x_wconf 84' lang='lat' dir='ltr'><strong>iratus,</strong></span> <span class='ocrx_word' id='word_1_479' title='bbox 1051 4102 1151 4172; x_wconf 87' lang='lat' dir='ltr'><strong>utpote</strong></span> <span class='ocrx_word' id='word_1_480' title='bbox 1174 4097 1222 4171; x_wconf 89' lang='lat' dir='ltr'><strong>qui</strong></span> <span class='ocrx_word' id='word_1_481' title='bbox 1239 4097 1292 4154; x_wconf 91' lang='lat' dir='ltr'><strong>toti</strong></span> <span class='ocrx_word' id='word_1_482' title='bbox 1316 4097 1428 4169; x_wconf 71' lang='lat' dir='ltr'><strong>anglise</strong></span> <span class='ocrx_word' id='word_1_483' title='bbox 1450 4097 1531 4154; x_wconf 92' lang='lat' dir='ltr'><strong>omni</strong></span> <span class='ocrx_word' id='word_1_484' title='bbox 1555 4097 1614 4153; x_wconf 91' lang='lat' dir='ltr'><strong>vita</strong></span> <span class='ocrx_word' id='word_1_485' title='bbox 1630 4094 1744 4155; x_wconf 76' lang='lat' dir='ltr'><strong>henrici</strong></span> 
     </span>
    </p>
   </div>
   <div class='ocr_carea' id='block_1_4' title="bbox 56 4188 1816 4461">
    <p class='ocr_par' dir='ltr' id='par_1_5' title="bbox 56 4188 1816 4461">
     <span class='ocr_line' id='line_1_43' title="bbox 97 4188 1744 4272; baseline -0.002 -19"><span class='ocrx_word' id='word_1_486' title='bbox 97 4200 136 4254; x_wconf 86' lang='lat' dir='ltr'><strong>Ee</strong></span> <span class='ocrx_word' id='word_1_487' title='bbox 169 4202 308 4272; x_wconf 86' lang='lat' dir='ltr'><strong>tempore,</strong></span> <span class='ocrx_word' id='word_1_488' title='bbox 340 4200 499 4257; x_wconf 78' lang='lat' dir='ltr'><strong>&#39;ledbaldus</strong></span> <span class='ocrx_word' id='word_1_489' title='bbox 534 4199 680 4257; x_wconf 89' lang='lat' dir='ltr'><strong>Beccensis</strong></span> <span class='ocrx_word' id='word_1_490' title='bbox 712 4199 810 4269; x_wconf 91' lang='lat' dir='ltr'><strong>abbas,</strong></span> <span class='ocrx_word' id='word_1_491' title='bbox 839 4200 876 4256; x_wconf 89' lang='lat' dir='ltr'><strong>ad</strong></span> <span class='ocrx_word' id='word_1_492' title='bbox 926 4194 1002 4266; x_wconf 91' lang='lat' dir='ltr'><strong>regis</strong></span> <span class='ocrx_word' id='word_1_493' title='bbox 1017 4193 1180 4266; x_wconf 74' lang='lat' dir='ltr'><strong>praefuerat,</strong></span> <span class='ocrx_word' id='word_1_494' title='bbox 1198 4188 1381 4265; x_wconf 82' lang='lat' dir='ltr'><strong>praecunctis</strong></span> <span class='ocrx_word' id='word_1_495' title='bbox 1395 4191 1744 4265; x_wconf 88' lang='lat' dir='ltr'><strong>regnioptimalibusde·</strong></span> 
     </span>
     <span class='ocr_line' id='line_1_44' title="bbox 56 4284 1816 4391; baseline -0.004 -43"><span class='ocrx_word' id='word_1_496' title='bbox 56 4293 194 4365; x_wconf 88' lang='lat' dir='ltr'><strong>regimen</strong></span> <span class='ocrx_word' id='word_1_497' title='bbox 219 4294 443 4350; x_wconf 86' lang='lat' dir='ltr'><strong>Dorobernensis</strong></span> <span class='ocrx_word' id='word_1_498' title='bbox 459 4295 626 4367; x_wconf 87' lang='lat' dir='ltr'><strong>metropolis</strong></span> <span class='ocrx_word' id='word_1_499' title='bbox 649 4295 678 4350; x_wconf 92' lang='lat' dir='ltr'><strong>iu</strong></span> <span class='ocrx_word' id='word_1_500' title='bbox 703 4295 807 4367; x_wconf 81' lang='lat' dir='ltr'><strong>Anglia</strong></span> <span class='ocrx_word' id='word_1_501' title='bbox 828 4312 876 4351; x_wconf 90' lang='lat' dir='ltr'><strong>as-</strong></span> <span class='ocrx_word' id='word_1_502' title='bbox 926 4288 1086 4360; x_wconf 90' lang='lat' dir='ltr'><strong>rogabatur</strong></span> <span class='ocrx_word' id='word_1_503' title='bbox 1100 4285 1178 4358; x_wconf 92' lang='lat' dir='ltr'><strong>quod</strong></span> <span class='ocrx_word' id='word_1_504' title='bbox 1194 4286 1256 4359; x_wconf 92' lang='lat' dir='ltr'><strong>regi</strong></span> <span class='ocrx_word' id='word_1_505' title='bbox 1284 4284 1459 4391; x_wconf 59' lang='lat' dir='ltr'><strong>dominoque</strong></span> <span class='ocrx_word' id='word_1_506' title='bbox 1473 4301 1524 4390; x_wconf 79' lang='lat' dir='ltr'><strong>sue</strong></span> <span class='ocrx_word' id='word_1_507' title='bbox 1537 4289 1612 4341; x_wconf 89' lang='lat' dir='ltr'><strong>esset</strong></span> <span class='ocrx_word' id='word_1_508' title='bbox 1625 4285 1742 4357; x_wconf 87' lang='lat' dir='ltr'><strong>inlidus,</strong></span> <span class='ocrx_word' id='word_1_509' title='bbox 1811 4320 1816 4331; x_wconf 85' lang='lat'>·</span> 
     </span>
     <span class='ocr_line' id='line_1_45' title="bbox 58 4379 1746 4461; baseline -0.007 -17"><span class='ocrx_word' id='word_1_510' title='bbox 58 4391 195 4459; x_wconf 90' lang='lat' dir='ltr'><strong>sumptus</strong></span> <span class='ocrx_word' id='word_1_511' title='bbox 210 4393 263 4455; x_wconf 91' lang='lat' dir='ltr'><strong>est,</strong></span> <span class='ocrx_word' id='word_1_512' title='bbox 280 4389 365 4461; x_wconf 87' lang='lat' dir='ltr'><strong>eique</strong></span> <span class='ocrx_word' id='word_1_513' title='bbox 379 4389 410 4444; x_wconf 90' lang='lat' dir='ltr'><strong>in</strong></span> <span class='ocrx_word' id='word_1_514' title='bbox 420 4390 480 4445; x_wconf 92' lang='lat' dir='ltr'><strong>leco</strong></span> <span class='ocrx_word' id='word_1_515' title='bbox 490 4390 552 4461; x_wconf 90' lang='lat' dir='ltr'><strong>ejus</strong></span> <span class='ocrx_word' id='word_1_516' title='bbox 567 4389 699 4445; x_wconf 88' lang='lat' dir='ltr'><strong>Letaldus</strong></span> <span class='ocrx_word' id='word_1_517' title='bbox 714 4389 798 4445; x_wconf 80' lang='lat' dir='ltr'><strong>bonae</strong></span> <span class='ocrx_word' id='word_1_518' title='bbox 812 4390 876 4446; x_wconf 83' lang='lat' dir='ltr'><strong>vitoe</strong></span> <span class='ocrx_word' id='word_1_519' title='bbox 926 4388 955 4438; x_wconf 81' lang='lat' dir='ltr'><strong>et</strong></span> <span class='ocrx_word' id='word_1_520' title='bbox 967 4381 1302 4452; x_wconf 73' lang='lat' dir='ltr'><strong>laveretdndegevorum</strong></span> <span class='ocrx_word' id='word_1_521' title='bbox 1312 4380 1448 4452; x_wconf 82' lang='lat' dir='ltr'><strong>pertibus.</strong></span> <span class='ocrx_word' id='word_1_522' title='bbox 1459 4380 1516 4452; x_wconf 89' lang='lat' dir='ltr'><strong>lpsr</strong></span> <span class='ocrx_word' id='word_1_523' title='bbox 1527 4379 1746 4452; x_wconf 86' lang='lat' dir='ltr'><strong>quoqueadhte·</strong></span> 
     </span>
    </p>
   </div>
   <div class='ocr_carea' id='block_1_5' title="bbox 56 4471 1743 4648">
    <p class='ocr_par' dir='ltr' id='par_1_6' title="bbox 56 4471 1743 4648">
     <span class='ocr_line' id='line_1_46' title="bbox 56 4471 1743 4555; baseline -0.006 -17"><span class='ocrx_word' id='word_1_524' title='bbox 56 4483 220 4538; x_wconf 89' lang='lat' dir='ltr'><strong>monachus</strong></span> <span class='ocrx_word' id='word_1_525' title='bbox 241 4482 277 4537; x_wconf 93' lang='lat' dir='ltr'><strong>ad</strong></span> <span class='ocrx_word' id='word_1_526' title='bbox 301 4484 521 4555; x_wconf 84' lang='lat' dir='ltr'><strong>gubernandam</strong></span> <span class='ocrx_word' id='word_1_527' title='bbox 537 4486 706 4541; x_wconf 77' lang='lat' dir='ltr'><strong>Bencensnm</strong></span> <span class='ocrx_word' id='word_1_528' title='bbox 723 4484 875 4541; x_wconf 72' lang='lat' dir='ltr'><strong>Ecclesiam</strong></span> <span class='ocrx_word' id='word_1_529' title='bbox 927 4476 1029 4533; x_wconf 88' lang='lat' dir='ltr'><strong>rebant</strong></span> <span class='ocrx_word' id='word_1_530' title='bbox 1043 4474 1195 4531; x_wconf 90' lang='lat' dir='ltr'><strong>necessarii</strong></span> <span class='ocrx_word' id='word_1_531' title='bbox 1202 4473 1366 4547; x_wconf 90' lang='lat' dir='ltr'><strong>complices,</strong></span> <span class='ocrx_word' id='word_1_532' title='bbox 1382 4471 1457 4528; x_wconf 88' lang='lat' dir='ltr'><strong>lilius</strong></span> <span class='ocrx_word' id='word_1_533' title='bbox 1469 4471 1602 4529; x_wconf 89' lang='lat' dir='ltr'><strong>videlicet</strong></span> <span class='ocrx_word' id='word_1_534' title='bbox 1616 4473 1677 4545; x_wconf 86' lang='lat' dir='ltr'><strong>ejus</strong></span> <span class='ocrx_word' id='word_1_535' title='bbox 1691 4471 1743 4547; x_wconf 92' lang='lat' dir='ltr'><strong>qui</strong></span> 
     </span>
     <span class='ocr_line' id='line_1_47' title="bbox 56 4565 1741 4648; baseline -0.007 -16"><span class='ocrx_word' id='word_1_536' title='bbox 56 4575 234 4648; x_wconf 87' lang='lat' dir='ltr'><strong>subrogatus</strong></span> <span class='ocrx_word' id='word_1_537' title='bbox 247 4576 300 4632; x_wconf 86' lang='lat' dir='ltr'><strong>est.</strong></span> <span class='ocrx_word' id='word_1_538' title='bbox 926 4573 989 4627; x_wconf 88' lang='lat' dir='ltr'><strong>erat</strong></span> <span class='ocrx_word' id='word_1_539' title='bbox 1012 4569 1196 4626; x_wconf 87' lang='lat' dir='ltr'><strong>cancellarius</strong></span> <span class='ocrx_word' id='word_1_540' title='bbox 1225 4567 1301 4640; x_wconf 88' lang='lat' dir='ltr'><strong>regis</strong></span> <span class='ocrx_word' id='word_1_541' title='bbox 1328 4570 1358 4623; x_wconf 93' lang='lat' dir='ltr'><strong>et</strong></span> <span class='ocrx_word' id='word_1_542' title='bbox 1390 4571 1508 4638; x_wconf 87' lang='lat' dir='ltr'><strong>nepotes</strong></span> <span class='ocrx_word' id='word_1_543' title='bbox 1538 4565 1741 4638; x_wconf 86' lang='lat' dir='ltr'><strong>potentissimi,</strong></span> 
     </span>
    </p>
   </div>
   <div class='ocr_carea' id='block_1_6' title="bbox 54 4659 1744 4766">
    <p class='ocr_par' dir='ltr' id='par_1_7' title="bbox 54 4659 1744 4766">
     <span class='ocr_line' id='line_1_48' title="bbox 54 4659 1744 4766; baseline -0.006 -40"><span class='ocrx_word' id='word_1_544' title='bbox 54 4692 111 4748; x_wconf 48' lang='grc' dir='ltr'><strong>χχ,</strong></span> <span class='ocrx_word' id='word_1_545' title='bbox 138 4690 286 4750; x_wconf 55' lang='lat' dir='ltr'><strong><em>Concilium</em></strong></span> <span class='ocrx_word' id='word_1_546' title='bbox 301 4697 461 4751; x_wconf 38' lang='lat' dir='ltr'><em>Romanum·</em></span> <span class='ocrx_word' id='word_1_547' title='bbox 483 4696 611 4751; x_wconf 52' lang='lat' dir='ltr'><strong><em>Audiam</em></strong></span> <span class='ocrx_word' id='word_1_548' title='bbox 632 4697 798 4753; x_wconf 51' lang='lat' dir='ltr'><strong>mmm</strong></span> <span class='ocrx_word' id='word_1_549' title='bbox 816 4698 874 4766; x_wconf 57' lang='lat' dir='ltr'><strong>epi,</strong></span> <span class='ocrx_word' id='word_1_550' title='bbox 925 4681 1047 4738; x_wconf 89' lang='lat' dir='ltr'><strong>quorum</strong></span> <span class='ocrx_word' id='word_1_551' title='bbox 1061 4679 1135 4720; x_wconf 88' lang='lat' dir='ltr'><strong>unus</strong></span> <span class='ocrx_word' id='word_1_552' title='bbox 1151 4666 1212 4719; x_wconf 88' lang='lat' dir='ltr'><strong>erat</strong></span> <span class='ocrx_word' id='word_1_553' title='bbox 1232 4662 1382 4735; x_wconf 90' lang='lat' dir='ltr'><strong>episcopus</strong></span> <span class='ocrx_word' id='word_1_554' title='bbox 1405 4660 1613 4717; x_wconf 79' lang='lat' dir='ltr'><strong>lincolniensis</strong></span> <span class='ocrx_word' id='word_1_555' title='bbox 1628 4659 1744 4717; x_wconf 89' lang='lat' dir='ltr'><strong>etaller</strong></span> 
     </span>
    </p>
   </div>
   <div class='ocr_carea' id='block_1_7' title="bbox 92 4759 1744 4925">
    <p class='ocr_par' dir='ltr' id='par_1_8' title="bbox 92 4759 1744 4925">
     <span class='ocr_line' id='line_1_49' title="bbox 92 4759 1073 4846; baseline -0.01 -8"><span class='ocrx_word' id='word_1_556' title='bbox 92 4788 199 4842; x_wconf 66' lang='lat' dir='ltr'><strong>twlltlt·</strong></span> <span class='ocrx_word' id='word_1_557' title='bbox 215 4773 294 4829; x_wconf 72' lang='lat' dir='ltr'><strong>Gesta</strong></span> <span class='ocrx_word' id='word_1_558' title='bbox 307 4776 711 4846; x_wconf 69' lang='lat' dir='ltr'><strong>mvcopaumsmssourtensis</strong></span> <span class='ocrx_word' id='word_1_559' title='bbox 726 4781 752 4832; x_wconf 87' lang='lat' dir='ltr'><strong>et</strong></span> <span class='ocrx_word' id='word_1_560' title='bbox 766 4777 874 4833; x_wconf 79' lang='lat' dir='ltr'><strong>Haltera-</strong></span> <span class='ocrx_word' id='word_1_561' title='bbox 925 4759 1073 4816; x_wconf 62' lang='grc' dir='ltr'>ΗθῙῑθΠῡίθ-</span> 
     </span>
     <span class='ocr_line' id='line_1_50' title="bbox 92 4847 1744 4925; baseline -0.001 -17"><span class='ocrx_word' id='word_1_562' title='bbox 92 4855 141 4908; x_wconf 85' lang='lat' dir='ltr'><strong>st&#39;s.</strong></span> <span class='ocrx_word' id='word_1_563' title='bbox 167 4853 310 4910; x_wconf 83' lang='lat' dir='ltr'><strong>llottildv&#39;s</strong></span> <span class='ocrx_word' id='word_1_564' title='bbox 331 4856 534 4925; x_wconf 69' lang='lat' dir='ltr'><strong>andegavensis</strong></span> <span class='ocrx_word' id='word_1_565' title='bbox 554 4859 691 4912; x_wconf 82' lang='lat' dir='ltr'><strong>comitissa</strong></span> <span class='ocrx_word' id='word_1_566' title='bbox 714 4858 876 4925; x_wconf 77' lang='lat' dir='ltr'><strong>transfretat</strong></span> <span class='ocrx_word' id='word_1_567' title='bbox 961 4850 1279 4912; x_wconf 82' lang='lat' dir='ltr'><strong>Porroexabundantia</strong></span> <span class='ocrx_word' id='word_1_568' title='bbox 1294 4848 1494 4922; x_wconf 89' lang='lat' dir='ltr'><strong>multiplicium</strong></span> <span class='ocrx_word' id='word_1_569' title='bbox 1507 4847 1744 4907; x_wconf 82' lang='lat' dir='ltr'><strong>divitiarnmtarn</strong></span> 
     </span>
    </p>
   </div>
   <div class='ocr_carea' id='block_1_8' title="bbox 92 4935 1744 5119">
    <p class='ocr_par' dir='ltr' id='par_1_9' title="bbox 92 4935 1744 5119">
     <span class='ocr_line' id='line_1_51' title="bbox 94 4935 1744 5015; baseline -0.003 -11"><span class='ocrx_word' id='word_1_570' title='bbox 94 4935 124 4988; x_wconf 63' lang='lat' dir='ltr'><strong>in</strong></span> <span class='ocrx_word' id='word_1_571' title='bbox 136 4935 266 5003; x_wconf 60' lang='lat' dir='ltr'><strong>Adollam</strong></span> <span class='ocrx_word' id='word_1_572' title='bbox 283 4937 422 4990; x_wconf 82' lang='lat' dir='ltr'><strong>‚Euentus</strong></span> <span class='ocrx_word' id='word_1_573' title='bbox 434 4938 517 4992; x_wconf 62' lang='lat' dir='ltr'><strong>varil-</strong></span> <span class='ocrx_word' id='word_1_574' title='bbox 925 4949 1094 5005; x_wconf 88' lang='lat' dir='ltr'><strong>sublimibus</strong></span> <span class='ocrx_word' id='word_1_575' title='bbox 1106 4948 1173 5003; x_wconf 88' lang='lat' dir='ltr'><strong>viris</strong></span> <span class='ocrx_word' id='word_1_576' title='bbox 1185 4945 1305 5003; x_wconf 89' lang='lat' dir='ltr'><strong>audacia</strong></span> <span class='ocrx_word' id='word_1_577' title='bbox 1330 4943 1434 5014; x_wconf 88' lang='lat' dir='ltr'><strong>inerat,</strong></span> <span class='ocrx_word' id='word_1_578' title='bbox 1454 4949 1622 5015; x_wconf 89' lang='lat' dir='ltr'><strong>temereque</strong></span> <span class='ocrx_word' id='word_1_579' title='bbox 1636 4943 1744 5000; x_wconf 88' lang='lat' dir='ltr'><strong>vicinos</strong></span> 
     </span>
     <span class='ocr_line' id='line_1_52' title="bbox 92 5036 1744 5119; baseline -0.004 -17"><span class='ocrx_word' id='word_1_580' title='bbox 92 5050 177 5103; x_wconf 84' lang='lat' dir='ltr'><strong>Anno</strong></span> <span class='ocrx_word' id='word_1_581' title='bbox 193 5048 228 5103; x_wconf 90' lang='lat' dir='ltr'><strong>ab</strong></span> <span class='ocrx_word' id='word_1_582' title='bbox 238 5048 437 5104; x_wconf 85' lang='lat' dir='ltr'><strong>iucarnatione</strong></span> <span class='ocrx_word' id='word_1_583' title='bbox 450 5048 563 5105; x_wconf 85' lang='lat' dir='ltr'><strong>Domini</strong></span> <span class='ocrx_word' id='word_1_584' title='bbox 577 5051 657 5118; x_wconf 71' lang='lat' dir='ltr'><strong>llll,</strong></span> <span class='ocrx_word' id='word_1_585' title='bbox 672 5048 826 5106; x_wconf 88' lang='lat' dir='ltr'><strong>indictione</strong></span> <span class='ocrx_word' id='word_1_586' title='bbox 844 5065 875 5119; x_wconf 87' lang='grc' dir='ltr'><strong>ιι,</strong></span> <span class='ocrx_word' id='word_1_587' title='bbox 925 5043 1076 5116; x_wconf 85' lang='lat' dir='ltr'><strong>optimates</strong></span> <span class='ocrx_word' id='word_1_588' title='bbox 1098 5041 1180 5097; x_wconf 86' lang='lat' dir='ltr'><strong>variis</strong></span> <span class='ocrx_word' id='word_1_589' title='bbox 1200 5038 1426 5097; x_wconf 84' lang='lat' dir='ltr'><strong>intestationibus</strong></span> <span class='ocrx_word' id='word_1_590' title='bbox 1451 5036 1616 5109; x_wconf 90' lang='lat' dir='ltr'><strong>inquietare</strong></span> <span class='ocrx_word' id='word_1_591' title='bbox 1630 5053 1744 5112; x_wconf 74' lang='lat' dir='ltr'><strong>presu-</strong></span> 
     </span>
    </p>
   </div>
   <div class='ocr_carea' id='block_1_9' title="bbox 33 5226 1777 5733">
    <p class='ocr_par' dir='ltr' id='par_1_10' title="bbox 33 5226 1777 5733">
     <span class='ocr_line' id='line_1_53' title="bbox 88 5226 1745 5304; baseline -0.008 -12"><span class='ocrx_word' id='word_1_592' title='bbox 88 5240 141 5304; x_wconf 77' lang='grc'>(83)</span> <span class='ocrx_word' id='word_1_593' title='bbox 153 5239 301 5290; x_wconf 77' lang='lat' dir='ltr'><strong>lnrstlnus</strong></span> <span class='ocrx_word' id='word_1_594' title='bbox 314 5254 379 5291; x_wconf 88' lang='lat' dir='ltr'><strong>cnm</strong></span> <span class='ocrx_word' id='word_1_595' title='bbox 393 5240 495 5293; x_wconf 87' lang='lat' dir='ltr'><strong>instare</strong></span> <span class='ocrx_word' id='word_1_596' title='bbox 507 5240 560 5291; x_wconf 88' lang='lat' dir='ltr'><strong>sibl</strong></span> <span class='ocrx_word' id='word_1_597' title='bbox 575 5240 639 5291; x_wconf 80' lang='lat' dir='ltr'><strong>vilse</strong></span> <span class='ocrx_word' id='word_1_598' title='bbox 651 5239 737 5293; x_wconf 86' lang='lat' dir='ltr'><strong>finem</strong></span> <span class='ocrx_word' id='word_1_599' title='bbox 751 5241 875 5293; x_wconf 74' lang='lat' dir='ltr'><strong>animad-</strong></span> <span class='ocrx_word' id='word_1_600' title='bbox 927 5236 971 5286; x_wconf 90' lang='lat' dir='ltr'><strong>tus</strong></span> <span class='ocrx_word' id='word_1_601' title='bbox 984 5233 1029 5285; x_wconf 89' lang='lat' dir='ltr'><strong>sui</strong></span> <span class='ocrx_word' id='word_1_602' title='bbox 1043 5244 1117 5285; x_wconf 80' lang='lat' dir='ltr'><strong>xxvi</strong></span> <span class='ocrx_word' id='word_1_603' title='bbox 1136 5234 1164 5284; x_wconf 91' lang='lat' dir='ltr'><strong>et</strong></span> <span class='ocrx_word' id='word_1_604' title='bbox 1181 5241 1276 5281; x_wconf 87' lang='lat' dir='ltr'><strong>manse</strong></span> <span class='ocrx_word' id='word_1_605' title='bbox 1295 5242 1333 5292; x_wconf 85' lang='lat' dir='ltr'><strong>vt,</strong></span> <span class='ocrx_word' id='word_1_606' title='bbox 1353 5240 1404 5281; x_wconf 91' lang='lat' dir='ltr'><strong>vm</strong></span> <span class='ocrx_word' id='word_1_607' title='bbox 1422 5226 1488 5279; x_wconf 88' lang='lat' dir='ltr'><strong>Idus</strong></span> <span class='ocrx_word' id='word_1_608' title='bbox 1506 5226 1659 5290; x_wconf 79' lang='lat' dir='ltr'><strong>Februarii,</strong></span> <span class='ocrx_word' id='word_1_609' title='bbox 1675 5226 1745 5280; x_wconf 86' lang='lat' dir='ltr'><strong>laria</strong></span> 
     </span>
     <span class='ocr_line' id='line_1_54' title="bbox 33 5298 1746 5383; baseline -0.008 -19"><span class='ocrx_word' id='word_1_610' title='bbox 33 5314 186 5370; x_wconf 88' lang='lat' dir='ltr'><strong>·verleret,</strong></span> <span class='ocrx_word' id='word_1_611' title='bbox 213 5309 350 5362; x_wconf 86' lang='lat' dir='ltr'><strong>abdicetis</strong></span> <span class='ocrx_word' id='word_1_612' title='bbox 373 5311 479 5374; x_wconf 84' lang='lat' dir='ltr'><strong>intulis,</strong></span> <span class='ocrx_word' id='word_1_613' title='bbox 501 5311 641 5376; x_wconf 81' lang='lat' dir='ltr'><strong>profectus</strong></span> <span class='ocrx_word' id='word_1_614' title='bbox 664 5312 693 5361; x_wconf 91' lang='lat' dir='ltr'><strong>in</strong></span> <span class='ocrx_word' id='word_1_615' title='bbox 717 5312 877 5365; x_wconf 86' lang='lat' dir='ltr'><strong>Pontelrac·</strong></span> <span class='ocrx_word' id='word_1_616' title='bbox 927 5321 974 5359; x_wconf 88' lang='lat' dir='ltr'><strong>v...</strong></span> <span class='ocrx_word' id='word_1_617' title='bbox 997 5305 1116 5359; x_wconf 87' lang='lat' dir='ltr'><strong>reddidit</strong></span> <span class='ocrx_word' id='word_1_618' title='bbox 1132 5304 1269 5369; x_wconf 89' lang='lat' dir='ltr'><strong>spiritum.</strong></span> <span class='ocrx_word' id='word_1_619' title='bbox 1287 5301 1358 5365; x_wconf 87' lang='lat' dir='ltr'><strong>Quae</strong></span> <span class='ocrx_word' id='word_1_620' title='bbox 1374 5304 1449 5352; x_wconf 81' lang='lat' dir='ltr'><strong>nolas</strong></span> <span class='ocrx_word' id='word_1_621' title='bbox 1469 5298 1611 5353; x_wconf 80' lang='lat' dir='ltr'><strong>chronicas</strong></span> <span class='ocrx_word' id='word_1_622' title='bbox 1631 5298 1667 5352; x_wconf 91' lang='lat' dir='ltr'><strong>ab</strong></span> <span class='ocrx_word' id='word_1_623' title='bbox 1690 5299 1746 5383; x_wconf 80' lang='lat' dir='ltr'><strong>illia</strong></span> 
     </span>
     <span class='ocr_line' id='line_1_55' title="bbox 53 5374 1746 5454; baseline -0.008 -21"><span class='ocrx_word' id='word_1_624' title='bbox 53 5387 137 5434; x_wconf 90' lang='lat' dir='ltr'><strong>tense</strong></span> <span class='ocrx_word' id='word_1_625' title='bbox 155 5381 350 5433; x_wconf 83' lang='lat' dir='ltr'><strong>cluniacensis</strong></span> <span class='ocrx_word' id='word_1_626' title='bbox 365 5381 476 5434; x_wconf 86' lang='lat' dir='ltr'><strong>Ordinis</strong></span> <span class='ocrx_word' id='word_1_627' title='bbox 494 5383 522 5432; x_wconf 92' lang='lat' dir='ltr'><strong>in</strong></span> <span class='ocrx_word' id='word_1_628' title='bbox 543 5382 643 5447; x_wconf 75' lang='lat' dir='ltr'><strong>anglia</strong></span> <span class='ocrx_word' id='word_1_629' title='bbox 663 5381 831 5444; x_wconf 80' lang='lat' dir='ltr'><strong>coenobium,</strong></span> <span class='ocrx_word' id='word_1_630' title='bbox 847 5382 877 5434; x_wconf 92' lang='lat' dir='ltr'><strong>ln</strong></span> <span class='ocrx_word' id='word_1_631' title='bbox 926 5377 1108 5444; x_wconf 89' lang='lat' dir='ltr'><strong>scriptoribus</strong></span> <span class='ocrx_word' id='word_1_632' title='bbox 1123 5374 1220 5441; x_wconf 76' lang='lat' dir='ltr'><strong>englis</strong></span> <span class='ocrx_word' id='word_1_633' title='bbox 1236 5378 1376 5439; x_wconf 72' lang='lat' dir='ltr'><strong>usurpatae</strong></span> <span class='ocrx_word' id='word_1_634' title='bbox 1393 5384 1499 5423; x_wconf 91' lang='lat' dir='ltr'><strong>annum</strong></span> <span class='ocrx_word' id='word_1_635' title='bbox 1516 5376 1679 5454; x_wconf 77' lang='lat' dir='ltr'><strong>sequentem</strong></span> <span class='ocrx_word' id='word_1_636' title='bbox 1698 5384 1746 5420; x_wconf 79' lang='lat' dir='ltr'><strong>m-</strong></span> 
     </span>
     <span class='ocr_line' id='line_1_56' title="bbox 54 5442 1745 5526; baseline -0.007 -22"><span class='ocrx_word' id='word_1_637' title='bbox 54 5454 102 5504; x_wconf 88' lang='lat' dir='ltr'><strong>die</strong></span> <span class='ocrx_word' id='word_1_638' title='bbox 116 5452 310 5506; x_wconf 89' lang='lat' dir='ltr'><strong>conversionis</strong></span> <span class='ocrx_word' id='word_1_639' title='bbox 324 5452 349 5504; x_wconf 87' lang='lat' dir='ltr'><strong>S.</strong></span> <span class='ocrx_word' id='word_1_640' title='bbox 371 5453 459 5515; x_wconf 88' lang='lat' dir='ltr'><strong>Pauli,</strong></span> <span class='ocrx_word' id='word_1_641' title='bbox 480 5454 572 5518; x_wconf 87' lang='lat' dir='ltr'><strong>inquil</strong></span> <span class='ocrx_word' id='word_1_642' title='bbox 590 5454 711 5504; x_wconf 84' lang='lat' dir='ltr'><strong>loannes</strong></span> <span class='ocrx_word' id='word_1_643' title='bbox 728 5454 877 5519; x_wconf 87' lang='lat' dir='ltr'><strong>Hngustal-</strong></span> <span class='ocrx_word' id='word_1_644' title='bbox 927 5449 1023 5501; x_wconf 88' lang='lat' dir='ltr'><strong>dicent</strong></span> <span class='ocrx_word' id='word_1_645' title='bbox 1047 5462 1063 5498; x_wconf 85' lang='lat' dir='ltr'><strong>a</strong></span> <span class='ocrx_word' id='word_1_646' title='bbox 1088 5445 1221 5498; x_wconf 87' lang='lat' dir='ltr'><strong>Kalendis</strong></span> <span class='ocrx_word' id='word_1_647' title='bbox 1248 5447 1382 5496; x_wconf 90' lang='lat' dir='ltr'><strong>nimirum</strong></span> <span class='ocrx_word' id='word_1_648' title='bbox 1412 5444 1537 5495; x_wconf 86' lang='lat' dir='ltr'><strong>Januarit</strong></span> <span class='ocrx_word' id='word_1_649' title='bbox 1560 5442 1745 5526; x_wconf 59' lang='lat' dir='ltr'><strong>inchoatam,</strong></span> 
     </span>
     <span class='ocr_line' id='line_1_57' title="bbox 53 5513 1745 5598; baseline -0.006 -23"><span class='ocrx_word' id='word_1_650' title='bbox 53 5524 153 5575; x_wconf 87' lang='lat' dir='ltr'><strong>densis</strong></span> <span class='ocrx_word' id='word_1_651' title='bbox 181 5525 264 5588; x_wconf 88' lang='lat' dir='ltr'><strong>prior,</strong></span> <span class='ocrx_word' id='word_1_652' title='bbox 291 5523 417 5575; x_wconf 88' lang='lat' dir='ltr'><strong>habitum</strong></span> <span class='ocrx_word' id='word_1_653' title='bbox 443 5531 472 5576; x_wconf 89' lang='lat' dir='ltr'><strong>at</strong></span> <span class='ocrx_word' id='word_1_654' title='bbox 497 5524 720 5578; x_wconf 87' lang='lat' dir='ltr'><strong>benedictionem</strong></span> <span class='ocrx_word' id='word_1_655' title='bbox 746 5525 879 5576; x_wconf 84' lang='lat' dir='ltr'><strong>monachi</strong></span> <span class='ocrx_word' id='word_1_656' title='bbox 927 5534 983 5585; x_wconf 87' lang='lat' dir='ltr'><strong>quo</strong></span> <span class='ocrx_word' id='word_1_657' title='bbox 1003 5531 1097 5571; x_wconf 86' lang='lat' dir='ltr'><strong>revera</strong></span> <span class='ocrx_word' id='word_1_658' title='bbox 1116 5524 1233 5570; x_wconf 86' lang='lat' dir='ltr'><strong>octavus</strong></span> <span class='ocrx_word' id='word_1_659' title='bbox 1253 5516 1314 5569; x_wconf 86' lang='lat' dir='ltr'><strong>dies</strong></span> <span class='ocrx_word' id='word_1_660' title='bbox 1336 5516 1403 5568; x_wconf 85' lang='lat' dir='ltr'><strong>idus</strong></span> <span class='ocrx_word' id='word_1_661' title='bbox 1423 5513 1568 5598; x_wconf 76' lang='lat' dir='ltr'><strong>Februarii</strong></span> <span class='ocrx_word' id='word_1_662' title='bbox 1596 5526 1624 5564; x_wconf 88' lang='lat' dir='ltr'><strong>ln</strong></span> <span class='ocrx_word' id='word_1_663' title='bbox 1647 5513 1745 5565; x_wconf 80' lang='lat' dir='ltr'><strong>tertam</strong></span> 
     </span>
     <span class='ocr_line' id='line_1_58' title="bbox 53 5584 1747 5661; baseline -0.009 -14"><span class='ocrx_word' id='word_1_664' title='bbox 53 5595 220 5647; x_wconf 88' lang='lat' dir='ltr'><strong>solemniter</strong></span> <span class='ocrx_word' id='word_1_665' title='bbox 240 5595 373 5659; x_wconf 83' lang='lat' dir='ltr'><strong>suscepit,</strong></span> <span class='ocrx_word' id='word_1_666' title='bbox 394 5600 422 5647; x_wconf 89' lang='lat' dir='ltr'><strong>et</strong></span> <span class='ocrx_word' id='word_1_667' title='bbox 442 5596 562 5648; x_wconf 87' lang='lat' dir='ltr'><strong>residuis</strong></span> <span class='ocrx_word' id='word_1_668' title='bbox 585 5595 684 5647; x_wconf 88' lang='lat' dir='ltr'><strong>diebus</strong></span> <span class='ocrx_word' id='word_1_669' title='bbox 707 5595 811 5661; x_wconf 86' lang='lat' dir='ltr'><strong>qulbus</strong></span> <span class='ocrx_word' id='word_1_670' title='bbox 831 5609 878 5647; x_wconf 90' lang='lat' dir='ltr'><strong>su·</strong></span> <span class='ocrx_word' id='word_1_671' title='bbox 927 5589 1106 5655; x_wconf 86' lang='lat' dir='ltr'><strong>vineidabat,</strong></span> <span class='ocrx_word' id='word_1_672' title='bbox 1119 5602 1227 5641; x_wconf 90' lang='lat' dir='ltr'><strong>necnon</strong></span> <span class='ocrx_word' id='word_1_673' title='bbox 1244 5601 1335 5639; x_wconf 86' lang='lat' dir='ltr'><strong>annas</strong></span> <span class='ocrx_word' id='word_1_674' title='bbox 1352 5598 1433 5639; x_wconf 80' lang='lat' dir='ltr'><strong>txxv</strong></span> <span class='ocrx_word' id='word_1_675' title='bbox 1452 5598 1593 5652; x_wconf 84' lang='lat' dir='ltr'><strong>ingressus</strong></span> <span class='ocrx_word' id='word_1_676' title='bbox 1608 5584 1747 5636; x_wconf 74' lang='lat' dir='ltr'><strong>uomen-</strong></span> 
     </span>
     <span class='ocr_line' id='line_1_59' title="bbox 53 5650 1777 5733; baseline -0.009 -16"><span class='ocrx_word' id='word_1_677' title='bbox 53 5666 185 5733; x_wconf 82' lang='lat' dir='ltr'><strong>pervixil,</strong></span> <span class='ocrx_word' id='word_1_678' title='bbox 208 5666 242 5718; x_wconf 91' lang='lat' dir='ltr'><strong>de</strong></span> <span class='ocrx_word' id='word_1_679' title='bbox 259 5667 349 5719; x_wconf 88' lang='lat' dir='ltr'><strong>saluta</strong></span> <span class='ocrx_word' id='word_1_680' title='bbox 369 5669 469 5719; x_wconf 80' lang='lat' dir='ltr'><strong>animae</strong></span> <span class='ocrx_word' id='word_1_681' title='bbox 488 5669 623 5719; x_wconf 89' lang='lat' dir='ltr'><strong>remissus</strong></span> <span class='ocrx_word' id='word_1_682' title='bbox 637 5681 694 5718; x_wconf 93' lang='grc' dir='ltr'>ιιοιι</span> <span class='ocrx_word' id='word_1_683' title='bbox 712 5668 774 5720; x_wconf 89' lang='lat' dir='ltr'><strong>luit.</strong></span> <span class='ocrx_word' id='word_1_684' title='bbox 794 5668 878 5720; x_wconf 79' lang='lat' dir='ltr'><strong>Anno</strong></span> <span class='ocrx_word' id='word_1_685' title='bbox 926 5676 1029 5717; x_wconf 85' lang='lat' dir='ltr'><strong>norum</strong></span> <span class='ocrx_word' id='word_1_686' title='bbox 1050 5662 1083 5716; x_wconf 87' lang='lat' dir='ltr'><strong>ln</strong></span> <span class='ocrx_word' id='word_1_687' title='bbox 1107 5661 1249 5730; x_wconf 64' lang='lat' dir='ltr'><strong>angliam,</strong></span> <span class='ocrx_word' id='word_1_688' title='bbox 1265 5658 1513 5728; x_wconf 52' lang='lat' dir='ltr'><strong>admittentesque</strong></span> <span class='ocrx_word' id='word_1_689' title='bbox 1527 5650 1777 5704; x_wconf 57' lang='lat' dir='ltr'><strong>mandatam.</strong></span> 
     </span>
    </p>
   </div>
   <div class='ocr_carea' id='block_1_10' title="bbox 44 5737 1756 5891">
    <p class='ocr_par' dir='ltr' id='par_1_11' title="bbox 44 5737 1756 5891">
     <span class='ocr_line' id='line_1_60' title="bbox 53 5737 1078 5806; baseline 0.004 -18"><span class='ocrx_word' id='word_1_690' title='bbox 53 5737 149 5800; x_wconf 79' lang='lat' dir='ltr'><strong>igltur,</strong></span> <span class='ocrx_word' id='word_1_691' title='bbox 168 5738 258 5799; x_wconf 81' lang='lat' dir='ltr'><strong>pergil</strong></span> <span class='ocrx_word' id='word_1_692' title='bbox 274 5737 359 5798; x_wconf 82' lang='lat' dir='ltr'><strong>idem,</strong></span> <span class='ocrx_word' id='word_1_693' title='bbox 379 5739 469 5790; x_wconf 87' lang='lat' dir='ltr'><strong>lucar.</strong></span> <span class='ocrx_word' id='word_1_694' title='bbox 491 5739 574 5791; x_wconf 75' lang='lat' dir='ltr'><strong>Dom·</strong></span> <span class='ocrx_word' id='word_1_695' title='bbox 598 5740 669 5806; x_wconf 86' lang='lat' dir='ltr'><strong>lllll,</strong></span> <span class='ocrx_word' id='word_1_696' title='bbox 695 5740 732 5795; x_wconf 83' lang='lat' dir='ltr'><strong>ab</strong></span> <span class='ocrx_word' id='word_1_697' title='bbox 755 5740 882 5797; x_wconf 84' lang='lat' dir='ltr'><strong>adventu</strong></span> <span class='ocrx_word' id='word_1_698' title='bbox 924 5738 1078 5796; x_wconf 61' lang='lat' dir='ltr'><strong>ellinhilt.</strong></span> 
     </span>
     <span class='ocr_line' id='line_1_61' title="bbox 44 5774 1756 5891; baseline -0.013 -35"><span class='ocrx_word' id='word_1_699' title='bbox 44 5804 267 5856; x_wconf 65' lang='lat' dir='ltr'><strong>normannorum</strong></span> <span class='ocrx_word' id='word_1_700' title='bbox 283 5808 313 5856; x_wconf 90' lang='lat' dir='ltr'><strong>ln</strong></span> <span class='ocrx_word' id='word_1_701' title='bbox 334 5809 466 5874; x_wconf 71' lang='lat' dir='ltr'><strong>angliam</strong></span> <span class='ocrx_word' id='word_1_702' title='bbox 488 5813 583 5879; x_wconf 70' lang='lat' dir='ltr'><strong>cxxv,</strong></span> <span class='ocrx_word' id='word_1_703' title='bbox 604 5820 634 5870; x_wconf 88' lang='lat' dir='ltr'><strong>et</strong></span> <span class='ocrx_word' id='word_1_704' title='bbox 650 5816 885 5891; x_wconf 76' lang='lat' dir='ltr'><strong>archiepiscopa-</strong></span> <span class='ocrx_word' id='word_1_705' title='bbox 1469 5774 1756 5861; x_wconf 37' lang='lat' dir='ltr'><strong>manmena&amp;</strong></span> 
     </span>
    </p>
   </div>
   <div class='ocr_carea' id='block_1_11' title="bbox 0 0 1880 6046">
    <p class='ocr_par' dir='ltr' id='par_1_12' title="bbox 0 0 1880 6046">
     <span class='ocr_line' id='line_1_62' title="bbox 0 0 1880 6046; baseline 0 0"><span class='ocrx_word' id='word_1_706' title='bbox 0 0 1880 6046; x_wconf 95' lang='lat' dir='ltr'><strong> </strong></span> 
     </span>
    </p>
   </div>
  </div>
 </body>
</html>
