3750 6046
117 178 157 239 bb
283 135 287 140 v
533 177 689 240 ursionis
711 173 978 241 ECCLESlhsTle.
994 209 1029 224 -·
1043 175 1128 239 PARS
1147 184 1217 237 1.-
1233 175 1297 239 tls.
1319 174 1353 239 lt.
1733 182 1785 243 208

113 302 309 359 maledictionis
335 302 550 361 absolveremur
556 323 565 375 ;
594 306 710 375 illusus,
736 313 769 362 ut
797 324 850 364 nos
882 305 918 362 ab
929 322 1026 408 Anus
1039 305 1215 376 exosculans,
1226 305 1279 361 sibi
1293 307 1386 362 locum
1399 304 1575 377 paenitentia
1589 307 1650 363 dari
1663 310 1782 381 rogavit.

111 397 233 452 illusione
257 396 427 453 damonum
449 403 576 467 ιιιιιιιι;
599 399 790 470 venundatus,
816 407 846 457 ut
867 416 918 456 nos
968 400 1074 456 Eadem
1086 401 1157 461 hora
1173 399 1255 456 multi
1269 400 1417 456 dmmoucs
1430 416 1465 456 ιι
1480 399 1599 457 obsessis
1614 403 1782 475 corporibus

108 490 271 560 intimaret,
296 490 476 559 humiliatus,
500 496 533 548 ut
559 509 611 549 nos
635 495 785 564 exaltaret3
808 497 917 565 captus,
967 494 1073 565 egressi
1097 497 1174 562 sunt,
1196 493 1345 566 sanctique
1368 493 1493 550 silvestri
1511 494 1592 565 jussu
1615 511 1644 551 sa
1669 501 1780 554 coactos

105 589 133 640 at
144 600 196 640 uos
206 583 244 640 da
257 584 420 656 captivitate
434 585 599 642 demonum
612 587 755 655 auterret;
768 587 916 660 spoliatus,
968 587 1044 642 exire
1058 586 1266 643 confessisunt.

104 681 131 732 ut
142 677 260 733 nuditas
273 677 360 750 primi
373 678 508 747 bominis,
522 696 575 751 per
589 696 677 753 quam
695 697 772 736 mors
787 679 917 753 ingressa
1002 681 1033 735 ln
1049 681 1168 753 prosata
1186 678 1414 736 Christianorum
1435 681 1642 738 attudeorum
1660 685 1778 743 alterca-

101 775 148 839 est,
169 776 332 843 tegeretnr;
351 772 441 844 spinis
461 775 625 843 coronatus,
644 779 678 830 ιιι
697 775 793 846 spinas
812 790 844 829 ac
863 774 915 829 tri·
965 772 1052 844 tione,
1072 771 1244 845 Zenophilus
1264 775 1294 829 et
1313 774 1416 829 Craton
1439 773 1575 847 precipui
1597 792 1729 834 censores
1751 784 1781 836 ct

100 864 179 920 bulos
199 864 304 936 primae
324 865 533 922 maledictionis
553 883 570 922 a
590 867 670 922 nobis
691 867 833 938 auferrct3
851 868 915 923 felle
966 865 1101 922 ordinarii
1120 866 1155 921 ab
1168 869 1295 938 Augusto
1312 870 1341 922 et
1354 870 1453 922 senatu
1466 867 1549 923 electi
1566 868 1692 939 fuerunt,
1707 889 1778 944 quo·

99 958 205 1014 cibatus
225 961 256 1014 ιι
275 963 353 1016 aceto
371 962 494 1031 potatus,
510 965 541 1016 ut
559 976 610 1016 nos
630 961 660 1016 in
678 963 788 1017 terram
801 960 873 1016 lacte
888 962 917 1016 et
965 975 1030 1015 rum
1044 976 1116 1016 unus
1130 964 1192 1015 erat
1206 959 1319 1015 Graecus
1332 964 1361 1015 at
1373 960 1447 1015 alter
1460 959 1584 1016 Latinus.
1599 963 1690 1018 Ambo
1704 966 1780 1036 pari·

98 1051 181 1106 melle
200 1056 371 1109 manantem
390 1052 600 1124 introducerem
618 1057 764 1126 postremo
783 1053 812 1109 in
831 1053 915 1110 altari
965 1052 1064 1108 tissimi
1079 1055 1159 1108 erant
1173 1056 1299 1108 oratores
1318 1057 1347 1108 et
1360 1052 1470 1109 dicaces
1484 1053 1612 1110 veritatis
1624 1061 1778 1128 amatores,

96 1144 186 1200 crucis
199 1145 387 1215 sacritleatus,
401 1151 434 1202 ιιι
445 1147 531 1202 totius
545 1147 648 1202 usundi
664 1151 781 1219 paccata
795 1147 913 1204 deleret.
965 1145 1031 1200 etin
1044 1145 1260 1201 llomauacuria
1270 1145 1449 1216 perlongum
1459 1150 1575 1218 tempus
1585 1148 1778 1218 probatissimi

95 1237 142 1291 llic
154 1236 264 1294 defecit
272 1245 479 1310 argumentum
490 1238 594 1295 diaboli
606 1256 613 1294 ε
626 1240 675 1310 qui
685 1240 806 1296 vitulum
816 1244 915 1296 contra
964 1238 1140 1294 rectitudinis
1159 1240 1329 1306 servatores,
1350 1237 1532 1310 avaritiaeque
1552 1243 1775 1314 contemptores.

94 1330 216 1385 vitulum
239 1336 268 1386 ιι
287 1330 401 1387 hircum
422 1335 521 1387 contra
538 1332 652 1388 hircum
671 1333 786 1402 iecerat,
805 1350 914 1406 agnum
963 1330 1055 1386 Ambo
1069 1332 1191 1403 gentiles
1204 1334 1294 1398 amnt,
1311 1335 1343 1386 ut
1356 1336 1467 1386 neutrae
1484 1331 1557 1402 parti
1571 1349 1622 1404 pro
1636 1334 1775 1407 religione

93 1426 195 1480 contra
214 1439 325 1497 agnum
347 1424 564 1481 immaculatum
584 1425 714 1482 invenire
734 1443 791 1482 non
812 1427 912 1498 potuit.
963 1425 1101 1495 faverent,
1119 1423 1170 1480 sed
1187 1424 1306 1496 justitie
1325 1422 1507 1479 solummodo
1527 1423 1660 1481 famulari
1678 1428 1774 1485 stude·

93 1517 221 1572 Hortuus
235 1517 334 1590 itaque
348 1534 400 1574 rex
413 1520 509 1575 noster
524 1523 576 1591 cst,
593 1523 624 1577 ut
641 1520 743 1576 mortis
758 1520 913 1592 imparium
963 1521 1036 1587 rent,
1051 1521 1080 1574 et
1097 1534 1133 1572 na
1146 1517 1297 1575 Christiani
1314 1517 1357 1574 rel
1374 1516 1463 1572 Judoei
1481 1533 1533 1589 pro
1551 1535 1600 1574 sua
1620 1526 1694 1577 secta
1711 1522 1775 1580 illos

95 1610 270 1682 captivaret;
294 1611 421 1683 sepultus
443 1614 495 1679 est,
516 1615 550 1668 ιιι
570 1612 731 1685 sepulturas
751 1618 912 1669 sanctorum
963 1615 1107 1683 suspectos
1119 1610 1270 1667 baberent.

97 1701 299 1772 benediceret3
318 1704 483 1774 resurrexit,
496 1709 528 1761 ut
539 1704 661 1762 mortuis
673 1706 760 1761 vitum
771 1704 953 1781 redderet313
1000 1705 1202 1777 Triumphantc
1218 1706 1314 1760 autem
1334 1701 1444 1761 Christo
1463 1719 1514 1775 per
1529 1710 1657 1763 sanctum
1672 1709 1773 1766 Silves-

92 1795 221 1851 ascendit
234 1797 265 1850 in
278 1796 374 1864 coelos,
390 1802 421 1853 ut
433 1795 544 1854 homini
557 1816 616 1855 non
632 1799 723 1856 solum
737 1799 911 1871 paradisum,
961 1801 1049 1866 ιιιιιιι,
1072 1798 1156 1852 multi
1176 1796 1341 1852 ludaeorum
1362 1801 1390 1852 et
1411 1796 1561 1868 gentilium
1581 1799 1776 1864 crediderunt.

92 1904 179 1960 quem
196 1889 347 1960 amiserat,
362 1890 536 1960 restitueret,
552 1907 650 1948 vorum
671 1893 756 1948 etiam
775 1891 913 1948 coelorum
962 1891 996 1945 Et
1013 1890 1079 1962 quia
1097 1890 1171 1946 iuter
1187 1889 1268 1945 initia
1288 1889 1375 1962 primi
1396 1890 1503 1946 mensis
1517 1891 1578 1946 hac
1597 1897 1677 1964 gusta
1695 1899 1772 1966 suut,

88 1981 194 2052 januas
209 1981 348 2054 aperiret.
364 1983 451 2040 sedet
465 2001 542 2040 nuuc
556 1985 592 2041 ad
607 1974 753 2041 dexteram
769 1983 867 2052 Patris,
881 1987 913 2039 ut
961 1983 1028 2039 dato
1041 1983 1159 2039 nornine
1173 1982 1202 2038 iu
1215 1982 1322 2038 Pascha
1334 1981 1465 2053 baptizati
1480 1987 1556 2040 suut.
1569 1986 1676 2043 Ertunc
1691 1991 1776 2063 coepit

89 2073 274 2131 credentium
296 2075 431 2148 precibus
450 2080 569 2134 annuat.
587 2079 729 2134 venturus
749 2082 793 2133 ast
814 2081 911 2134 autem
961 2091 1066 2132 nomen
1078 2075 1238 2132 llomiuiah
1250 2074 1329 2131 omni
1338 2075 1443 2147 populo
1453 2076 1582 2132 Romano
1595 2081 1774 2152 magnificari

88 2167 217 2239 indicam
234 2169 314 2226 vivos
328 2172 357 2225 et
376 2174 512 2240 mortuos,
527 2175 560 2226 ut
576 2170 677 2227 reddat
693 2170 848 2244 uuicuique
868 2185 910 2226 se·
961 2172 991 2224 et
1003 2169 1130 2225 lldelium
1144 2186 1213 2241 grex
1226 2169 1256 2224 in
1269 2174 1330 2225 toto
1343 2169 1453 2225 mundo
1463 2169 1615 2227 confortari
1627 2177 1657 2228 ιι
1665 2174 1773 2248 ubique

92 2260 220 2317 cundum
239 2277 328 2336 opera
347 2279 408 2320 sua.
424 2264 489 2320 llsc
509 2268 552 2320 ιιι
565 2281 630 2321 vera
648 2264 719 2320 tides
737 2264 911 2323 Christiano·
960 2262 1010 2319 bei
1025 2262 1128 2319 virtute
1141 2262 1297 2319 admodum
1312 2263 1452 2319 exaltari,

92 2369 166 2409 rum.
996 2355 1130 2413 silvester
1148 2372 1231 2428 papa,
1250 2373 1284 2411 ιι
1301 2361 1445 2428 precepto
1462 2358 1774 2429 Constantini,cccxv1n

125 2448 259 2522 Cumque
281 2450 414 2506 silvester
432 2450 493 2506 hmo
512 2454 542 2506 et
561 2450 653 2506 murila
672 2450 728 2506 alia
747 2451 838 2507 valide
854 2450 910 2506 dis-
961 2448 1149 2521 episcopusin
1161 2448 1404 2521 NicoeaBithyuiae
1417 2452 1610 2524 congregavit,
1621 2456 1650 2509 et
1662 2453 1691 2508 in
1703 2454 1774 2511 urbe

93 2543 237 2612 seruisset,
260 2548 290 2599 et
309 2543 421 2612 seleon
443 2543 505 2599 aliis
525 2542 630 2601 Judaeis
651 2543 820 2613 tacentibus,
843 2545 910 2600 alle·
961 2544 1051 2598 Roma
1070 2559 1191 2600 cccxxvu
1210 2543 1346 2615 praesules
1368 2542 1406 2598 ad
1425 2543 1578 2601 concilium
1599 2545 1705 2604 ascivit.
1724 2548 1774 2604 llic

92 2636 221 2707 gabones
254 2653 338 2709 papae
369 2637 502 2694 laudibus
535 2637 694 2707 extulisset,
722 2637 911 2694 duodecimus
960 2637 1107 2693 constituit
1129 2640 1161 2692 ut
1184 2636 1278 2692 nullus
1298 2636 1385 2692 laicus
1407 2637 1507 2694 clerico
1530 2638 1640 2695 crimen
1658 2639 1798 2699 inierat·

93 2729 213 2798 lambri,
235 2730 286 2802 qui
306 2747 411 2804 magus
431 2737 492 2787 crat
511 2731 771 2801 artificiosissimus,
792 2731 908 2801 restitit;
927 2779 930 2787 .
959 2730 1116 2802 Oppressus
1126 2729 1240 2802 iudices
1260 2746 1331 2802 quos
1349 2729 1435 2802 elegit
1449 2730 1560 2787 habeat.
1577 2733 1694 2789 Diaconi
1707 2735 1773 2790 oal-

92 2837 141 2877 uec
153 2822 332 2880 authenticis
347 2824 559 2897 Scripturarum
576 2825 768 2893 sermonibus,
783 2823 833 2880 sed
848 2841 909 2879 nra·
959 2823 1069 2879 maticis
1083 2827 1211 2891 utantur,
1228 2825 1256 2878 et
1273 2822 1360 2895 pallio
1372 2823 1517 2879 linostimo
1535 2840 1635 2881 eorum
1647 2827 1718 2882 laeva
1730 2832 1773 2884 te·

92 2915 158 2985 giris
175 2916 289 2973 actibus
301 2917 457 2990 confligere
473 2918 591 2991 optarit,
606 2923 779 2990 taurumque
791 2917 909 2973 ferocis·
960 2919 1052 2987 gutur.
1069 2916 1167 2971 Nullus
1179 2915 1297 2972 clericus
1309 2932 1362 2988 pro
1378 2932 1462 2972 causa
1480 2915 1605 2988 qualibet
1621 2917 1773 2976 incuriam

92 3006 196 3064 sinum
210 3009 266 3065 sibi
279 3025 379 3067 coram
394 3010 528 3067 omuibus
540 3009 643 3066 adduci
656 3010 748 3083 potiit.
762 3011 824 3067 llox
836 3025 910 3082 papa
959 3009 1095 3076 introcat,
1108 3024 1162 3064 noc
1176 3013 1244 3064 ante
1260 3009 1387 3080 Judicem
1404 3008 1461 3065 nisi
1474 3009 1505 3065 in
1520 3011 1643 3068 Ecclesia
1656 3029 1774 3070 causam

92 3104 118 3156 ιι
133 3104 268 3176 angusto
286 3104 527 3176 precipientibus,
549 3107 646 3160 taurus
666 3104 801 3172 Terentii,
822 3119 908 3176 quem
919 3072 946 3146 C
959 3102 1044 3158 dicat.
1058 3101 1233 3158 sacrificinm
1249 3102 1345 3159 altaris
1359 3102 1397 3159 ad
1410 3102 1528 3159 missam
1546 3121 1605 3161 uon
1620 3105 1709 3162 serico
1723 3123 1774 3162 ne·

91 3197 132 3254 vix
146 3203 268 3256 centnm
281 3200 431 3256 tortissimi
448 3201 556 3257 milites
572 3205 670 3258 tenero
685 3203 851 3272 potuerunt,
866 3204 909 3257 est
959 3212 1014 3268 que
1034 3212 1132 3268 panno
1150 3196 1238 3253 tincto
1252 3197 1424 3267 celebretur,
1439 3198 1488 3256 sed
1506 3199 1536 3254 in
1556 3199 1633 3256 lineo
1648 3203 1774 3272 tautum,

92 3291 237 3349 adductus.
268 3294 300 3350 lu
332 3294 413 3366 cujus
439 3311 540 3350 aurem
566 3297 597 3349 ut
625 3295 737 3350 Zambri
763 3294 907 3366 quoddam
958 3289 1064 3346 sicula
1083 3291 1188 3362 loseph
1206 3292 1775 3365 corpusllomiuisepultumlagitur.si

91 3389 231 3442 moretum
243 3387 326 3456 dixit,
340 3388 436 3443 statim
450 3388 537 3444 miser
551 3388 694 3460 mugitum
710 3387 791 3443 dedit
805 3392 833 3444 ct
845 3389 906 3443 vio·
957 3382 1021 3456 quis
1032 3384 1094 3440 vult
1104 3385 1135 3440 in
1150 3383 1274 3440 Ecclesia
1287 3384 1407 3442 militare
1418 3386 1463 3442 rel
1475 3385 1624 3458 prolicere,
1639 3387 1675 3443 sit
1687 3388 1776 3445 lector

90 3479 245 3536 lentissime
273 3481 372 3553 ejectis
398 3482 487 3537 oculis
511 3482 676 3554 exspiravit.
703 3482 781 3537 Tunc
809 3498 908 3539 omnes
957 3492 1047 3533 annos
1073 3494 1120 3546 xx,
1146 3478 1284 3535 exorcista
1309 3479 1369 3536 dies
1396 3496 1461 3551 xxx,
1486 3481 1613 3553 acolytus
1638 3483 1721 3538 annis
1746 3500 1773 3552 v,

90 3573 174 3629 iudaei
189 3572 316 3630 nimium
334 3573 506 3631 insultavere
520 3575 665 3644 Silvestro,
680 3578 708 3632 et
721 3591 772 3648 per
782 3575 906 3632 duarum
957 3571 1148 3628 subdiaconus
1165 3572 1247 3628 annis
1262 3590 1288 3644 ι,
1304 3572 1441 3629 diaconus
1461 3573 1544 3629 annis
1564 3591 1610 3642 ιιι,
1625 3574 1775 3647 presbyter

91 3667 144 3725 lere
157 3669 299 3725 horarum
312 3669 403 3742 spatia
415 3669 562 3742 personuit
575 3668 768 3726 tumultuatio.
778 3669 907 3742 benique
956 3664 1039 3720 annis
1052 3680 1093 3732 ιιι,
1105 3669 1143 3734 ιι,
1155 3669 1252 3737 postea
1267 3666 1291 3720 si
1302 3666 1507 3736 meretur,·tlut
1521 3667 1676 3739 episcopus.
1691 3669 1774 3725 beni·

90 3763 215 3834 augusto
240 3762 404 3834 imperante
431 3761 588 3831 silentium,
613 3763 748 3820 silvester
773 3763 908 3820 convenit
956 3774 1012 3829 que
1025 3757 1169 3827 silvester,
1184 3762 1250 3831 post
1263 3759 1413 3815 innumera
1430 3759 1518 3828 bona,
1536 3776 1555 3816 ιι
1570 3760 1630 3816 Kal.
1644 3762 1773 3819 tannarii

91 3855 264 3926 maleficum,
285 3871 406 3928 poscens
426 3861 458 3912 nt
482 3856 556 3912 sicut
581 3861 697 3913 tannim
722 3857 907 3914 interfecerat
958 3851 1037 3909 obiit.
1053 3853 1087 3908 Et
1101 3851 1221 3908 cassavit
1233 3851 1412 3924 episcopatus
1426 3853 1527 3909 diebus
1543 3870 1619 3910 ccxv.

91 3948 193 4016 sirum,
219 3949 262 4004 sic
288 3950 421 4005 eumdem
449 3949 479 4005 iu
507 3950 557 4005 llei
583 3950 700 4006 nomine
725 3950 908 4007 resuscitaret
987 3946 1073 4001 xxvl.
1089 3949 1236 4018 sequeutia
1249 3949 1431 4004 Romanorum
1444 3949 1602 4018 pontificum
1616 3951 1745 4007 historiae.

92 4047 244 4097 mortvmm.
269 4041 352 4107 Quod
377 4042 425 4098 ille
452 4042 579 4114 nequivit
601 4044 707 4113 iacere,
734 4043 786 4098 sed
809 4045 906 4117 palam
991 4040 1100 4095 Earcus
1114 4040 1270 4108 Romanus,
1287 4056 1321 4095 ax
1337 4046 1419 4111 patre
1432 4041 1537 4113 Prisco,
1551 4043 1625 4099 sedit
1645 4044 1728 4100 annis
1743 4060 1773 4114 ιι,

93 4136 172 4207 caepit
196 4135 330 4191 devotare
357 4139 385 4191 et
411 4152 464 4208 per
485 4136 608 4191 salutem
633 4137 755 4208 Augusti
778 4153 904 4193 asserere
956 4134 1104 4189 mensibus
1123 4150 1181 4200 rrrr,
1201 4133 1303 4190 diebus
1321 4151 1366 4190 xx.
1388 4135 1437 4190 liic
1456 4135 1527 4191 duas
1546 4136 1676 4193 basilicas
1694 4137 1773 4209 fecit,

94 4229 164 4299 quod
180 4228 203 4282 si
220 4228 356 4284 Silvester
374 4233 488 4285 taurum
510 4228 635 4300 erigeret
652 4246 669 4284 a
688 4233 791 4300 morte,
807 4245 905 4287 omnes
956 4243 1044 4283 unam
1058 4227 1104 4283 via
1116 4227 1271 4283 Ardeatino
1284 4228 1314 4283 in
1332 4229 1495 4285 coemeterio
1510 4229 1647 4302 Balbine,
1661 4229 1709 4286 nbi
1724 4246 1772 4287 re-

93 4320 232 4378 ludaicam
247 4321 341 4394 legem
358 4322 536 4378 dimitterent
550 4326 578 4378 ιι
590 4322 759 4380 Christiana
773 4323 906 4396 religioni
956 4321 1085 4394 quiescit,
1106 4321 1248 4394 aliamque
1269 4322 1298 4377 in
1319 4321 1391 4379 urbe
1414 4324 1505 4379 Roma
1523 4323 1608 4395 juxta
1630 4323 1773 4381 Palatinas

95 4430 120 4469 se
132 4414 290 4472 traderem.
304 4417 382 4471 Tunc
395 4420 509 4472 sanctus
522 4432 598 4489 papa
611 4432 713 4473 manus
727 4433 792 4473 suas
804 4432 945 4521 expeto-D
956 4415 1110 4486 Episcopus
1129 4431 1181 4485 per
1202 4415 1315 4472 diversa
1333 4417 1394 4472 loca
1414 4433 1487 4473 ιιιιι
1505 4416 1656 4472 ordinavit.
1678 4418 1772 4473 Nonus

95 4507 140 4578 dit,
161 4513 201 4574 ιι,
225 4508 326 4582 positis
348 4509 480 4581 genibus,
503 4527 569 4567 cnm
592 4510 724 4583 lacrymis
747 4510 905 4567 diutissima
956 4507 1084 4564 Octobris
1098 4508 1249 4565 defunctus
1263 4513 1313 4565 est.
1330 4510 1363 4565 Et
1380 4510 1499 4565 cessavit
1515 4510 1693 4582 episcopatus
1709 4509 1770 4565 die·

95 4601 187 4657 cmvit.
203 4602 302 4658 Piuitis
315 4619 383 4660 vero
399 4605 542 4677 precibus,
559 4606 597 4660 ad
613 4605 771 4677 juvencum
789 4605 907 4660 accessit
954 4601 1008 4657 bus
1021 4619 1066 4657 xx.

94 4698 118 4749 ιι
134 4710 200 4752 cum
221 4696 335 4769 ingenti
354 4698 479 4755 clamore
502 4698 571 4754 dixit
591 4714 599 4755 ι
620 4720 634 4749 ι
652 4700 684 4755 ln
706 4698 824 4754 nomine
841 4699 905 4754 lesu
990 4695 1079 4752 Julius
1092 4697 1245 4765 Romanus,
1262 4711 1295 4752 ιι
1309 4698 1391 4769 patre
1406 4695 1531 4764 Rustico,
1545 4695 1616 4752 sedit
1629 4696 1711 4753 aunis
1723 4711 1771 4768 ιι,

94 4787 201 4860 tunso,
224 4791 275 4862 qui
298 4807 314 4846 a
339 4791 443 4848 iudeis
467 4791 518 4847 snb
544 4791 646 4848 Pontio
667 4793 760 4848 Pilato
785 4791 905 4864 prleside
955 4790 1100 4846 mensibus
1126 4807 1156 4862 ιι,
1184 4788 1284 4846 diebus
1311 4806 1357 4844 ιιι.
1384 4790 1434 4846 Ηίι
1458 4794 1590 4863 tempore
1616 4790 1772 4849 Constantii

93 4882 239 4941 emeiuxus
263 4887 317 4953 ιιι,
341 4900 427 4957 surge
452 4888 482 4940 et
507 4890 550 4942 sta
574 4901 640 4941 cnm
666 4885 745 4941 omni
772 4901 904 4941 mansue·
956 4885 1083 4941 haretici
1099 4886 1203 4941 multas
1223 4884 1422 4940 tribulationes
1440 4883 1585 4955 sustinuit,
1601 4888 1629 4940 et
1647 4902 1699 4957 pro
1714 4887 1771 4943 lide

93 4976 195 5034 tudine.
228 5000 244 5030 ι
277 4977 409 5034 Protinus
439 4981 561 5036 surrexit
592 4983 621 5035 et
652 4983 767 5036 sanctus
800 4979 906 5052 praesul
956 4976 1561 5046 catholicamensibusxinexsilioiuit,sed
1576 4983 1771 5051 postmortem

93 5071 205 5129 accessit
224 5075 253 5128 et
271 5071 368 5128 omnia
386 5071 498 5129 vincula
519 5073 555 5129 de
576 5073 710 5130 cornibus
730 5074 792 5146 ejus
812 5073 904 5128 solvit.
955 5072 1069 5144 tyranni
1087 5072 1122 5127 ad
1138 5072 1236 5127 sedam
1252 5087 1332 5127 suam
1346 5087 1410 5127 cum
1429 5071 1522 5144 gloria
1539 5074 1687 5145 remeavit,
1703 5074 1773 5130 duas

93 5165 203 5236 «Vade,
216 5165 322 5240 iuquit,
335 5181 403 5222 cum
419 5167 499 5222 omni
510 5166 732 5224 mansuetudine
745 5168 780 5223 ad
794 5183 906 5224 armen·
955 5165 1082 5221 basilicas
1096 5165 1162 5220 fecit
1179 5170 1207 5219 et
1224 5164 1389 5221 ammalario
1402 5165 1469 5220 tria.
1484 5167 1637 5240 Episcopus
1653 5183 1679 5223 ιι
1694 5168 1771 5224 ordi-

92 5262 148 5316 tum
169 5263 264 5317 tuum.
287 5283 301 5312 a
324 5261 359 5316 Et
380 5276 448 5317 mox
469 5267 570 5319 taurus
595 5279 661 5318 cum
686 5261 905 5318 mausuetudine
956 5260 1043 5316 navit.
1062 5259 1155 5315 Pridie
1173 5258 1239 5314 ldus
1256 5258 1359 5330 Aprilis
1376 5258 1457 5317 obiit.
1473 5262 1508 5316 Et
1525 5262 1644 5317 cessavit
1663 5261 1770 5335 episco-

92 5353 172 5410 rediit
182 5353 221 5410 ad
233 5369 353 5427 gregem
365 5372 458 5412 suum.
472 5356 550 5413 Tunc
563 5372 663 5412 omnes
675 5355 775 5424 ludaei,
785 5354 907 5427 pedibus
957 5358 1040 5426 patus
1053 5353 1152 5409 diebus
1167 5369 1231 5408 xxv.

91 5446 147 5519 cius
179 5449 342 5521 provoluti,
369 5449 587 5521 postulaverunt
619 5447 695 5505 unda
727 5441 906 5520 baptismatis
992 5446 1284 5516 Liberiusllomanus,
1299 5463 1333 5503 ex
1350 5452 1433 5520 patre
1451 5451 1588 5521 Augusto,
1603 5449 1677 5505 sedit
1690 5451 1773 5506 annis

90 5542 261 5615 regenerari.
956 5555 993 5609 ιι,
1017 5541 1162 5597 mensibus
1188 5558 1228 5609 ιιι,
1255 5541 1356 5598 diebus
1382 5555 1420 5610 ιι,
1448 5547 1575 5614 tcmporo
1601 5544 1770 5601 Constantii.

119 5635 183 5710 lpsa
197 5635 287 5695 etiam
306 5637 414 5694 Helena
425 5640 553 5712 Augusta
567 5636 689 5712 publicis
701 5654 730 5695 se
745 5634 906 5711 aspectibus
955 5634 1056 5692 Tribus
1069 5634 1152 5691 anuis
1163 5652 1216 5708 pro
1229 5635 1285 5692 srdo
1299 5635 1329 5690 in
1345 5634 1444 5693 exsilio
1460 5635 1525 5692 luit.
1541 5638 1642 5694 Postea
1657 5654 1774 5695 consen·
1869 5712 1872 5717 Ι

88 5730 187 5791 levatis
199 5731 299 5790 auleis
312 5731 450 5803 exhibuit,
464 5736 492 5790 et
504 5733 597 5808 palum
612 5731 743 5789 omnibus
758 5747 841 5807 papae
860 5749 906 5808 gc·
957 5732 1033 5792 tiens
1046 5729 1166 5802 Arianis,
1182 5746 1234 5807 per
1254 5730 1394 5788 Ursatium
1413 5735 1441 5787 et
1460 5730 1608 5789 Valentem
1624 5730 1777 5790 hacreticus
