3750 6046
21 116 25 125 '
112 140 166 197 aas
796 134 957 197 onosma
976 140 1107 199 varlas
1735 140 1783 201 m

105 256 361 326 natmbnenostris,
377 270 443 327 quos
459 258 606 329 apagam's
619 258 736 314 obseuos
753 259 919 325 audiuimus,
970 261 1148 319 Raimundus
1171 258 1330 319 Antiochia
1360 260 1506 335 princeps,
1531 261 1640 335 aliique
1669 258 1784 319 virtuosi

108 354 241 409 auriliari
252 355 307 405 toto
321 353 424 407 uirtute
438 355 572 422 cupimus.
584 353 663 407 Alios
677 368 792 423 propat,
805 355 921 423 qaijnm
973 356 1085 426 milites,
1103 356 1268 413 necessitato
1289 357 1410 412 fratrum
1431 362 1590 430 comperta,
1605 357 1665 413 illis
1684 357 1783 413 subve-

103 448 237 517 percmpti
250 450 326 508 suist,
343 445 411 499 bello
431 447 524 500 ulcisci
538 453 726 516 peroptamus.
742 447 921 519 Responsum
970 449 1033 504 nire
1057 449 1273 519 festinaverunt,
1295 452 1418 506 ioannes
1443 450 1601 521 imperator
1625 450 1783 507 Constanti·

108 544 151 594 est
171 539 235 606 illis,
256 539 343 594 atad
364 555 490 610 praesens
512 539 605 610 quieto
628 540 754 611 silerent,
775 544 803 596 et
823 541 852 596 ia
874 541 921 596 die
970 543 1151 615 nopolitanus
1170 543 1317 613 ingentem
1337 544 1493 598 exercitum
1517 544 1552 599 de
1575 543 1656 599 omni
1680 542 1784 599 ditione

106 633 190 689 lertio
202 633 237 687 ad
251 649 378 705 pugnam
395 633 486 704 parati
500 639 605 688 essent.
972 652 1033 704 sua,
1051 654 1115 708 quae
1132 637 1200 692 satis
1220 636 1317 707 ampla
1331 640 1384 706 est,
1397 637 1546 705 contraxit,
1561 640 1592 692 et
1607 634 1785 694 Antiochiam

142 728 254 782 laterae
277 727 392 781 callidus
416 726 556 798 Sanguim
581 727 734 782 Falconem
759 744 860 799 regem
885 728 921 783 ad
971 731 1152 803 metropolim
1178 730 1281 801 Syriae,
1308 745 1396 802 quam
1428 729 1465 785 de
1491 729 1617 802 imperio
1643 746 1699 785 suo
1728 745 1785 785 esse

108 819 282 892 colloquium
296 820 433 888 accersiit,
449 820 533 890 eique
551 821 627 875 inter
644 820 782 891 plurimas
796 825 922 876 versutas
971 823 1209 893 calumniabatur,
1227 823 1347 878 obsedit.

109 914 359 985 tergiversationes
377 913 448 969 dixit
467 931 473 968 :
491 914 635 969 Nobilitati
654 918 707 969 tuae
723 916 840 970 multam
858 930 920 970 con-
1007 918 1141 973 Praefatur
1160 923 1253 973 autem
1275 916 1460 984 Raimundus,
1480 916 1528 988 qni
1551 922 1621 972 tunc
1641 914 1784 988 principa·

108 1009 195 1071 daho,
218 1010 330 1077 atquin
353 1023 403 1063 ree
425 1023 461 1070 es,
486 1008 536 1062 tibi
553 1009 578 1063 si
598 1010 639 1063 uis
658 1020 769 1079 parcere
789 1008 921 1065 desidero.
971 1015 1032 1067 tum
1056 1010 1188 1078 babebat,
1211 1010 1354 1066 Guillelmi
1379 1010 1583 1066 Pictavensium
1609 1009 1692 1065 ducis
1716 1008 1787 1063 lilius

108 1102 213 1173 Optime
235 1104 299 1155 noui
318 1116 372 1157 esse
393 1106 481 1163 tuum,
501 1109 526 1157 et
546 1102 720 1169 desectionem
741 1103 841 1157 uirium
863 1107 923 1158 tun·
971 1109 1041 1159 erat.
1056 1104 1106 1160 llic
1126 1104 1263 1159 nimirum
1281 1106 1482 1175 postmortem
1500 1103 1613 1159 hennei
1627 1102 1706 1175 regis
1720 1104 1786 1157 ans

106 1211 177 1251 rum.
193 1196 332 1264 Angustia
347 1197 431 1258 tamis
445 1211 506 1250 eum
518 1196 651 1258 omnibus,
664 1197 712 1265 qui
725 1200 811 1251 tecum
823 1196 924 1252 inclusi
971 1204 1068 1269 partes
1080 1197 1158 1264 adiit,
1175 1203 1202 1252 el
1216 1197 1302 1253 liliam
1319 1196 1477 1253 Buamnndi
1490 1196 1618 1268 junioris
1633 1196 1712 1251 dono
1728 1196 1746 1249 F
1748 1195 1785 1249 nl-

107 1295 183 1352 sunt‚
203 1291 317 1344 nimium
337 1292 505 1359 opprimeris,
527 1305 574 1345 nec
595 1290 708 1359 aliquod
727 1290 923 1345 adminiculum
972 1291 1051 1346 conis
1074 1290 1235 1346 consobrini
1261 1291 1303 1345 sui
1329 1291 1382 1346 sibi
1406 1291 1499 1346 datam
1524 1290 1678 1361 conjugem
1702 1289 1786 1355 drrait,

108 1383 614 1453 eaqualibetporteprastolnris.Fae
627 1399 689 1453 ergo
704 1398 796 1454 pacem
809 1399 920 1439 mecam.
972 1385 1120 1456 latumque
1149 1384 1340 1456 principatum
1368 1386 1397 1439 in
1428 1384 1519 1455 Syria,
1546 1383 1692 1455 largiente
1722 1383 1787 1451 Deo,

109 1474 253 1533 Castellum
273 1476 341 1530 milri
359 1492 419 1531 oum
435 1478 568 1540 emeritus,
586 1480 635 1546 qni
651 1479 725 1533 intus
742 1482 815 1539 sant,
830 1477 921 1540 redde,
972 1477 1131 1543 vindicavit,
1145 1478 1194 1550 qui
1209 1478 1278 1532 dum
1294 1479 1328 1532 ad
1348 1477 1484 1532 auxilium
1503 1477 1580 1549 ragis
1598 1475 1786 1544 Hierusalem,

108 1574 239 1639 etagota
255 1573 413 1640 permittam
426 1570 538 1625 liberum
555 1571 638 1626 abire.
653 1571 736 1626 Falco
754 1569 920 1641 respondit:
973 1573 1006 1624 ut
1018 1571 1080 1641 jam
1100 1570 1167 1639 dixi,
1186 1577 1285 1626 contra
1304 1587 1431 1643 paganos
1449 1575 1626 1642 properaret,
1645 1575 1675 1624 et
1695 1569 1725 1623 in
1745 1568 1789 1623 illo

108 1664 189 1721 Absit
208 1679 225 1717 a
244 1680 295 1729 rere,
315 1670 345 1718 at
367 1664 484 1719 traditor
500 1666 564 1733 mam
586 1666 708 1732 fratrum
727 1679 855 1719 meorum.
871 1664 962 1736 tiocss
974 1663 1075 1719 itincre
1091 1664 1244 1719 adventum
1263 1664 1443 1736 imperatoris
1460 1665 1496 1719 ad
1512 1664 1692 1719 obsidionem
1713 1662 1789 1717 urbis

107 1758 263 1813 nallatenus
277 1759 367 1825 fereae
384 1757 503 1827 diffinio,
517 1760 569 1813 imo
582 1774 643 1813 cam
655 1760 693 1813 eis
705 1772 790 1827 usque
804 1758 841 1813 nat
853 1773 923 1813 mor·
974 1757 1115 1825 audiisset,
1130 1761 1189 1812 tam
1204 1757 1306 1829 grandi
1321 1758 1435 1814 turbine
1449 1760 1612 1813 commotas
1626 1773 1696 1812 cum
1708 1755 1788 1812 sociis

110 1856 162 1907 tem
183 1852 367 1921 persecando,
392 1857 416 1906 et
439 1854 534 1921 ogonis
556 1854 636 1920 finem
654 1854 795 1921 patienter
818 1866 923 1921 eonspec-
974 1851 1078 1906 turmis
1090 1851 1237 1906 confestim
1250 1852 1399 1919 remeavit;
1413 1852 1538 1922 suisque,
1554 1850 1604 1922 qui
1616 1850 1681 1906 sine
1694 1854 1787 1905 tutore

110 1945 185 1999 tatbo.
201 1944 337 2016 Sanguim
358 1944 451 1999 dixit:
469 1945 534 2001 Cum
553 1948 607 2000 tuis
623 1946 739 2015 loquere,
753 1949 778 2000 et
792 1945 857 2000 utile
875 1945 927 1999 tibi
974 1950 1131 2001 trementes
1161 1944 1191 1999 in
1221 1945 1334 2000 civitate
1367 1944 1587 2018 oppilabantur,
1621 1959 1789 1999 succurrere

109 2039 215 2108 tuisque
232 2038 372 2093 masiliam
390 2041 489 2109 accipe.
505 2041 621 2094 Parcam
636 2040 687 2093 tibi
700 2041 767 2107 prtia
782 2054 831 2093 rea·
846 2054 884 2102 es,
900 2043 925 2093 et
974 2038 1145 2110 properavit.
1167 2040 1237 2096 Cum
1261 2045 1356 2094 autem
1381 2038 1444 2093 urbi
1468 2036 1740 2111 appropinquasset,
1763 2040 1790 2091 et

109 2132 239 2187 honorari
258 2133 346 2187 debes.
370 2131 525 2194 Castellum,
548 2139 574 2187 et
598 2149 686 2188 amnes
706 2135 839 2202 captiuos,
859 2147 925 2201 paros
973 2132 1126 2188 formidine
1160 2132 1258 2187 anxius
1290 2137 1382 2201 esset,
1415 2131 1490 2203 quod
1524 2130 1788 2186 circumvallantem

107 2230 207 2284 retines
225 2227 258 2281 de
272 2228 379 2289 nostris,
397 2226 490 2290 redde,
507 2241 648 2295 omoeoque
662 2241 728 2296 quos
744 2227 873 2281 naeemas
891 2225 924 2280 de
974 2226 1130 2281 exercitam
1142 2226 1301 2297 irrumpere
1316 2229 1345 2280 et
1359 2225 1461 2280 urbem
1474 2224 1592 2279 introire
1609 2240 1668 2279 non
1684 2228 1789 2295 posset,

107 2322 212 2382 uestris,
232 2322 327 2390 recipe,
345 2326 371 2374 et
391 2322 429 2375 sie
445 2320 630 2390 jurejurando
651 2322 761 2390 firmata
780 2334 846 2390 pace
865 2334 925 2374 curn
973 2321 1008 2376 de
1038 2319 1197 2375 imminenti
1221 2319 1336 2391 negotio
1361 2335 1427 2374 cum
1453 2318 1510 2374 suis
1540 2321 1664 2373 tractare
1696 2318 1789 2389 erepit,

108 2415 233 2471 omnibus
245 2416 298 2469 tuis
313 2414 426 2469 libenter
438 2414 540 2469 recede.
974 2430 1094 2485 quorum
1120 2430 1202 2479 unus,
1225 2430 1310 2484 quem
1331 2429 1398 2468 vere
1420 2412 1634 2484 magnanimum
1657 2411 1789 2479 arbitror,

144 2510 209 2563 llaec
231 2507 349 2561 audiens
371 2508 466 2574 Fnloo,
482 2524 548 2564 suos
565 2507 687 2579 repetiit,
705 2512 732 2562 et
751 2506 806 2562 illis
826 2506 924 2561 omnia
973 2507 1014 2561 illi
1038 2506 1108 2562 dixit
1130 2524 1136 2560 :
1160 2509 1232 2564 Sertis
1255 2512 1350 2561 rrotum
1373 2506 1516 2575 estquod
1540 2508 1625 2564 tiraeci
1640 2506 1791 2576 prudentio

108 2618 173 2673 mise
193 2600 322 2655 andierat
344 2617 361 2655 a
381 2603 512 2671 tyranno,
534 2601 645 2667 retulit;
669 2604 699 2655 et
720 2600 787 2671 quid
811 2599 841 2654 in
864 2605 923 2654 tam
971 2601 1083 2671 pollent,
1099 2604 1124 2655 et
1144 2600 1293 2669 eloquentia
1315 2602 1416 2655 cateno
1436 2599 1591 2655 erationibus
1605 2598 1792 2661 eminentsed

110 2694 237 2765 angustis
255 2693 337 2749 rebus
356 2693 499 2765 agendam
521 2700 595 2747 osset
614 2693 810 2764 interrogavit.
827 2695 863 2746 ht
883 2692 922 2746 illi
972 2695 1002 2748 in
1015 2694 1110 2749 arduis
1125 2694 1204 2748 rebus
1223 2693 1341 2748 ‹tuderria
1360 2698 1386 2777 et
1401 2693 1566 2761 fortitudine
1583 2699 1688 2747 carent.
1707 2693 1791 2757 Unde,

108 2788 232 2843 vicirmm
253 2786 304 2842 sibi
328 2788 486 2842 nescientes
504 2787 653 2854 auxilium,
672 2787 749 2841 anxii
771 2787 849 2841 velox
873 2784 920 2840 de·
972 2803 987 2843 o
1012 2788 1089 2858 probi
1113 2787 1311 2851 commilitones,
1341 2794 1367 2842 et
1393 2787 1504 2857 probati
1528 2787 1646 2849 athletae,
1675 2791 1701 2843 si
1726 2789 1790 2843 meis

109 2881 215 2937 derunt
236 2880 398 2936 concilium.
423 2881 531 2935 llortali
555 2883 632 2947 sunt,
656 2886 686 2934 ut
709 2879 794 2935 turris
819 2878 922 2934 redde·
972 2881 1127 2950 dignamini
1144 2882 1260 2936 consiliis
1279 2883 1452 2950 acquiescere,
1468 2896 1545 2935 orma
1562 2886 1653 2937 uestra
1674 2883 1792 2937 reirititer

107 2978 190 3031 retur
204 2991 254 3046 pro
273 2974 421 3046 ereptione
438 2974 675 3041 Christianorum,
694 2980 724 3028 ut
745 2972 923 3027 Damascenis
972 2977 1077 3035 sumite,
1100 2980 1125 3030 ct
1149 2977 1251 3029 armati
1273 2981 1406 3044 toroquam
1430 2974 1463 3029 de
1486 2978 1582 3030 turonis
1604 2976 1792 3045 imperialibus

108 3069 281 3141 panderetur
311 3067 533 3138 Montis-regalis
565 3068 718 3139 oppidum,
750 3083 784 3121 ne
816 3066 922 3121 obsessi
974 3083 1057 3138 usque
1082 3069 1226 3138 adipatae
1252 3070 1371 3137 Arrgusti
1396 3071 1538 3123 tentorium
1563 3069 1675 3124 silenter
1699 3072 1746 3131 ite,
1768 3075 1793 3124 et

107 3162 237 3219 subirent
260 3163 358 3218 mortis
382 3161 550 3233 periculam,
575 3164 604 3215 et
628 3161 802 3216 Hierusalem
826 3160 923 3216 civitas
975 3164 1065 3217 lonirrs
1093 3162 1207 3231 legiones
1232 3167 1381 3233 penetrate.
1410 3164 1485 3217 Tunc
1509 3177 1593 3232 prope
1621 3165 1794 3232 imperatoris

108 3261 204 3312 sancto
225 3256 287 3310 sine
309 3256 457 3311 defensore
482 3259 594 3326 pateret
616 3254 739 3309 ludibrio
761 3254 921 3327 gentilium.
974 3271 1053 3310 nares
1078 3256 1235 3311 terribiliter
1260 3257 1420 3318 eaelornate,
1447 3261 1472 3310 et
1501 3258 1549 3327 quai
1572 3257 1634 3312 sitis
1661 3256 1793 3312 audenter

107 3351 233 3405 Territus
249 3349 343 3421 itaque
360 3349 443 3405 Falco
459 3365 508 3404 rex
521 3349 661 3405 consultui
675 3365 791 3404 suorum
806 3348 922 3419 acquie·
974 3349 1163 3405 demoratrate.

107 3444 158 3509 vit,
182 3446 211 3499 et
235 3461 298 3499 cum
326 3442 450 3499 Ethnicis
474 3459 585 3515 pacem,
610 3459 698 3514 quam
726 3447 923 3515 poposcerant,
1011 3444 1075 3497 llaec
1104 3442 1252 3498 audientes
1282 3441 1328 3497 alii
1354 3442 1390 3497 ad
1417 3442 1539 3497 arduum
1567 3459 1639 3515 opus
1670 3443 1794 3499 animati

108 3554 173 3595 eitra
198 3541 372 3593 sacramento
397 3537 517 3609 pepigit.
540 3536 675 3607 sanguim
700 3535 873 3607 presidium,
897 3541 925 3590 et
974 3543 1051 3604 sunt,
1064 3537 1238 3608 monitisque
1257 3536 1437 3607 magnanimi
1456 3536 1554 3590 militis
1566 3539 1653 3593 noctu
1668 3536 1792 3609 insigni-

109 3637 241 3703 nepolom
267 3648 361 3699 suum,
386 3648 471 3702 quiem
498 3636 643 3701 ceperant,
667 3631 790 3701 recepit3
813 3634 841 3684 et
862 3630 924 3703 ipse
974 3635 1018 3685 ter
1047 3630 1320 3685 obsecundaverunt.
1350 3629 1447 3684 Franci
1471 3630 1610 3701 siqnidem
1635 3631 1673 3686 ad
1695 3634 1792 3686 tento·

107 3724 297 3781 nihilominus
316 3725 482 3780 &mistionis
501 3725 609 3779 vinctos
628 3739 737 3789 corum,
758 3727 788 3778 ut
808 3726 923 3794 pochim
974 3723 1048 3778 rium
1080 3724 1226 3794 augustale
1259 3723 1457 3793 praevenientes
1487 3724 1736 3792 exclamaverunt,
1764 3726 1794 3779 et

107 3820 211 3883 fuerat,
228 3818 360 3874 reddidit.
382 3818 488 3873 Deinde
509 3817 687 3887 triumphans
709 3823 737 3871 et
756 3816 859 3871 ludens
879 3822 922 3888 ty·
975 3817 1118 3872 obstantes
1131 3817 1270 3876 hostiliter
1284 3821 1431 3888 perculere
1445 3820 1603 3888 caeperunt.
1618 3817 1794 3888 Repentinus

107 3928 216 3969 rannns
238 3913 353 3968 Falconi
374 3912 446 3966 dirit
467 3929 473 3965 :
494 3914 622 3981 Deceptae
647 3926 682 3974 es,
703 3927 760 3976 rear,
784 3913 813 3965 et
833 3917 925 3967 eastra
973 3910 1186 3965 vociferationes
1205 3910 1333 3966 ferorum
1351 3911 1523 3966 Francorum
1543 3926 1658 3965 securus
1671 3910 1794 3983 Augusti

107 4007 347 4071 Christianorum,
372 4005 419 4075 qui
444 4005 477 4059 ad
502 4004 668 4074 sullragium
693 4005 755 4074 ejus
776 4011 922 4072 venerunt,
974 4004 1113 4059 exercitas
1130 4020 1163 4058 er
1178 4005 1321 4077 insperato
1340 4004 1456 4071 audivit,
1470 4004 1648 4075 nimiumque
1663 4002 1793 4070 territus,

109 4099 244 4156 ostendit.
258 4099 310 4154 Sed
326 4098 457 4169 quamvis
472 4098 567 4153 lldeles
582 4114 667 4169 super
682 4099 735 4153 hoc
749 4098 924 4170 sophismate
974 4098 1136 4170 pariterque
1150 4098 1281 4154 turbatus
1294 4104 1322 4153 et
1336 4114 1449 4168 exspers
1469 4097 1578 4153 consilii
1597 4097 1697 4170 lugam
1715 4097 1792 4167 iniit,

108 4194 201 4248 moesti
220 4197 324 4259 essent,
343 4193 446 4246 mutari
460 4192 602 4247 sententia
617 4191 753 4263 neqrrivit.
768 4194 837 4248 liuta
858 4209 924 4264 pro·
974 4195 1002 4247 et
1024 4191 1127 4246 relictis
1147 4192 1280 4246 omnibus
1303 4208 1353 4262 per
1375 4191 1432 4246 tria
1453 4191 1600 4259 milliaria,
1624 4192 1705 4262 quasi
1730 4192 1793 4263 glu-

108 4287 181 4344 feeto
202 4285 359 4353 securitate,
379 4302 428 4340 rer
449 4289 478 4341 ct
500 4286 670 4357 patriarcha,
693 4290 721 4341 ol
742 4286 838 4341 lideles
859 4286 924 4341 hinc
975 4285 1053 4341 dium
1084 4285 1238 4342 cervicibus
1269 4286 1326 4340 suis
1358 4285 1511 4341 imminere
1542 4285 1675 4352 vidisset,
1707 4284 1792 4356 fugit.

109 4384 139 4436 et
160 4380 227 4436 inde
250 4382 458 4447 convenernnt;
482 4386 510 4433 ot
532 4396 548 4433 a
571 4383 693 4452 tyranno
717 4383 747 4434 ut
768 4379 872 4434 occisos
894 4379 1150 4471 iaDRaimundus
1168 4388 1264 4434 ararem
1282 4380 1350 4448 dur,
1370 4379 1492 4450 Pelasgis
1511 4395 1577 4433 cum
1595 4395 1646 4434 suo
1664 4378 1792 4451 impera-

108 4475 185 4531 hello
207 4475 306 4530 iratres
327 4490 392 4529 suos
409 4472 531 4544 sepelire
554 4473 606 4527 sihi
627 4473 816 4546 permitteret,
836 4474 922 4545 petie·
974 4478 1035 4528 tore
1054 4473 1238 4544 fugientibus,
1256 4473 1389 4544 perstitit,
1408 4489 1459 4528 uec
1479 4473 1585 4527 diutius
1606 4488 1672 4527 erim
1694 4472 1794 4543 paucis

108 4572 351 4624 northamtonia
367 4566 922 4639 illo,corporaperemptorumqumsie-
972 4567 1137 4623 innumeros
1160 4567 1293 4639 persequi
1314 4568 1417 4636 voluit;
1437 4567 1486 4621 sed
1506 4566 1578 4621 luetis
1599 4566 1720 4622 modum
1740 4583 1792 4638 po·

109 4665 185 4729 norit,
212 4662 324 4715 inventa
349 4659 503 4732 diligenter
530 4664 558 4715 et
584 4661 739 4716 honorilice
765 4661 922 4715 tumulare·
973 4678 1053 4726 neris,
1067 4661 1096 4715 in
1113 4662 1214 4716 urbem
1232 4678 1312 4716 suam
1331 4660 1468 4727 introivit,
1487 4666 1515 4715 et
1531 4661 1633 4732 ingens
1653 4660 1792 4731 gaudium

107 4760 185 4823 nint,
208 4753 311 4827 quibus
334 4755 401 4810 dum
427 4770 529 4810 aureos
551 4755 586 4809 de
611 4754 706 4827 digitis
730 4755 851 4808 annulos
875 4770 922 4809 ex·
973 4755 1165 4821 antiochenis,
1179 4756 1303 4810 donante
1322 4757 1387 4821 lleo,
1402 4754 1601 4825 srrppeditavit.
1616 4754 1684 4809 Orto
1703 4754 1791 4826 siqui·

108 4851 223 4906 trahere
254 4849 372 4913 vellent,
401 4864 458 4903 non
487 4851 650 4919 potuerunt.
679 4848 811 4902 Viventes
837 4848 925 4919 igitur
974 4847 1040 4903 dem
1057 4849 1124 4915 sole,
1139 4849 1211 4903 cives
1231 4848 1369 4917 venierunt,
1385 4849 1517 4919 ingentes
1540 4848 1567 4901 ia
1588 4847 1710 4902 archivis
1730 4854 1791 4902 ten·

108 4943 333 5013 omnipotentem
348 4943 438 4997 Derim
453 4942 552 4997 devote
567 4941 761 5008 laudaverunt,
777 4943 805 4995 et
818 4941 924 4997 Christi
974 4942 1052 4997 toriis
1073 4941 1182 4997 divitias
1205 4944 1384 5009 invenerunt,
1405 4942 1485 4997 avide
1506 4941 1696 5013 diripuerunt,
1719 4942 1790 4997 laeti-

109 5043 248 5109 martyres
261 5052 326 5091 crim
340 5038 515 5091 ornamentis
529 5036 587 5090 suis
602 5038 773 5090 veneranter
787 5036 922 5090 lrurnave·
974 5035 1074 5108 quein
1094 5036 1193 5090 urbem
1211 5036 1299 5107 spolia
1320 5036 1503 5091 devexerunt.
1520 5036 1618 5101 Porro,
1636 5037 1794 5107 imperator

108 5136 186 5186 rurrt.
974 5146 1039 5185 eum
1064 5130 1123 5185 suis
1143 5129 1281 5200 fugiendo
1305 5130 1439 5201 fatigatus
1463 5128 1581 5201 quievit,
1606 5128 1743 5184 contusus
1765 5134 1796 5185 et

107 5256 172 5311 tvl.
201 5254 517 5326 Constantinopolitanae
549 5258 696 5326 imperator
720 5256 836 5309 loannes
866 5256 922 5309 An·
974 5222 1229 5326 i⁰d53¹¹⁸¹¹⁵³q¹¹9
1246 5224 1360 5294 s¹¹ss³t¹¹⁸
1377 5222 1476 5277 s⁰i³⁵⁰t
1491 5221 1646 5294 inqfflfflih
1663 5224 1793 5294 estqui·

143 5335 246 5391 tioohiae
273 5336 337 5390 rrrbe
359 5337 445 5406 potiri
470 5335 589 5389 molitur.
618 5334 797 5403 drogmandus
824 5336 923 5389 Antio·
973 5315 1793 5388 ta¹¹⁰F¹¹¹¹¹⁸²¹¹ditt²¹a¹1¹rl¹f⁰³iles¹¹¹¹¹tl¹¹3‘iltiilulfllltilw‘

143 5417 209 5472 atrise
223 5417 348 5486 princeps
362 5420 455 5487 sponte
474 5416 609 5471 camellos
626 5417 799 5485 imperatoris
812 5415 925 5470 Joonnis
974 5426 1054 5465 scens
1079 5409 1202 5465 erubuit.
1226 5412 1333 5467 Rursus
1359 5410 1516 5465 exereitum
1541 5410 1740 5481 congregarit,
1764 5416 1793 5465 et

143 5498 185 5569 dt·
974 5504 1126 5576 praelatum
1145 5503 1303 5576 principem
1317 5503 1353 5558 ad
1368 5503 1542 5575 colloquium
1558 5502 1698 5559 invitavit.
1712 5502 1793 5575 liug-

139 5597 248 5654 Eedem
268 5600 449 5670 tempestate,
463 5597 576 5677 quando
598 5595 823 5669 hierosolymita.
842 5596 924 5653 ssebi·
974 5599 1111 5653 nanimns
1147 5599 1249 5666 beros,
1283 5598 1333 5669 qui
1365 5596 1447 5670 prius
1479 5596 1600 5655 dederat
1632 5596 1793 5655 dimicandi

80 5688 162 5759 liter,
190 5693 224 5746 at
258 5690 369 5749 dictam
393 5695 446 5765 est,
473 5690 658 5752 ablithnieis
678 5692 778 5751 alllicti
801 5695 880 5765 sunt,
901 5696 930 5750 et
989 5691 1157 5763 consilium,
1181 5690 1276 5748 benuo
1300 5690 1368 5747 duci
1387 5690 1535 5747 suauitas
1560 5694 1709 5765 respueret
1729 5690 1793 5767 paci
