3750 6046
165 181 211 236 aar
848 180 1008 240 canumet
1027 156 1157 242 virius

1784 200 1836 255 552

164 324 275 380 qnoque
291 309 410 380 llugonc
423 308 565 380 bajocensi
576 308 719 381 episcopa,
731 309 840 366 Radulti
854 312 974 368 consulis
985 326 1015 398 Α
1025 331 1069 369 nia
1082 333 1164 386 mere,
1178 322 1282 374 sanctae
1294 318 1343 375 Dei
1357 320 1498 392 genitrici,
1513 321 1607 379 fdariae
1621 340 1667 382 me
1681 340 1834 382 commen-

164 402 234 469 filio,
248 402 415 474 praedictum
429 403 611 473 praesulatum
626 409 801 459 concesserat
814 404 905 460 Oduni
919 406 974 460 fra-

164 497 200 552 tri
216 514 277 565 suo,
294 514 380 569 quem
396 497 615 570 postmodumin
631 496 731 568 anglie
744 498 975 569 preposuitCau-

165 593 213 648 tiae
227 608 329 664 regno.
344 592 472 664 [lenique
487 593 562 647 bunc
582 608 634 663 pro
652 591 797 647 nimietate
810 609 869 661 sua,
885 596 916 646 ut
927 609 972 647 su·

164 687 261 761 perias
274 686 396 759 pleniter
417 685 538 741 relatum
554 690 605 752 est,
620 701 670 741 rex
691 685 858 741 Guillelmus
878 686 908 741 in
930 685 973 742 in·

166 784 226 838 sula
243 783 327 838 Vecta
346 780 430 852 cepit,
444 782 565 850 quatuor
584 779 667 833 aunis
687 778 716 833 in
735 795 846 835 carcere
871 781 972 849 tenuit,

164 895 217 935 nec
238 876 323 933 etiam
341 876 372 930 in
392 876 497 940 morte,
518 890 570 945 pro
594 872 745 949 insolentia
766 889 826 942 sua,
842 876 973 932 relaxare

164 971 261 1027 voluit.
287 968 368 1026 Unde
389 968 525 1039 praelatus
546 967 676 1023 ldoritolii
699 983 794 1023 comes
817 968 973 1026 admodum

161 1063 308 1132 moerebat,
324 1065 351 1117 et
371 1077 424 1133 pro
445 1061 531 1115 fratre
546 1077 598 1116 suo
620 1077 671 1133 per
693 1078 722 1116 se
740 1064 770 1116 et
791 1079 843 1133 per
864 1064 972 1120 amicos

164 1174 229 1213 suos
239 1155 403 1228 suppliciter
413 1154 622 1226 interpellabat,
633 1154 820 1227 precibusque
833 1156 973 1228 languen-

162 1255 220 1308 tem
233 1250 378 1321 fatigabat.

198 1346 327 1416 Cumque
340 1341 424 1397 multi
438 1341 540 1396 obnixe
555 1358 606 1412 pro
628 1341 770 1412 bajocensi
789 1344 909 1414 praesule
925 1361 970 1400 ro-

163 1441 275 1510 garent,
300 1440 446 1492 tantorum
466 1433 669 1507 supplicatione
690 1435 824 1506 fatigatus
845 1453 895 1492 rex
910 1438 969 1494 ait:

163 1554 177 1584 «
190 1532 275 1587 tlirar
287 1529 365 1602 quad
378 1528 534 1601 prudenter
546 1544 604 1583 nou
619 1527 763 1600 indagatis
777 1531 840 1603 quis
852 1532 894 1587 vel
904 1549 973 1604 qua-

1025 408 1073 478 do,
1089 414 1119 465 ut
1131 411 1193 483 ipsa
1203 412 1262 467 suis
1273 414 1378 469 sanctis
1391 416 1523 487 precibus
1540 434 1587 473 me
1602 419 1763 475 reconciliet
1773 421 1836 476 cha·

1024 502 1135 559 rissimo
1152 503 1210 559 ulio
1230 522 1289 575 suo,
1312 508 1430 565 Domino
1453 516 1559 578 nostro,
1578 512 1644 568 lesu
1669 513 1795 570 Christo.
1821 536 1834 564 r

1024 595 1058 650 Et
1071 595 1116 650 his
1139 596 1229 666 dictis,
1253 599 1380 670 protinus
1399 603 1561 674 exspiravit.
1574 605 1718 661 archiatri
1737 610 1835 662 evitem

1023 692 1052 743 et
1065 690 1159 745 ceteri
1173 697 1346 761 coessentes,
1362 695 1410 766 qui
1425 712 1526 768 regem
1538 696 1599 752 sine
1612 699 1724 770 gemitu
1738 704 1766 753 et
1781 701 1834 754 cla·

1023 797 1104 836 mure
1119 783 1314 854 quiescentem
1327 788 1389 842 tota
1409 794 1492 844 nocte
1511 795 1703 860 servaverunt,
1716 797 1746 847 et
1758 809 1835 848 nuuc

1023 891 1056 928 cx
1069 874 1211 948 insperato
1223 877 1262 933 sic
1277 895 1344 935 eum
1357 897 1420 935 mox
1438 882 1574 952 migrasse
1587 883 1730 952 viderunt,
1747 885 1834 940 vehe-

1022 972 1134 1024 menter
1147 971 1270 1039 attoniti,
1284 974 1312 1026 et
1324 973 1400 1028 velut
1412 980 1541 1031 amentes
1554 976 1732 1032 effectisunt.
1747 979 1834 1034 Porro

1022 1061 1141 1118 ditiores
1164 1080 1197 1119 ex
1218 1064 1262 1119 his
1283 1065 1370 1134 illico,
1392 1069 1515 1124 ascensis
1533 1069 1621 1141 equis,
1640 1074 1832 1142 recesserunt,

1022 1161 1050 1211 et
1071 1155 1107 1210 ad
1129 1174 1178 1211 sua
1198 1159 1318 1214 tutanda
1338 1165 1571 1232 properaverunt.
1594 1163 1746 1219 inferiores
1766 1181 1833 1221 vero

1021 1248 1148 1305 clientuli
1161 1257 1193 1306 ut
1208 1252 1360 1323 magistros
1373 1269 1438 1309 suos
1455 1255 1495 1311 sic
1509 1255 1663 1312 manicasse
1678 1273 1833 1329 prospere·

1022 1348 1098 1412 runt,
1112 1360 1204 1412 arma,
1217 1360 1293 1413 vasa,
1307 1349 1399 1402 vestes
1418 1352 1448 1402 et
1466 1348 1642 1420 linteamina,
1657 1366 1833 1422 omnemque

1021 1432 1132 1503 regiam
1168 1434 1370 1505 supellectilem
1402 1443 1560 1509 rapuerunt
1582 1441 1609 1493 et
1634 1437 1734 1494 relicto
1757 1441 1834 1511 regis

1022 1526 1157 1581 cadavere
1180 1543 1254 1598 pene
1275 1530 1353 1584 nudo
1375 1529 1404 1584 in
1426 1547 1492 1585 area
1514 1531 1627 1599 domus,
1644 1533 1832 1604 aufugerunt.

159 1626 193 1680 lis
208 1630 250 1681 est
262 1623 305 1678 vir
318 1639 370 1694 pro
383 1638 440 1694 quo
456 1620 627 1692 supplicatis.
647 1623 746 1677 Nonne
768 1640 820 1695 pro
841 1625 892 1680 tali
911 1625 971 1679 viro
1021 1618 1142 1687 Cernite,
1165 1636 1275 1691 precor,
1294 1638 1406 1691 omnes,
1420 1624 1509 1695 qualis
1529 1628 1573 1679 est
1588 1625 1737 1680 mundana
1753 1627 1832 1682 fides.

160 1719 267 1790 petitis,
282 1716 330 1788 qui
346 1716 408 1787 jam
423 1714 473 1769 diu
494 1719 674 1786 contemptor
694 1717 802 1771 exstitit
814 1718 969 1790 religionis,
981 1691 1009 1762 B
1022 1712 1218 1785 Unusquisque
1231 1714 1308 1786 quod
1322 1716 1416 1787 putuit
1428 1716 1463 1773 de
1475 1722 1612 1789 apparatu
1627 1718 1709 1790 regio
1725 1722 1757 1774 ut
1771 1720 1835 1774 mil-

161 1818 191 1867 et
199 1813 317 1882 argutus
327 1808 601 1866 incenturletbilerae
611 1809 774 1866 seditionis?
784 1812 884 1866 Nonne
895 1813 971 1868 bunc
1020 1821 1071 1859 uns
1083 1806 1190 1878 rapuit,
1201 1812 1229 1862 el
1240 1808 1391 1865 confestim
1401 1827 1466 1865 cum
1476 1811 1633 1882 praedaeue
1645 1812 1769 1884 aufugit.
1781 1813 1833 1868 lm·

157 1904 218 1977 jam
240 1902 350 1960 coercui
372 1904 494 1974 quatuor
516 1903 600 1958 annis
623 1902 799 1975 episcopum,
821 1904 880 1976 qui,
902 1906 970 1961 dum
1020 1897 1113 1968 Pleldf
1129 1898 1237 1972 stillulis
1249 1901 1404 1972 justitiario
1419 1904 1543 1971 labessles
1560 1904 1743 1976 lfflPUdffllel
1763 1922 1829 1978 Pf0·

161 1998 299 2053 debuerat
312 2013 371 2052 esse
389 1995 561 2066 justissimus
581 1998 674 2050 rector
696 1997 864 2068 Anglorum,
877 1998 970 2053 factus
1020 1990 1080 2059 diil,
1099 1996 1129 2047 el
1152 1993 1338 2064 rapacitatem
1361 1997 1434 2052 circa
1455 1997 1550 2068 ipsum
1575 1998 1697 2054 ultorem
1719 1999 1830 2070 rapina

160 2094 203 2146 est
213 2090 352 2163 pessimus
361 2105 511 2160 oppressor
522 2088 703 2160 populorum,
720 2092 748 2144 et
763 2090 970 2147 monachilium
1019 2084 1150 2154 primitus
1163 2087 1299 2143 exercuit.

160 2184 316 2239 destructor
329 2182 544 2238 coenobiorum?
555 2182 883 2239 Seditiosumliberando
895 2186 970 2240 male
1055 2178 1138 2232 Fame
1153 2178 1189 2232 de
1210 2185 1303 2241 merle
1323 2179 1400 2253 regis
1423 2181 1586 2252 pernicibus
1606 2182 1657 2238 alis
1674 2183 1789 2253 volavit,
1803 2188 1831 2240 et

157 2276 258 2343 facitis,
271 2281 300 2331 et
319 2274 529 2345 vobismetipsis
544 2275 649 2346 iugens
671 2274 873 2332 detrimentum
890 2294 968 2349 quoe·
1019 2269 1104 2343 lunga
1120 2272 1231 2344 lateque
1251 2273 1390 2345 gandium
1411 2290 1462 2330 seu
1478 2291 1632 2332 maerorem
1653 2277 1831 2333 audientium

156 2369 230 2424 ritis.
248 2367 401 2424 Evidenter
422 2370 499 2438 patet
513 2367 588 2438 quod
604 2367 677 2435 Ode,
692 2368 781 2424 frater
795 2385 886 2440 meus,
902 2372 970 2426 levis
1020 2363 1149 2418 cordibus
1171 2364 1286 2421 infudit·
1313 2367 1385 2422 Nam
1405 2384 1481 2424 mors
1503 2369 1647 2425 Guillelmi
1670 2371 1747 2443 regis
1769 2372 1829 2444 ipso

158 2464 202 2518 est
229 2464 258 2517 ct
284 2461 461 2529 ambitiosus,
487 2460 581 2516 carnis
605 2460 749 2516 inherens
772 2461 918 2517 desideriis
940 2469 968 2518 et
1019 2457 1121 2512 eodem
1135 2457 1192 2525 dia,
1207 2475 1262 2530 qun
1277 2460 1451 2533 Rotbomagi
1468 2462 1618 2518 defunctus
1637 2467 1689 2531 est,
1705 2464 1736 2518 iu
1759 2465 1829 2520 urbe

157 2555 307 2611 immensis
320 2553 544 2621 crudelitatibus,
562 2558 591 2608 et
611 2570 761 2625 nunquam
775 2556 933 2611 mutabitur
952 2573 969 2611 a
1019 2549 1110 2605 lluma
1122 2557 1149 2606 el
1160 2551 1190 2605 in
1204 2552 1331 2608 Calabria
1345 2554 1516 2626 quibusdam
1532 2556 1739 2612 exhereditatis
1754 2575 1829 2612 nun-

157 2649 307 2704 lenooiniis
328 2653 357 2703 et
378 2647 469 2702 noxiis
489 2646 670 2702 vanitatibus.
691 2648 747 2703 ilco
768 2650 917 2720 perspicue
938 2649 968 2705 iu
1018 2642 1089 2697 liuta
1102 2649 1153 2712 eal,
1169 2649 1199 2699 ul
1213 2645 1248 2699 ab
1269 2645 1336 2719 ipsis
1355 2648 1536 2718 postmodum
1556 2650 1693 2705 veraciter
1706 2650 1737 2705 in
1758 2652 1828 2706 Nor-

156 2742 285 2815 pluribus
298 2747 429 2813 expertus
444 2756 519 2808 sum,
533 2741 652 2812 ideoque
669 2741 823 2797 constrinxi
836 2759 895 2798 nou
915 2760 967 2798 an·
1018 2736 1135 2791 mannia
1153 2738 1276 2793 relatum
1291 2741 1343 2794 est.
1360 2740 1498 2813 lfaliguus
1515 2743 1621 2814 quippe
1641 2742 1758 2815 spiritus
1776 2761 1826 2815 op-

156 2836 284 2903 tistitem‚
306 2835 354 2890 sed
374 2838 537 2906 tyranuum.
555 2834 668 2906 Absque
681 2834 768 2889 dubio
789 2835 812 2890 si
833 2838 967 2906 eraserit,
1018 2829 1083 2900 pidu
1103 2830 1277 2902 tripudiavit,
1293 2831 1362 2887 dum
1384 2834 1501 2891 clientes
1516 2851 1591 2904 suos,
1606 2836 1655 2908 qui
1675 2853 1777 2908 rapere
1800 2840 1828 2893 et

156 2933 246 2984 totam
262 2927 410 3000 regionem
426 2926 560 2994 turbabit,
576 2933 604 2982 et
619 2927 715 2982 multis
728 2927 854 2983 millibus
868 2930 967 3000 perui·
1017 2923 1129 2995 clepere
1139 2924 1325 2981 vehementer
1337 2926 1496 2998 inhiabant,
1510 2944 1561 3000 per
1576 2945 1708 2985 occasum
1722 2929 1828 3002 judicis

156 3024 231 3079 ciem
252 3020 486 3077 subministrabit.
503 3020 566 3074 llaec
589 3036 647 3074 non
670 3036 705 3076 ex
726 3020 801 3088 odio,
816 3026 848 3077 ut
869 3022 966 3094 hostis,
1018 3015 1252 3073 absolutosvidit.

156 3117 271 3188 profero
280 3133 289 3185 ;
305 3120 358 3183 set,
375 3116 406 3169 ut
417 3112 615 3185 paterpatriae,
630 3113 706 3184 plebi
719 3114 887 3171 Christianae
899 3133 965 3188 pro·
1146 3112 1213 3168 lllll·
1228 3115 1306 3181 Regis
1316 3114 1426 3180 suamc.
1441 3116 1497 3170 eva
1507 3115 1701 3172 meditationes.

155 3210 247 3265 video.
263 3208 291 3264 Si
310 3209 387 3263 enim
404 3210 480 3262 caste
503 3208 533 3261 et
548 3206 678 3261 modeste
694 3223 723 3263 se
745 3207 875 3278 heberet,
895 3209 968 3266 sicut
1053 3204 1074 3259 0
1095 3205 1236 3261 secularis
1258 3223 1374 3278 pompa,
1390 3224 1475 3279 quam
1496 3208 1676 3281 despicabilis
1689 3210 1741 3266 esl
1761 3212 1828 3284 quia

155 3303 329 3358 sacerdotem
356 3303 386 3356 et
411 3300 460 3355 Dei
491 3299 654 3356 ministrum
687 3301 792 3373 ubique
817 3303 965 3372 condecet,
1015 3297 1101 3352 nimia
1119 3315 1191 3353 rana
1214 3305 1243 3355 et
1264 3299 1354 3355 labilis
1375 3301 1421 3356 eal
1443 3302 1528 3358 necte
1552 3302 1724 3374 pluvialibus
1742 3304 1828 3361 bullis

155 3396 233 3452 cordi
259 3411 323 3450 meo
347 3394 447 3466 major,
476 3409 566 3466 quam
592 3394 698 3466 possim
723 3395 839 3464 referre,
866 3397 966 3453 latitia
1015 3391 1157 3463 aquanda
1175 3392 1364 3465 dicerisque
1385 3394 1415 3449 in
1437 3399 1583 3452 momento
1606 3396 1689 3452 valde
1711 3399 1827 3472 turgida

155 3490 270 3545 inesset.
288 3510 301 3539 »
1015 3485 1145 3557 erigeris,
1159 3486 1308 3558 subitoque
1328 3487 1358 3542 in
1377 3487 1501 3544 nihilum
1519 3489 1666 3561 redigeris.
1683 3492 1755 3548 Ecce
1776 3509 1826 3564 po-

190 3581 400 3655 spondentibus
412 3585 508 3637 autem
522 3583 630 3638 eunctis
647 3583 877 3640 emendationem
892 3601 963 3656 pon·
1015 3579 1190 3635 tentissimus
1213 3580 1308 3650 heros,
1331 3581 1377 3635 cui
1400 3598 1491 3653 nuper
1514 3584 1686 3657 plusquam
1711 3591 1827 3642 centum

153 3677 246 3745 tifrcis,
268 3693 317 3732 rex
340 3676 445 3731 iterum
467 3675 507 3731 ait
523 3693 529 3731 :
543 3699 557 3726 a
580 3676 670 3731 Velim
690 3677 788 3745 nolim,
804 3681 898 3734 restra
916 3678 965 3735 flet
1015 3672 1106 3727 millia
1121 3673 1246 3729 militum
1267 3674 1428 3730 serviebant
1452 3675 1542 3745 avide,
1567 3682 1596 3733 et
1615 3692 1703 3748 quem
1728 3681 1827 3735 muttae

153 3772 265 3846 petitio,
280 3770 355 3842 quia,
369 3786 416 3825 me
429 3769 574 3839 defuncto,
589 3770 741 3826 vehemens
757 3771 849 3828 subito
868 3789 964 3829 rerum
1015 3771 1113 3838 gentes
1125 3783 1190 3821 cum
1201 3771 1324 3822 tremore
1333 3769 1509 3838 metuebant,
1521 3785 1598 3825 nunc
1607 3787 1624 3825 a
1633 3771 1693 3827 suis
1704 3775 1827 3845 turpiter

153 3867 203 3921 liet
216 3865 349 3921 mutatio.
362 3863 468 3919 luvitus
482 3863 604 3919 concedo
618 3868 650 3917 nt
661 3863 750 3919 frater
763 3882 843 3921 meus
854 3866 888 3922 de
901 3883 963 3925 car·
1013 3859 1044 3915 in
1058 3859 1144 3915 damu
1156 3877 1213 3916 nnn
1228 3876 1279 3917 aaa
1288 3861 1424 3932 spoliatus
1437 3866 1491 3931 est,
1503 3866 1533 3918 el
1543 3881 1561 3918 a
1575 3863 1668 3936 prima
1682 3882 1772 3939 usque
1788 3868 1825 3922 ad

151 3977 214 4017 cere
236 3960 382 4014 liberetur.
406 3956 461 4013 Sed
482 3957 580 4011 scitote
604 3956 679 4028 quod
703 3958 800 4013 multis
823 3975 874 4031 per
896 3977 963 4017 aum
1014 3953 1127 4009 tertiam
1141 3970 1226 4026 supra
1239 3956 1349 4011 nudam
1367 3955 1489 4012 humum
1506 3956 1658 4014 derelictus
1678 3962 1732 4015 est.
1747 3961 1825 4017 Cives

152 4067 229 4108 mors
243 4069 294 4107 seu
307 4066 391 4122 grave
405 4049 646 4121 impedimentum
659 4050 821 4107 incutietur.
836 4054 963 4111 Baldrico
1014 4046 1091 4102 enim
1107 4048 1359 4119 flolhnffiagtnsca
1377 4049 1472 4105 auditu
1486 4051 1566 4122 lapsu
1581 4052 1728 4126 principia,
1743 4055 1823 4110 valde

153 4149 250 4200 autem
263 4143 369 4199 Nicolai
381 4142 450 4211 tilio,
460 4142 527 4214 quia
534 4141 680 4197 servitium
687 4158 786 4199 meum
794 4143 964 4217 insipienter
1013 4140 1105 4196 territi
1121 4146 1196 4213 aunt,
1209 4148 1238 4196 et
1252 4158 1326 4214 pene
1340 4158 1439 4199 omnes
1452 4144 1528 4199 velut
1541 4144 1612 4200 ebrii
1626 4145 1822 4219 desipuerunt,

152 4238 278 4310 reliquit,
302 4240 332 4292 et
352 4236 412 4291 sine
431 4251 495 4291 mea
512 4235 628 4290 licentia
643 4235 673 4291 in
694 4238 860 4309 Hispaniam
881 4240 960 4312 abiit,
1012 4250 1044 4290 nc
1062 4234 1086 4289 si
1106 4234 1322 4291 multitudinem
1341 4235 1466 4292 hostium
1485 4237 1637 4294 imminere
1656 4240 1721 4297 urbi
1740 4240 1824 4296 vidis

150 4338 240 4389 totam
260 4335 368 4387 terram
389 4346 468 4384 suam
491 4346 543 4401 pro
566 4331 752 4402 castigatione
775 4333 887 4389 abstuli.
907 4334 962 4391 sed
1013 4332 1085 4398 sent,
1102 4329 1207 4385 turbati
1228 4333 1303 4386 sunt.
1320 4330 1520 4403 Unusquisque
1541 4332 1575 4388 de
1594 4333 1667 4402 loco,
1680 4333 1732 4390 ubi
1752 4338 1821 4405 erat,

150 4442 226 4483 nnnc
240 4425 279 4481 illi
292 4424 381 4481 reddo
396 4440 448 4496 pro
463 4439 559 4479 amore
573 4424 634 4479 Dei.
649 4425 698 4479 llio
718 4425 820 4482 melior
834 4428 864 4483 in
876 4420 1001 4493 armisD
1012 4424 1137 4492 recessit,
1154 4426 1184 4479 et
1196 4423 1266 4496 quid
1277 4428 1375 4496 ageret
1390 4441 1407 4479 a
1421 4426 1554 4498 conjuge,
1565 4427 1610 4482 vel
1625 4427 1707 4484 obvio
1723 4430 1821 4497 sodali,

149 4521 215 4588 tiro,
231 4536 306 4587 reor,
324 4534 382 4574 non
394 4518 549 4574 invenitur.
564 4518 621 4573 Sed
633 4518 770 4591 prodigus
783 4523 812 4576 et
826 4522 895 4578 levis
907 4530 959 4593 est,
1010 4517 1054 4575 vel
1068 4519 1161 4573 amieo
1175 4517 1325 4573 consilinm
1338 4519 1478 4591 quaesivit.
1493 4521 1548 4576 iles
1560 4536 1625 4575 suas
1641 4520 1762 4595 quisque
1774 4526 1823 4579 aut

149 4630 182 4669 ac
196 4629 249 4686 per
264 4613 375 4668 diversa
391 4617 518 4684 vagatur.
534 4611 607 4668 »Sic
626 4611 794 4669 Guillelmus
814 4630 874 4684 rex,
889 4616 960 4673 licet
1009 4612 1218 4682 transmutavit,
1229 4616 1277 4667 aut
1290 4615 1479 4668 transmutare
1494 4612 1627 4682 decrevit,
1644 4615 1822 4690 pavidusque

33 4708 36 4713 ’
149 4706 237 4762 nimio
249 4707 329 4761 illum
348 4706 446 4760 dolore
459 4706 586 4775 graviter
599 4712 762 4777 angeretur,
777 4724 847 4763 sana
862 4712 959 4766 mmen
1010 4722 1046 4762 ne
1063 4707 1262 4762 invenirentur
1274 4706 1429 4762 abscondit.

148 4804 244 4855 mente
258 4817 291 4855 ac
307 4799 396 4855 vivaci
415 4799 528 4871 loquela
547 4798 699 4855 efficaciter
714 4800 872 4873 fruebatur,
887 4804 959 4860 etin
1044 4801 1181 4872 Religiosi
1195 4800 1383 4869 tandemviri,
1398 4799 1492 4856 clerici
1505 4805 1533 4857 et
1542 4803 1686 4871 monachi,
1695 4804 1821 4861 collectis

148 4894 288 4964 omnibus,
305 4893 339 4948 de
354 4892 474 4964 negotiis
487 4892 570 4965 regni
584 4893 773 4964 poscentibus,
790 4903 957 4969 promptum
1008 4894 1115 4949 viribus
1141 4900 1170 4949 et
1188 4894 1295 4948 intimis
1311 4894 1449 4962 sensibus,
1472 4895 1682 4966 processionem
1705 4897 1821 4954 ordina·

147 4992 175 5041 et
187 4987 257 5041 utile
269 4985 420 5042 consilium
434 4986 664 5059 impartiebatur.
1008 4993 1119 5056 verunt,
1135 4988 1254 5043 honeste
1267 4987 1369 5056 induti,
1384 5003 1450 5043 cum
1465 4989 1597 5045 crucibus
1609 4993 1637 5045 et
1652 4991 1820 5060 thuribulis,

183 5080 339 5152 Deniquev
357 5080 423 5135 ldus
442 5079 630 5152 Septembris,
644 5081 718 5136 feria
734 5098 752 5135 v
772 5080 829 5155 [die
848 5084 958 5140 lavisti
1007 5081 1044 5136 ad
1067 5081 1203 5136 Sanctum
1222 5081 1385 5136 Gervasium
1407 5087 1617 5154 processerunt,
1637 5088 1666 5139 et
1691 5085 1820 5141 animam

147 5170 322 5244 Septembris
338 5173 495 5245 l087],jam
507 5173 613 5231 Phcebo
628 5175 792 5247 perorbem
806 5184 959 5249 spargente
1007 5174 1085 5247 regis
1097 5175 1254 5231 secundum
1272 5191 1383 5232 morem
1402 5179 1508 5232 sancta
1521 5176 1745 5234 Christianitatis
1764 5181 1820 5236 Deo

148 5266 225 5322 clara
236 5265 384 5321 radiorum
399 5266 516 5338 spicula,
530 5267 638 5322 excitus
652 5285 704 5325 rex
719 5286 822 5325 sonum
842 5272 958 5343 majoris
1007 5270 1287 5326 commendaverunt.
1308 5271 1385 5326 Tunc
1403 5270 1571 5327 Guillelmus
1590 5271 1820 5346 archiepiscopus

146 5359 221 5430 signi
232 5358 378 5414 audivitin
389 5360 609 5431 metropolitana
622 5361 957 5423 basilica.Percunctanto
1004 5363 1089 5435 jussit
1108 5366 1141 5418 ut
1155 5378 1258 5434 corpus
1270 5363 1332 5435 ejus
1351 5364 1510 5421 cadomum
1525 5363 1698 5435 deferretur,
1722 5366 1819 5441 ibique

145 5469 180 5509 eo
195 5452 267 5525 quid
278 5456 402 5521 sonaret,
414 5453 627 5525 responderunt
635 5455 778 5513 ministri:
794 5478 810 5509 a
824 5458 956 5529 Domine,
1006 5456 1036 5512 in
1061 5455 1180 5512 basdica
1200 5457 1296 5513 Sancti
1314 5457 1450 5530 Stephani
1475 5457 1708 5531 protomartyris,
1729 5475 1819 5533 quam

143 5544 215 5602 hora
228 5545 323 5617 prima
332 5545 393 5618 jam
400 5544 528 5618 pulsatur
540 5544 569 5601 iu
578 5547 696 5604 ecclesia
706 5551 815 5606 &notae
827 5550 954 5608 Maria.»
1006 5549 1067 5623 ipsa
1088 5549 1267 5620 condiderat,
1292 5552 1492 5608 tumularetur.
1508 5552 1614 5608 Verum
1628 5551 1736 5609 tratriu
1757 5554 1820 5626 ejus

143 5638 222 5696 'func
240 5655 289 5696 rex
308 5654 375 5696 cum
395 5654 509 5695 summa
528 5640 676 5698 devotione
687 5642 784 5700 coruos
797 5644 956 5702 'adamum
1006 5650 1035 5702 et
1049 5645 1162 5718 cognati
1170 5645 1233 5717 jam
1247 5644 1284 5701 ab
1295 5660 1330 5701 eo
1342 5651 1532 5718 nocuerant,
1542 5652 1572 5704 et
1580 5660 1684 5704 omues
1692 5647 1820 5706 minuat

143 5734 247 5804 erexit,
261 5737 291 5792 et
303 5748 418 5791 sumum
428 5733 561 5791 manibus
573 5735 708 5808 extensis,
723 5735 794 5794 dixit
808 5754 816 5795 r
832 5758 847 5790 u
860 5739 956 5797 ltcmi·
1004 5738 1067 5812 qus
1078 5754 1156 5810 eum,
1170 5742 1203 5795 at
1214 5738 1380 5813 barbarum,
1387 5741 1522 5817 nequiter
1529 5741 1727 5809 durauerant.
1736 5742 1819 5803 Unde
