<?xml version="1.0" encoding="UTF-8"?>
<!DOCTYPE html PUBLIC "-//W3C//DTD XHTML 1.0 Transitional//EN"
    "http://www.w3.org/TR/xhtml1/DTD/xhtml1-transitional.dtd">
<html xmlns="http://www.w3.org/1999/xhtml" xml:lang="en" lang="en">
 <head>
  <title>
</title>
<meta http-equiv="Content-Type" content="text/html;charset=utf-8" />
  <meta name='ocr-system' content='tesseract 3.04.00' />
  <meta name='ocr-capabilities' content='ocr_page ocr_carea ocr_par ocr_line ocrx_word'/>
</head>
<body>
  <div class='ocr_page' id='page_1' title='image "./patrologiaecurs67unkngoog_0032.png"; bbox 0 0 3750 6046; ppageno 0'>
   <div class='ocr_carea' id='block_1_1' title="bbox 99 199 1785 263">
    <p class='ocr_par' dir='ltr' id='par_1_1' title="bbox 99 199 1785 263">
     <span class='ocr_line' id='line_1_1' title="bbox 99 199 1785 263; baseline 0.004 -8"><span class='ocrx_word' id='word_1_1' title='bbox 99 203 128 256; x_wconf 67' lang='lat' dir='ltr'><strong><em>i?</em></strong></span> <span class='ocrx_word' id='word_1_2' title='bbox 534 199 691 262; x_wconf 77' lang='lat' dir='ltr'><strong><em>nestoras</em></strong></span> <span class='ocrx_word' id='word_1_3' title='bbox 711 203 975 262; x_wconf 74' lang='lat' dir='ltr'><strong><em>iceleJSlasrlca.</em></strong></span> <span class='ocrx_word' id='word_1_4' title='bbox 993 232 1027 244; x_wconf 96' lang='lat'><em>-</em></span> <span class='ocrx_word' id='word_1_5' title='bbox 1041 203 1127 263; x_wconf 73' lang='lat' dir='ltr'><strong><em>PARS</em></strong></span> <span class='ocrx_word' id='word_1_6' title='bbox 1147 203 1165 262; x_wconf 91' lang='lat' dir='ltr'><strong><em>l.</em></strong></span> <span class='ocrx_word' id='word_1_7' title='bbox 1181 236 1213 244; x_wconf 86' lang='lat'><strong><em>--</em></strong></span> <span class='ocrx_word' id='word_1_8' title='bbox 1231 205 1293 263; x_wconf 77' lang='grc' dir='ltr'><strong><em>ΗΒ.</em></strong></span> <span class='ocrx_word' id='word_1_9' title='bbox 1315 202 1337 261; x_wconf 85' lang='lat' dir='ltr'><strong><em>l.</em></strong></span> <span class='ocrx_word' id='word_1_10' title='bbox 1752 203 1785 261; x_wconf 73' lang='grc'><strong><em>38</em></strong></span> 
     </span>
    </p>
   </div>
   <div class='ocr_carea' id='block_1_2' title="bbox 91 325 1801 871">
    <p class='ocr_par' dir='ltr' id='par_1_2' title="bbox 94 325 1781 417">
     <span class='ocr_line' id='line_1_2' title="bbox 94 325 1781 417; baseline 0.001 -38"><span class='ocrx_word' id='word_1_11' title='bbox 94 326 160 386; x_wconf 79' lang='lat' dir='ltr'><strong><em>lua,</em></strong></span> <span class='ocrx_word' id='word_1_12' title='bbox 176 327 290 394; x_wconf 64' lang='lat' dir='ltr'><strong><em>usiones</em></strong></span> <span class='ocrx_word' id='word_1_13' title='bbox 309 333 348 383; x_wconf 83' lang='lat' dir='ltr'><strong><em>est</em></strong></span> <span class='ocrx_word' id='word_1_14' title='bbox 368 325 455 383; x_wconf 68' lang='lat' dir='ltr'><strong><em>eume.</em></strong></span> <span class='ocrx_word' id='word_1_15' title='bbox 477 330 545 384; x_wconf 83' lang='lat' dir='ltr'><strong><em>Erat</em></strong></span> <span class='ocrx_word' id='word_1_16' title='bbox 564 330 635 384; x_wconf 89' lang='lat' dir='ltr'><strong><em>enim</em></strong></span> <span class='ocrx_word' id='word_1_17' title='bbox 653 331 760 400; x_wconf 87' lang='lat' dir='ltr'><strong><em>cupiens</em></strong></span> <span class='ocrx_word' id='word_1_18' title='bbox 779 348 812 384; x_wconf 84' lang='lat' dir='ltr'><strong><em>cc</em></strong></span> <span class='ocrx_word' id='word_1_19' title='bbox 830 330 915 384; x_wconf 80' lang='lat' dir='ltr'><strong><em>ereeelto</em></strong></span> <span class='ocrx_word' id='word_1_20' title='bbox 926 344 954 417; x_wconf 61' lang='grc' dir='ltr'>Α</span> <span class='ocrx_word' id='word_1_21' title='bbox 966 331 1020 385; x_wconf 88' lang='lat' dir='ltr'><strong><em>nisi</em></strong></span> <span class='ocrx_word' id='word_1_22' title='bbox 1038 329 1088 384; x_wconf 86' lang='lat' dir='ltr'><strong><em>tibi</em></strong></span> <span class='ocrx_word' id='word_1_23' title='bbox 1101 334 1167 385; x_wconf 89' lang='lat' dir='ltr'><strong><em>esset</em></strong></span> <span class='ocrx_word' id='word_1_24' title='bbox 1181 328 1276 384; x_wconf 89' lang='lat' dir='ltr'><strong><em>datum</em></strong></span> <span class='ocrx_word' id='word_1_25' title='bbox 1296 330 1419 400; x_wconf 77' lang='lat' dir='ltr'><strong><em>desuper.</em></strong></span> <span class='ocrx_word' id='word_1_26' title='bbox 1435 329 1582 399; x_wconf 72' lang='lat' dir='ltr'><strong><em>Propterea</em></strong></span> <span class='ocrx_word' id='word_1_27' title='bbox 1602 327 1651 398; x_wconf 84' lang='lat' dir='ltr'><strong><em>qui</em></strong></span> <span class='ocrx_word' id='word_1_28' title='bbox 1669 345 1707 383; x_wconf 80' lang='lat' dir='ltr'><strong><em>ene</em></strong></span> <span class='ocrx_word' id='word_1_29' title='bbox 1724 333 1781 382; x_wconf 89' lang='lat' dir='ltr'><strong><em>tru-</em></strong></span> 
     </span>
    </p>

    <p class='ocr_par' dir='ltr' id='par_1_3' title="bbox 93 421 1801 588">
     <span class='ocr_line' id='line_1_3' title="bbox 95 421 1801 494; baseline 0.002 -21"><span class='ocrx_word' id='word_1_30' title='bbox 95 424 208 490; x_wconf 86' lang='lat' dir='ltr'><strong><em>tenpare</em></strong></span> <span class='ocrx_word' id='word_1_31' title='bbox 229 423 321 479; x_wconf 85' lang='lat' dir='ltr'><strong><em>uidere</em></strong></span> <span class='ocrx_word' id='word_1_32' title='bbox 339 437 410 484; x_wconf 75' lang='lat' dir='ltr'><strong><em>eum</em></strong></span> <span class='ocrx_word' id='word_1_33' title='bbox 428 438 456 477; x_wconf 92' lang='lat' dir='ltr'><strong><em>eo</em></strong></span> <span class='ocrx_word' id='word_1_34' title='bbox 478 424 551 493; x_wconf 85' lang='lat' dir='ltr'><strong><em>qeead</em></strong></span> <span class='ocrx_word' id='word_1_35' title='bbox 572 424 680 479; x_wconf 87' lang='lat' dir='ltr'><strong><em>audiret</em></strong></span> <span class='ocrx_word' id='word_1_36' title='bbox 699 425 786 479; x_wconf 89' lang='lat' dir='ltr'><strong><em>meelta</em></strong></span> <span class='ocrx_word' id='word_1_37' title='bbox 806 425 838 478; x_wconf 92' lang='lat' dir='ltr'><strong><em>de</em></strong></span> <span class='ocrx_word' id='word_1_38' title='bbox 854 425 911 486; x_wconf 91' lang='lat' dir='ltr'><strong><em>illo,</em></strong></span> <span class='ocrx_word' id='word_1_39' title='bbox 965 424 1037 478; x_wconf 86' lang='lat' dir='ltr'><strong><em>didit</em></strong></span> <span class='ocrx_word' id='word_1_40' title='bbox 1062 424 1121 486; x_wconf 91' lang='lat' dir='ltr'><strong><em>tibi,</em></strong></span> <span class='ocrx_word' id='word_1_41' title='bbox 1142 423 1229 493; x_wconf 75' lang='lat' dir='ltr'><strong><em>majia</em></strong></span> <span class='ocrx_word' id='word_1_42' title='bbox 1249 428 1389 494; x_wconf 77' lang='lat' dir='ltr'><strong><em>pecccatum</em></strong></span> <span class='ocrx_word' id='word_1_43' title='bbox 1410 422 1498 478; x_wconf 80' lang='lat' dir='ltr'><strong><em>lrabet.</em></strong></span> <span class='ocrx_word' id='word_1_44' title='bbox 1520 422 1625 479; x_wconf 60' lang='lat' dir='ltr'><strong><em>&amp;inde</em></strong></span> <span class='ocrx_word' id='word_1_45' title='bbox 1645 421 1801 492; x_wconf 69' lang='lat' dir='ltr'><strong><em>querebat</em></strong></span> 
     </span>
     <span class='ocr_line' id='line_1_4' title="bbox 93 514 1785 588; baseline 0.002 -21"><span class='ocrx_word' id='word_1_46' title='bbox 93 518 116 567; x_wconf 89' lang='lat' dir='ltr'><strong><em>et</em></strong></span> <span class='ocrx_word' id='word_1_47' title='bbox 128 514 261 583; x_wconf 72' lang='lat' dir='ltr'><strong><em>sperabat</em></strong></span> <span class='ocrx_word' id='word_1_48' title='bbox 279 518 389 586; x_wconf 62' lang='lat' dir='ltr'><strong><em>annum</em></strong></span> <span class='ocrx_word' id='word_1_49' title='bbox 407 516 520 588; x_wconf 78' lang='lat' dir='ltr'><strong><em>setiquod</em></strong></span> <span class='ocrx_word' id='word_1_50' title='bbox 535 517 626 572; x_wconf 86' lang='lat' dir='ltr'><strong><em>videre</em></strong></span> <span class='ocrx_word' id='word_1_51' title='bbox 645 517 679 572; x_wconf 91' lang='lat' dir='ltr'><strong><em>ab</em></strong></span> <span class='ocrx_word' id='word_1_52' title='bbox 697 533 725 572; x_wconf 89' lang='lat' dir='ltr'><strong><em>eo</em></strong></span> <span class='ocrx_word' id='word_1_53' title='bbox 739 520 806 586; x_wconf 72' lang='lat' dir='ltr'><strong><em>fieri.</em></strong></span> <span class='ocrx_word' id='word_1_54' title='bbox 824 519 912 573; x_wconf 87' lang='lat' dir='ltr'><strong><em>later·</em></strong></span> <span class='ocrx_word' id='word_1_55' title='bbox 963 518 1070 573; x_wconf 90' lang='lat' dir='ltr'><strong><em>Pilatus</em></strong></span> <span class='ocrx_word' id='word_1_56' title='bbox 1081 519 1216 573; x_wconf 72' lang='lat' dir='ltr'><strong><em>dimittere</em></strong></span> <span class='ocrx_word' id='word_1_57' title='bbox 1226 533 1294 573; x_wconf 91' lang='lat' dir='ltr'><strong><em>eum.</em></strong></span> <span class='ocrx_word' id='word_1_58' title='bbox 1308 518 1400 577; x_wconf 79' lang='lat' dir='ltr'><strong><em>ludaei</em></strong></span> <span class='ocrx_word' id='word_1_59' title='bbox 1412 525 1501 574; x_wconf 83' lang='lat' dir='ltr'><strong><em>etalem</em></strong></span> <span class='ocrx_word' id='word_1_60' title='bbox 1515 519 1681 582; x_wconf 83' lang='lat' dir='ltr'><strong><em>clamabant,</em></strong></span> <span class='ocrx_word' id='word_1_61' title='bbox 1696 518 1785 573; x_wconf 84' lang='lat' dir='ltr'><strong><em>dicere-</em></strong></span> 
     </span>
    </p>

    <p class='ocr_par' dir='ltr' id='par_1_4' title="bbox 92 607 1799 776">
     <span class='ocr_line' id='line_1_5' title="bbox 92 607 1799 681; baseline 0.003 -21"><span class='ocrx_word' id='word_1_62' title='bbox 92 607 205 677; x_wconf 80' lang='lat' dir='ltr'><strong><em>ropubut</em></strong></span> <span class='ocrx_word' id='word_1_63' title='bbox 231 609 312 663; x_wconf 85' lang='lat' dir='ltr'><strong><em>illurn</em></strong></span> <span class='ocrx_word' id='word_1_64' title='bbox 334 610 426 664; x_wconf 80' lang='lat' dir='ltr'><strong><em>inultis</em></strong></span> <span class='ocrx_word' id='word_1_65' title='bbox 451 611 624 666; x_wconf 72' lang='lat' dir='ltr'><strong><em>sermonibus.</em></strong></span> <span class='ocrx_word' id='word_1_66' title='bbox 650 612 687 667; x_wconf 82' lang='lat' dir='ltr'><strong><em>At</em></strong></span> <span class='ocrx_word' id='word_1_67' title='bbox 712 614 769 681; x_wconf 86' lang='lat' dir='ltr'><strong><em>ipse</em></strong></span> <span class='ocrx_word' id='word_1_68' title='bbox 795 612 865 666; x_wconf 84' lang='lat' dir='ltr'><strong><em>nibil</em></strong></span> <span class='ocrx_word' id='word_1_69' title='bbox 889 613 914 666; x_wconf 89' lang='lat' dir='ltr'><strong><em>ei</em></strong></span> <span class='ocrx_word' id='word_1_70' title='bbox 965 617 1003 667; x_wconf 90' lang='lat' dir='ltr'><strong><em>tes</em></strong></span> <span class='ocrx_word' id='word_1_71' title='bbox 1019 630 1027 666; x_wconf 74' lang='grc' dir='ltr'><strong><em>ε</em></strong></span> <span class='ocrx_word' id='word_1_72' title='bbox 1042 613 1072 669; x_wconf 88' lang='lat' dir='ltr'><strong><em>Si</em></strong></span> <span class='ocrx_word' id='word_1_73' title='bbox 1089 611 1160 667; x_wconf 83' lang='lat' dir='ltr'><strong><em>bunc</em></strong></span> <span class='ocrx_word' id='word_1_74' title='bbox 1174 612 1302 675; x_wconf 79' lang='lat' dir='ltr'><strong><em>dimittis,</em></strong></span> <span class='ocrx_word' id='word_1_75' title='bbox 1320 628 1374 667; x_wconf 81' lang='lat' dir='ltr'><strong><em>icon</em></strong></span> <span class='ocrx_word' id='word_1_76' title='bbox 1392 627 1419 667; x_wconf 89' lang='lat' dir='ltr'><strong><em>es</em></strong></span> <span class='ocrx_word' id='word_1_77' title='bbox 1439 615 1540 667; x_wconf 74' lang='lat' dir='ltr'><strong><em>remmus</em></strong></span> <span class='ocrx_word' id='word_1_78' title='bbox 1556 614 1683 675; x_wconf 77' lang='lat' dir='ltr'><strong><em>cacerris:</em></strong></span> <span class='ocrx_word' id='word_1_79' title='bbox 1696 613 1799 667; x_wconf 87' lang='lat' dir='ltr'><strong><em>omnis·</em></strong></span> 
     </span>
     <span class='ocr_line' id='line_1_6' title="bbox 92 702 1623 776; baseline 0.003 -21"><span class='ocrx_word' id='word_1_80' title='bbox 92 702 281 771; x_wconf 81' lang='lat' dir='ltr'><strong><em>respondebat.</em></strong></span> <span class='ocrx_word' id='word_1_81' title='bbox 298 703 417 759; x_wconf 89' lang='lat' dir='ltr'><strong><em>Stabant</em></strong></span> <span class='ocrx_word' id='word_1_82' title='bbox 430 706 568 775; x_wconf 81' lang='lat' dir='ltr'><strong><em>principes</em></strong></span> <span class='ocrx_word' id='word_1_83' title='bbox 583 706 750 761; x_wconf 82' lang='lat' dir='ltr'><strong><em>semerdotum</em></strong></span> <span class='ocrx_word' id='word_1_84' title='bbox 763 711 788 761; x_wconf 90' lang='lat' dir='ltr'><strong><em>et</em></strong></span> <span class='ocrx_word' id='word_1_85' title='bbox 802 705 911 769; x_wconf 81' lang='lat' dir='ltr'><strong><em>Scribe,</em></strong></span> <span class='ocrx_word' id='word_1_86' title='bbox 963 708 1034 760; x_wconf 86' lang='lat' dir='ltr'><strong><em>enim</em></strong></span> <span class='ocrx_word' id='word_1_87' title='bbox 1048 709 1097 776; x_wconf 84' lang='lat' dir='ltr'><strong><em>qui</em></strong></span> <span class='ocrx_word' id='word_1_88' title='bbox 1110 721 1137 761; x_wconf 91' lang='lat' dir='ltr'><strong><em>se</em></strong></span> <span class='ocrx_word' id='word_1_89' title='bbox 1154 721 1242 775; x_wconf 81' lang='lat' dir='ltr'><strong><em>sepem</em></strong></span> <span class='ocrx_word' id='word_1_90' title='bbox 1255 708 1326 774; x_wconf 73' lang='lat' dir='ltr'><strong><em>terat</em></strong></span> <span class='ocrx_word' id='word_1_91' title='bbox 1339 706 1499 762; x_wconf 81' lang='lat' dir='ltr'><strong><em>contradicit</em></strong></span> <span class='ocrx_word' id='word_1_92' title='bbox 1513 706 1623 762; x_wconf 80' lang='lat' dir='ltr'><strong><em>Gaesuri.</em></strong></span> 
     </span>
    </p>

    <p class='ocr_par' dir='ltr' id='par_1_5' title="bbox 91 800 1781 871">
     <span class='ocr_line' id='line_1_7' title="bbox 91 800 1781 871; baseline 0.002 -22"><span class='ocrx_word' id='word_1_93' title='bbox 91 802 248 851; x_wconf 71' lang='lat' dir='ltr'><strong><em>constanter</em></strong></span> <span class='ocrx_word' id='word_1_94' title='bbox 274 804 433 854; x_wconf 79' lang='lat' dir='ltr'><strong><em>erecuseentes</em></strong></span> <span class='ocrx_word' id='word_1_95' title='bbox 459 814 528 854; x_wconf 88' lang='lat' dir='ltr'><strong><em>eum.</em></strong></span> <span class='ocrx_word' id='word_1_96' title='bbox 554 800 662 869; x_wconf 87' lang='lat' dir='ltr'><strong><em>Spreuit</em></strong></span> <span class='ocrx_word' id='word_1_97' title='bbox 690 800 769 854; x_wconf 89' lang='lat' dir='ltr'><strong><em>illum</em></strong></span> <span class='ocrx_word' id='word_1_98' title='bbox 797 800 912 855; x_wconf 87' lang='lat' dir='ltr'><strong><em>llerodes</em></strong></span> <span class='ocrx_word' id='word_1_99' title='bbox 1000 801 1104 855; x_wconf 90' lang='lat' dir='ltr'><strong><em>Pilatus</em></strong></span> <span class='ocrx_word' id='word_1_100' title='bbox 1124 816 1196 871; x_wconf 80' lang='lat' dir='ltr'><strong><em>erpo,</em></strong></span> <span class='ocrx_word' id='word_1_101' title='bbox 1217 815 1276 855; x_wconf 90' lang='lat' dir='ltr'><strong><em>eum</em></strong></span> <span class='ocrx_word' id='word_1_102' title='bbox 1298 800 1419 856; x_wconf 78' lang='lat' dir='ltr'><strong><em>erudisset</em></strong></span> <span class='ocrx_word' id='word_1_103' title='bbox 1437 802 1483 856; x_wconf 80' lang='lat' dir='ltr'><strong><em>lios</em></strong></span> <span class='ocrx_word' id='word_1_104' title='bbox 1502 816 1644 862; x_wconf 84' lang='lat' dir='ltr'><strong><em>sermones,</em></strong></span> <span class='ocrx_word' id='word_1_105' title='bbox 1661 800 1781 854; x_wconf 79' lang='lat' dir='ltr'><strong><em>addimit</em></strong></span> 
     </span>
    </p>
   </div>
   <div class='ocr_carea' id='block_1_3' title="bbox 91 893 1860 965">
    <p class='ocr_par' dir='ltr' id='par_1_6' title="bbox 91 893 1860 965">
     <span class='ocr_line' id='line_1_8' title="bbox 91 893 1860 965; baseline 0.002 -23"><span class='ocrx_word' id='word_1_106' title='bbox 91 905 149 943; x_wconf 88' lang='lat' dir='ltr'><strong><em>cum</em></strong></span> <span class='ocrx_word' id='word_1_107' title='bbox 168 893 291 946; x_wconf 76' lang='lat' dir='ltr'><strong><em>ecermtu</em></strong></span> <span class='ocrx_word' id='word_1_108' title='bbox 314 908 374 954; x_wconf 86' lang='lat' dir='ltr'><strong><em>suo,</em></strong></span> <span class='ocrx_word' id='word_1_109' title='bbox 398 898 422 947; x_wconf 90' lang='lat' dir='ltr'><strong><em>et</em></strong></span> <span class='ocrx_word' id='word_1_110' title='bbox 444 894 532 948; x_wconf 87' lang='lat' dir='ltr'><strong><em>illusit</em></strong></span> <span class='ocrx_word' id='word_1_111' title='bbox 553 893 681 949; x_wconf 90' lang='lat' dir='ltr'><strong><em>indutum</em></strong></span> <span class='ocrx_word' id='word_1_112' title='bbox 702 899 773 949; x_wconf 86' lang='lat' dir='ltr'><strong><em>ueste</em></strong></span> <span class='ocrx_word' id='word_1_113' title='bbox 792 894 865 957; x_wconf 87' lang='lat' dir='ltr'><strong><em>alba,</em></strong></span> <span class='ocrx_word' id='word_1_114' title='bbox 888 899 912 949; x_wconf 93' lang='lat' dir='ltr'><strong><em>et</em></strong></span> <span class='ocrx_word' id='word_1_115' title='bbox 961 895 1038 961; x_wconf 71' lang='lat' dir='ltr'><strong><em>torres</em></strong></span> <span class='ocrx_word' id='word_1_116' title='bbox 1052 898 1152 957; x_wconf 86' lang='lat' dir='ltr'><strong><em>lesum,</em></strong></span> <span class='ocrx_word' id='word_1_117' title='bbox 1166 901 1191 948; x_wconf 92' lang='lat' dir='ltr'><strong><em>et</em></strong></span> <span class='ocrx_word' id='word_1_118' title='bbox 1204 894 1273 949; x_wconf 85' lang='lat' dir='ltr'><strong><em>sedit</em></strong></span> <span class='ocrx_word' id='word_1_119' title='bbox 1288 911 1338 965; x_wconf 91' lang='lat' dir='ltr'><strong><em>pro</em></strong></span> <span class='ocrx_word' id='word_1_120' title='bbox 1353 895 1488 949; x_wconf 79' lang='lat' dir='ltr'><strong><em>tribunali</em></strong></span> <span class='ocrx_word' id='word_1_121' title='bbox 1504 896 1533 949; x_wconf 88' lang='lat' dir='ltr'><strong><em>in</em></strong></span> <span class='ocrx_word' id='word_1_122' title='bbox 1549 895 1636 949; x_wconf 91' lang='lat' dir='ltr'><strong><em>locum</em></strong></span> <span class='ocrx_word' id='word_1_123' title='bbox 1650 895 1698 964; x_wconf 80' lang='lat' dir='ltr'><strong><em>qui</em></strong></span> <span class='ocrx_word' id='word_1_124' title='bbox 1713 894 1782 947; x_wconf 85' lang='lat' dir='ltr'><strong><em>elici·</em></strong></span> <span class='ocrx_word' id='word_1_125' title='bbox 1857 911 1860 915; x_wconf 52' lang='lat'><strong>⁴</strong></span> 
     </span>
    </p>
   </div>
   <div class='ocr_carea' id='block_1_4' title="bbox 91 985 1785 2282">
    <p class='ocr_par' dir='ltr' id='par_1_7' title="bbox 91 985 1785 2282">
     <span class='ocr_line' id='line_1_9' title="bbox 91 985 1783 1054; baseline 0.002 -17"><span class='ocrx_word' id='word_1_126' title='bbox 91 985 193 1037; x_wconf 82' lang='lat' dir='ltr'><strong><em>rnnisit</em></strong></span> <span class='ocrx_word' id='word_1_127' title='bbox 212 985 251 1039; x_wconf 92' lang='lat' dir='ltr'><strong><em>ad</em></strong></span> <span class='ocrx_word' id='word_1_128' title='bbox 269 986 402 1041; x_wconf 86' lang='lat' dir='ltr'><strong><em>Pilatum.</em></strong></span> <span class='ocrx_word' id='word_1_129' title='bbox 425 989 459 1041; x_wconf 81' lang='lat' dir='ltr'><strong><em>lte</em></strong></span> <span class='ocrx_word' id='word_1_130' title='bbox 477 989 547 1054; x_wconf 78' lang='lat' dir='ltr'><strong><em>{tecti</em></strong></span> <span class='ocrx_word' id='word_1_131' title='bbox 566 992 630 1042; x_wconf 82' lang='lat' dir='ltr'><strong><em>ssent</em></strong></span> <span class='ocrx_word' id='word_1_132' title='bbox 649 989 732 1041; x_wconf 89' lang='lat' dir='ltr'><strong><em>amici</em></strong></span> <span class='ocrx_word' id='word_1_133' title='bbox 750 987 867 1042; x_wconf 83' lang='lat' dir='ltr'><strong><em>Herodes</em></strong></span> <span class='ocrx_word' id='word_1_134' title='bbox 888 993 913 1042; x_wconf 92' lang='lat' dir='ltr'><strong><em>et</em></strong></span> <span class='ocrx_word' id='word_1_135' title='bbox 964 994 1010 1042; x_wconf 89' lang='lat' dir='ltr'><strong><em>tur</em></strong></span> <span class='ocrx_word' id='word_1_136' title='bbox 1039 988 1232 1051; x_wconf 75' lang='lat' dir='ltr'><strong><em>lithostratos,</em></strong></span> <span class='ocrx_word' id='word_1_137' title='bbox 1260 989 1388 1044; x_wconf 80' lang='lat' dir='ltr'><strong><em>Hebraico</em></strong></span> <span class='ocrx_word' id='word_1_138' title='bbox 1414 994 1506 1043; x_wconf 82' lang='lat' dir='ltr'><strong><em>autam</em></strong></span> <span class='ocrx_word' id='word_1_139' title='bbox 1533 988 1685 1046; x_wconf 81' lang='lat' dir='ltr'><strong><em>Gubbatlue.</em></strong></span> <span class='ocrx_word' id='word_1_140' title='bbox 1715 990 1783 1042; x_wconf 68' lang='lat' dir='ltr'><strong><em>Erret</em></strong></span> 
     </span>
     <span class='ocr_line' id='line_1_10' title="bbox 91 1078 1784 1153; baseline 0.002 -21"><span class='ocrx_word' id='word_1_141' title='bbox 91 1078 196 1132; x_wconf 80' lang='lat' dir='ltr'><strong><em>Pilatus</em></strong></span> <span class='ocrx_word' id='word_1_142' title='bbox 212 1081 243 1131; x_wconf 90' lang='lat' dir='ltr'><strong><em>in</em></strong></span> <span class='ocrx_word' id='word_1_143' title='bbox 260 1082 321 1149; x_wconf 89' lang='lat' dir='ltr'><strong><em>ipsa</em></strong></span> <span class='ocrx_word' id='word_1_144' title='bbox 335 1080 389 1142; x_wconf 87' lang='lat' dir='ltr'><strong><em>die,</em></strong></span> <span class='ocrx_word' id='word_1_145' title='bbox 407 1095 470 1135; x_wconf 91' lang='lat' dir='ltr'><strong><em>nam</em></strong></span> <span class='ocrx_word' id='word_1_146' title='bbox 483 1085 564 1136; x_wconf 89' lang='lat' dir='ltr'><strong><em>antea</em></strong></span> <span class='ocrx_word' id='word_1_147' title='bbox 576 1082 681 1135; x_wconf 88' lang='lat' dir='ltr'><strong><em>inimici</em></strong></span> <span class='ocrx_word' id='word_1_148' title='bbox 693 1086 773 1136; x_wconf 89' lang='lat' dir='ltr'><strong><em>erant</em></strong></span> <span class='ocrx_word' id='word_1_149' title='bbox 787 1082 824 1136; x_wconf 91' lang='lat' dir='ltr'><strong><em>ad</em></strong></span> <span class='ocrx_word' id='word_1_150' title='bbox 839 1083 911 1137; x_wconf 85' lang='lat' dir='ltr'><strong><em>inui—</em></strong></span> <span class='ocrx_word' id='word_1_151' title='bbox 963 1086 1053 1137; x_wconf 91' lang='lat' dir='ltr'><strong><em>autem</em></strong></span> <span class='ocrx_word' id='word_1_152' title='bbox 1070 1097 1215 1152; x_wconf 85' lang='lat' dir='ltr'><strong><em>parasceue</em></strong></span> <span class='ocrx_word' id='word_1_153' title='bbox 1233 1084 1341 1138; x_wconf 80' lang='lat' dir='ltr'><strong><em>Pascbae</em></strong></span> <span class='ocrx_word' id='word_1_154' title='bbox 1365 1084 1431 1137; x_wconf 78' lang='lat' dir='ltr'><strong><em>liora</em></strong></span> <span class='ocrx_word' id='word_1_155' title='bbox 1453 1084 1534 1153; x_wconf 78' lang='lat' dir='ltr'><strong><em>quasi</em></strong></span> <span class='ocrx_word' id='word_1_156' title='bbox 1551 1089 1639 1137; x_wconf 79' lang='lat' dir='ltr'><strong><em>saeta.</em></strong></span> <span class='ocrx_word' id='word_1_157' title='bbox 1662 1083 1697 1136; x_wconf 79' lang='lat' dir='ltr'><strong><em>lit</em></strong></span> <span class='ocrx_word' id='word_1_158' title='bbox 1716 1082 1784 1138; x_wconf 85' lang='lat' dir='ltr'><strong><em>dicit</em></strong></span> 
     </span>
     <span class='ocr_line' id='line_1_11' title="bbox 91 1175 1779 1234; baseline 0.004 -10"><span class='ocrx_word' id='word_1_159' title='bbox 91 1187 154 1225; x_wconf 83' lang='lat' dir='ltr'><strong><em>cem.</em></strong></span> <span class='ocrx_word' id='word_1_160' title='bbox 962 1177 1064 1234; x_wconf 73' lang='lat' dir='ltr'><strong><em>iudeis</em></strong></span> <span class='ocrx_word' id='word_1_161' title='bbox 1090 1193 1096 1229; x_wconf 91' lang='lat'>:</span> <span class='ocrx_word' id='word_1_162' title='bbox 1124 1178 1189 1231; x_wconf 85' lang='lat' dir='ltr'><strong><em>ltcce</em></strong></span> <span class='ocrx_word' id='word_1_163' title='bbox 1215 1191 1264 1231; x_wconf 84' lang='lat' dir='ltr'><strong><em>rec</em></strong></span> <span class='ocrx_word' id='word_1_164' title='bbox 1288 1184 1383 1231; x_wconf 86' lang='lat' dir='ltr'><strong><em>uester.</em></strong></span> <span class='ocrx_word' id='word_1_165' title='bbox 1411 1177 1456 1232; x_wconf 94' lang='lat' dir='ltr'><strong><em>llli</em></strong></span> <span class='ocrx_word' id='word_1_166' title='bbox 1479 1182 1568 1231; x_wconf 90' lang='lat' dir='ltr'><strong><em>autem</em></strong></span> <span class='ocrx_word' id='word_1_167' title='bbox 1592 1175 1747 1231; x_wconf 88' lang='lat' dir='ltr'><strong><em>clamabant</em></strong></span> <span class='ocrx_word' id='word_1_168' title='bbox 1773 1193 1779 1229; x_wconf 93' lang='lat'><strong>:</strong></span> 
     </span>
     <span class='ocr_line' id='line_1_12' title="bbox 123 1267 1782 1342; baseline 0.001 -20"><span class='ocrx_word' id='word_1_169' title='bbox 123 1267 244 1329; x_wconf 80' lang='lat' dir='ltr'><strong><em>Pitaten,</em></strong></span> <span class='ocrx_word' id='word_1_170' title='bbox 272 1272 426 1324; x_wconf 86' lang='lat' dir='ltr'><strong><em>conuocatis</em></strong></span> <span class='ocrx_word' id='word_1_171' title='bbox 450 1271 655 1339; x_wconf 77' lang='lat' dir='ltr'><strong><em>mapistrulibus</em></strong></span> <span class='ocrx_word' id='word_1_172' title='bbox 683 1276 708 1326; x_wconf 92' lang='lat' dir='ltr'><strong><em>ct</em></strong></span> <span class='ocrx_word' id='word_1_173' title='bbox 732 1271 814 1342; x_wconf 91' lang='lat' dir='ltr'><strong><em>plebe,</em></strong></span> <span class='ocrx_word' id='word_1_174' title='bbox 840 1272 912 1325; x_wconf 79' lang='lat' dir='ltr'><strong><em>dicit</em></strong></span> <span class='ocrx_word' id='word_1_175' title='bbox 965 1271 1046 1334; x_wconf 79' lang='lat' dir='ltr'><strong><em>Tolle,</em></strong></span> <span class='ocrx_word' id='word_1_176' title='bbox 1069 1272 1140 1331; x_wconf 83' lang='lat' dir='ltr'><strong><em>tolle.</em></strong></span> <span class='ocrx_word' id='word_1_177' title='bbox 1159 1273 1283 1341; x_wconf 73' lang='lat' dir='ltr'><strong><em>crucifipe</em></strong></span> <span class='ocrx_word' id='word_1_178' title='bbox 1300 1287 1369 1326; x_wconf 84' lang='lat' dir='ltr'><strong><em>ecem.</em></strong></span> <span class='ocrx_word' id='word_1_179' title='bbox 1392 1273 1461 1326; x_wconf 86' lang='lat' dir='ltr'><strong><em>Dicit</em></strong></span> <span class='ocrx_word' id='word_1_180' title='bbox 1480 1273 1517 1325; x_wconf 87' lang='lat' dir='ltr'><strong><em>eis</em></strong></span> <span class='ocrx_word' id='word_1_181' title='bbox 1536 1271 1643 1327; x_wconf 81' lang='lat' dir='ltr'><strong><em>Pilatus</em></strong></span> <span class='ocrx_word' id='word_1_182' title='bbox 1663 1273 1782 1340; x_wconf 78' lang='lat' dir='ltr'><strong><em>:llepem</em></strong></span> 
     </span>
     <span class='ocr_line' id='line_1_13' title="bbox 93 1360 1780 1436; baseline 0.004 -27"><span class='ocrx_word' id='word_1_183' title='bbox 93 1360 126 1414; x_wconf 83' lang='lat' dir='ltr'><strong><em>ml</em></strong></span> <span class='ocrx_word' id='word_1_184' title='bbox 143 1362 207 1416; x_wconf 80' lang='lat' dir='ltr'><strong><em>illos</em></strong></span> <span class='ocrx_word' id='word_1_185' title='bbox 230 1363 399 1419; x_wconf 77' lang='lat' dir='ltr'><strong><em>:obtulistis</em></strong></span> <span class='ocrx_word' id='word_1_186' title='bbox 417 1365 485 1418; x_wconf 83' lang='lat' dir='ltr'><strong><em>mibi</em></strong></span> <span class='ocrx_word' id='word_1_187' title='bbox 502 1365 572 1419; x_wconf 80' lang='lat' dir='ltr'><strong><em>berne</em></strong></span> <span class='ocrx_word' id='word_1_188' title='bbox 592 1365 723 1420; x_wconf 83' lang='lat' dir='ltr'><strong><em>bominem</em></strong></span> <span class='ocrx_word' id='word_1_189' title='bbox 742 1367 822 1435; x_wconf 79' lang='lat' dir='ltr'><strong><em>perosi</em></strong></span> <span class='ocrx_word' id='word_1_190' title='bbox 839 1381 911 1421; x_wconf 88' lang='lat' dir='ltr'><strong><em>euer·</em></strong></span> <span class='ocrx_word' id='word_1_191' title='bbox 962 1369 1080 1420; x_wconf 86' lang='lat' dir='ltr'><strong><em>uestrum</em></strong></span> <span class='ocrx_word' id='word_1_192' title='bbox 1103 1367 1282 1435; x_wconf 78' lang='lat' dir='ltr'><strong><em>crucittpamt</em></strong></span> <span class='ocrx_word' id='word_1_193' title='bbox 1303 1365 1506 1436; x_wconf 78' lang='lat' dir='ltr'><strong><em>Responderunt</em></strong></span> <span class='ocrx_word' id='word_1_194' title='bbox 1529 1366 1667 1435; x_wconf 71' lang='lat' dir='ltr'><strong><em>pontifices</em></strong></span> <span class='ocrx_word' id='word_1_195' title='bbox 1692 1386 1697 1417; x_wconf 75' lang='grc' dir='ltr'>ι</span> <span class='ocrx_word' id='word_1_196' title='bbox 1722 1367 1780 1420; x_wconf 86' lang='lat' dir='ltr'><strong><em>Noa</em></strong></span> 
     </span>
     <span class='ocr_line' id='line_1_14' title="bbox 93 1457 1783 1531; baseline 0.001 -23"><span class='ocrx_word' id='word_1_197' title='bbox 93 1460 188 1509; x_wconf 87' lang='lat' dir='ltr'><strong><em>tentem</em></strong></span> <span class='ocrx_word' id='word_1_198' title='bbox 200 1457 351 1527; x_wconf 78' lang='lat' dir='ltr'><strong><em>populum3</em></strong></span> <span class='ocrx_word' id='word_1_199' title='bbox 367 1462 393 1512; x_wconf 91' lang='lat' dir='ltr'><strong><em>et</em></strong></span> <span class='ocrx_word' id='word_1_200' title='bbox 406 1472 462 1513; x_wconf 89' lang='lat' dir='ltr'><strong><em>ecce</em></strong></span> <span class='ocrx_word' id='word_1_201' title='bbox 475 1473 522 1528; x_wconf 82' lang='lat' dir='ltr'><strong><em>epo</em></strong></span> <span class='ocrx_word' id='word_1_202' title='bbox 537 1474 627 1513; x_wconf 78' lang='lat' dir='ltr'><strong><em>coelem</em></strong></span> <span class='ocrx_word' id='word_1_203' title='bbox 646 1459 719 1514; x_wconf 87' lang='lat' dir='ltr'><strong><em>sotis</em></strong></span> <span class='ocrx_word' id='word_1_204' title='bbox 733 1462 912 1527; x_wconf 73' lang='lat' dir='ltr'><strong><em>interceptoris,</em></strong></span> <span class='ocrx_word' id='word_1_205' title='bbox 963 1461 1090 1515; x_wconf 78' lang='lat' dir='ltr'><strong><em>tabernas</em></strong></span> <span class='ocrx_word' id='word_1_206' title='bbox 1103 1475 1201 1531; x_wconf 83' lang='lat' dir='ltr'><strong><em>repom,</em></strong></span> <span class='ocrx_word' id='word_1_207' title='bbox 1218 1462 1273 1515; x_wconf 86' lang='lat' dir='ltr'><strong><em>nisi</em></strong></span> <span class='ocrx_word' id='word_1_208' title='bbox 1291 1463 1431 1518; x_wconf 72' lang='lat' dir='ltr'><strong><em>Gaesarem.</em></strong></span> <span class='ocrx_word' id='word_1_209' title='bbox 1451 1461 1524 1515; x_wconf 77' lang='lat' dir='ltr'><strong><em>Peene</em></strong></span> <span class='ocrx_word' id='word_1_210' title='bbox 1539 1474 1600 1528; x_wconf 81' lang='lat' dir='ltr'><strong><em>erpo</em></strong></span> <span class='ocrx_word' id='word_1_211' title='bbox 1614 1457 1731 1514; x_wconf 84' lang='lat' dir='ltr'><strong><em>tradidit</em></strong></span> <span class='ocrx_word' id='word_1_212' title='bbox 1746 1460 1783 1513; x_wconf 86' lang='lat' dir='ltr'><strong><em>eis</em></strong></span> 
     </span>
     <span class='ocr_line' id='line_1_15' title="bbox 93 1550 1596 1627; baseline 0.005 -26"><span class='ocrx_word' id='word_1_213' title='bbox 93 1550 196 1603; x_wconf 84' lang='lat' dir='ltr'><strong><em>nullam</em></strong></span> <span class='ocrx_word' id='word_1_214' title='bbox 211 1565 326 1605; x_wconf 66' lang='lat' dir='ltr'><strong><em>creusam</em></strong></span> <span class='ocrx_word' id='word_1_215' title='bbox 341 1553 435 1606; x_wconf 86' lang='lat' dir='ltr'><strong><em>inreni</em></strong></span> <span class='ocrx_word' id='word_1_216' title='bbox 451 1555 482 1607; x_wconf 91' lang='lat' dir='ltr'><strong><em>in</em></strong></span> <span class='ocrx_word' id='word_1_217' title='bbox 496 1553 602 1608; x_wconf 84' lang='lat' dir='ltr'><strong><em>bomine</em></strong></span> <span class='ocrx_word' id='word_1_218' title='bbox 618 1555 679 1616; x_wconf 88' lang='lat' dir='ltr'><strong><em>isto,</em></strong></span> <span class='ocrx_word' id='word_1_219' title='bbox 695 1570 729 1608; x_wconf 83' lang='lat' dir='ltr'><strong><em>ee</em></strong></span> <span class='ocrx_word' id='word_1_220' title='bbox 746 1554 787 1609; x_wconf 77' lang='lat' dir='ltr'><strong><em>liis</em></strong></span> <span class='ocrx_word' id='word_1_221' title='bbox 804 1555 832 1608; x_wconf 90' lang='lat' dir='ltr'><strong><em>in</em></strong></span> <span class='ocrx_word' id='word_1_222' title='bbox 848 1556 911 1624; x_wconf 81' lang='lat' dir='ltr'><strong><em>qai·</em></strong></span> <span class='ocrx_word' id='word_1_223' title='bbox 963 1554 1051 1616; x_wconf 89' lang='lat' dir='ltr'><strong><em>illum,</em></strong></span> <span class='ocrx_word' id='word_1_224' title='bbox 1066 1559 1096 1610; x_wconf 90' lang='lat' dir='ltr'><strong><em>ut</em></strong></span> <span class='ocrx_word' id='word_1_225' title='bbox 1109 1556 1311 1625; x_wconf 68' lang='lat' dir='ltr'><strong><em>crucifiperetur</em></strong></span> <span class='ocrx_word' id='word_1_226' title='bbox 1322 1553 1426 1627; x_wconf 78' lang='lat' dir='ltr'><strong><em>(toan,</em></strong></span> <span class='ocrx_word' id='word_1_227' title='bbox 1441 1569 1496 1622; x_wconf 82' lang='grc' dir='ltr'>ιιι,</span> <span class='ocrx_word' id='word_1_228' title='bbox 1512 1554 1596 1623; x_wconf 75' lang='grc'><strong>1-16).</strong></span> 
     </span>
     <span class='ocr_line' id='line_1_16' title="bbox 97 1643 1782 1719; baseline 0.003 -23"><span class='ocrx_word' id='word_1_229' title='bbox 97 1643 142 1697; x_wconf 86' lang='lat' dir='ltr'><strong><em>bns</em></strong></span> <span class='ocrx_word' id='word_1_230' title='bbox 158 1660 218 1698; x_wconf 81' lang='lat' dir='ltr'><strong><em>curn</em></strong></span> <span class='ocrx_word' id='word_1_231' title='bbox 239 1647 387 1701; x_wconf 87' lang='lat' dir='ltr'><strong><em>accusatis.</em></strong></span> <span class='ocrx_word' id='word_1_232' title='bbox 407 1647 460 1704; x_wconf 87' lang='lat' dir='ltr'><strong><em>Sed</em></strong></span> <span class='ocrx_word' id='word_1_233' title='bbox 478 1662 562 1717; x_wconf 81' lang='lat' dir='ltr'><strong><em>neque</em></strong></span> <span class='ocrx_word' id='word_1_234' title='bbox 584 1648 712 1704; x_wconf 82' lang='lat' dir='ltr'><strong><em>Herodes.</em></strong></span> <span class='ocrx_word' id='word_1_235' title='bbox 733 1650 803 1706; x_wconf 86' lang='lat' dir='ltr'><strong><em>Nam</em></strong></span> <span class='ocrx_word' id='word_1_236' title='bbox 822 1649 915 1703; x_wconf 66' lang='lat' dir='ltr'><strong><em>ramni</em></strong></span> <span class='ocrx_word' id='word_1_237' title='bbox 1000 1650 1063 1704; x_wconf 81' lang='lat' dir='ltr'><strong><em>llaec</em></strong></span> <span class='ocrx_word' id='word_1_238' title='bbox 1086 1648 1213 1703; x_wconf 85' lang='lat' dir='ltr'><strong><em>narrarit</em></strong></span> <span class='ocrx_word' id='word_1_239' title='bbox 1232 1650 1357 1704; x_wconf 87' lang='lat' dir='ltr'><strong><em>loannes</em></strong></span> <span class='ocrx_word' id='word_1_240' title='bbox 1381 1665 1432 1719; x_wconf 88' lang='lat' dir='ltr'><strong><em>per</em></strong></span> <span class='ocrx_word' id='word_1_241' title='bbox 1455 1647 1578 1703; x_wconf 81' lang='lat' dir='ltr'><strong><em>Pilatum</em></strong></span> <span class='ocrx_word' id='word_1_242' title='bbox 1604 1652 1691 1719; x_wconf 81' lang='lat' dir='ltr'><strong><em>gesta,</em></strong></span> <span class='ocrx_word' id='word_1_243' title='bbox 1717 1664 1782 1718; x_wconf 76' lang='lat' dir='ltr'><strong><em>quse</em></strong></span> 
     </span>
     <span class='ocr_line' id='line_1_17' title="bbox 95 1716 1782 1814; baseline 0.002 -23"><span class='ocrx_word' id='word_1_244' title='bbox 95 1754 137 1792; x_wconf 88' lang='lat' dir='ltr'><strong><em>cos</em></strong></span> <span class='ocrx_word' id='word_1_245' title='bbox 152 1738 190 1792; x_wconf 88' lang='lat' dir='ltr'><strong><em>mi</em></strong></span> <span class='ocrx_word' id='word_1_246' title='bbox 209 1739 302 1801; x_wconf 90' lang='lat' dir='ltr'><strong><em>illum,</em></strong></span> <span class='ocrx_word' id='word_1_247' title='bbox 322 1747 347 1794; x_wconf 92' lang='lat' dir='ltr'><strong><em>el</em></strong></span> <span class='ocrx_word' id='word_1_248' title='bbox 367 1756 424 1796; x_wconf 89' lang='lat' dir='ltr'><strong><em>ecee</em></strong></span> <span class='ocrx_word' id='word_1_249' title='bbox 443 1740 513 1795; x_wconf 83' lang='lat' dir='ltr'><strong><em>nibil</em></strong></span> <span class='ocrx_word' id='word_1_250' title='bbox 532 1741 647 1810; x_wconf 83' lang='lat' dir='ltr'><strong><em>dipnum</em></strong></span> <span class='ocrx_word' id='word_1_251' title='bbox 667 1745 750 1797; x_wconf 89' lang='lat' dir='ltr'><strong><em>morte</em></strong></span> <span class='ocrx_word' id='word_1_252' title='bbox 768 1748 857 1797; x_wconf 91' lang='lat' dir='ltr'><strong><em>actum</em></strong></span> <span class='ocrx_word' id='word_1_253' title='bbox 875 1748 913 1797; x_wconf 87' lang='lat' dir='ltr'><strong><em>eet</em></strong></span> <span class='ocrx_word' id='word_1_254' title='bbox 924 1716 951 1789; x_wconf 79' lang='grc' dir='ltr'>Β</span> <span class='ocrx_word' id='word_1_255' title='bbox 964 1743 1111 1797; x_wconf 82' lang='lat' dir='ltr'><strong><em>Matthaeus</em></strong></span> <span class='ocrx_word' id='word_1_256' title='bbox 1126 1748 1155 1797; x_wconf 89' lang='lat' dir='ltr'><strong><em>el</em></strong></span> <span class='ocrx_word' id='word_1_257' title='bbox 1167 1742 1274 1797; x_wconf 79' lang='lat' dir='ltr'><strong><em>Marcus</em></strong></span> <span class='ocrx_word' id='word_1_258' title='bbox 1293 1742 1358 1814; x_wconf 81' lang='lat' dir='ltr'><strong><em>quia</em></strong></span> <span class='ocrx_word' id='word_1_259' title='bbox 1376 1741 1571 1814; x_wconf 65' lang='lat' dir='ltr'><strong><em>praeterierant</em></strong></span> <span class='ocrx_word' id='word_1_260' title='bbox 1586 1742 1782 1797; x_wconf 86' lang='lat' dir='ltr'><strong><em>recaluerunt.</em></strong></span> 
     </span>
     <span class='ocr_line' id='line_1_18' title="bbox 93 1832 1782 1906; baseline 0.003 -22"><span class='ocrx_word' id='word_1_261' title='bbox 93 1832 338 1889; x_wconf 66' lang='lat' dir='ltr'><strong><em>mimendensem</em></strong></span> <span class='ocrx_word' id='word_1_262' title='bbox 351 1835 502 1903; x_wconf 82' lang='lat' dir='ltr'><strong><em>erpoillum</em></strong></span> <span class='ocrx_word' id='word_1_263' title='bbox 514 1835 841 1905; x_wconf 77' lang='lat' dir='ltr'><strong><em>dimittamtluc.,rreu,</em></strong></span> <span class='ocrx_word' id='word_1_264' title='bbox 858 1836 911 1903; x_wconf 76' lang='lat' dir='ltr'><strong><em>lb).</em></strong></span> <span class='ocrx_word' id='word_1_265' title='bbox 963 1836 1006 1892; x_wconf 91' lang='lat' dir='ltr'><strong><em>Sic</em></strong></span> <span class='ocrx_word' id='word_1_266' title='bbox 1034 1835 1112 1891; x_wconf 84' lang='lat' dir='ltr'><strong><em>enim</em></strong></span> <span class='ocrx_word' id='word_1_267' title='bbox 1137 1836 1284 1891; x_wconf 76' lang='lat' dir='ltr'><strong><em>Matthaeus</em></strong></span> <span class='ocrx_word' id='word_1_268' title='bbox 1310 1835 1378 1891; x_wconf 88' lang='lat' dir='ltr'><strong><em>dicit</em></strong></span> <span class='ocrx_word' id='word_1_269' title='bbox 1402 1854 1408 1890; x_wconf 73' lang='grc' dir='ltr'><strong><em>ε</em></strong></span> <span class='ocrx_word' id='word_1_270' title='bbox 1436 1838 1509 1891; x_wconf 81' lang='lat' dir='ltr'><strong><em>Tunc</em></strong></span> <span class='ocrx_word' id='word_1_271' title='bbox 1534 1836 1633 1890; x_wconf 82' lang='lat' dir='ltr'><strong><em>milites</em></strong></span> <span class='ocrx_word' id='word_1_272' title='bbox 1657 1835 1782 1906; x_wconf 78' lang='lat' dir='ltr'><strong><em>praesidis</em></strong></span> 
     </span>
     <span class='ocr_line' id='line_1_19' title="bbox 93 1925 1785 2000; baseline 0.001 -19"><span class='ocrx_word' id='word_1_273' title='bbox 93 1925 204 1982; x_wconf 80' lang='lat' dir='ltr'><strong><em>Sciebat</em></strong></span> <span class='ocrx_word' id='word_1_274' title='bbox 220 1928 300 1982; x_wconf 90' lang='lat' dir='ltr'><strong><em>enim</em></strong></span> <span class='ocrx_word' id='word_1_275' title='bbox 315 1927 394 1999; x_wconf 87' lang='lat' dir='ltr'><strong><em>quod</em></strong></span> <span class='ocrx_word' id='word_1_276' title='bbox 412 1945 463 2000; x_wconf 88' lang='lat' dir='ltr'><strong><em>per</em></strong></span> <span class='ocrx_word' id='word_1_277' title='bbox 481 1928 617 1984; x_wconf 81' lang='lat' dir='ltr'><strong><em>insidiam</em></strong></span> <span class='ocrx_word' id='word_1_278' title='bbox 636 1928 823 1985; x_wconf 84' lang='lat' dir='ltr'><strong><em>tradidissent</em></strong></span> <span class='ocrx_word' id='word_1_279' title='bbox 836 1946 912 1985; x_wconf 90' lang='lat' dir='ltr'><strong><em>eum.</em></strong></span> <span class='ocrx_word' id='word_1_280' title='bbox 963 1931 1137 2000; x_wconf 84' lang='lat' dir='ltr'><strong><em>suscipientes</em></strong></span> <span class='ocrx_word' id='word_1_281' title='bbox 1161 1939 1251 1989; x_wconf 82' lang='lat' dir='ltr'><strong><em>tesam</em></strong></span> <span class='ocrx_word' id='word_1_282' title='bbox 1277 1932 1304 1984; x_wconf 86' lang='lat' dir='ltr'><strong><em>in</em></strong></span> <span class='ocrx_word' id='word_1_283' title='bbox 1327 1932 1465 1999; x_wconf 79' lang='lat' dir='ltr'><strong><em>pretorio,</em></strong></span> <span class='ocrx_word' id='word_1_284' title='bbox 1491 1936 1720 1999; x_wconf 77' lang='lat' dir='ltr'><strong><em>conpreuauerunt</em></strong></span> <span class='ocrx_word' id='word_1_285' title='bbox 1747 1926 1785 1982; x_wconf 85' lang='lat' dir='ltr'><strong><em>ael</em></strong></span> 
     </span>
     <span class='ocr_line' id='line_1_20' title="bbox 93 2021 1778 2100; baseline 0.002 -26"><span class='ocrx_word' id='word_1_286' title='bbox 93 2021 121 2074; x_wconf 89' lang='lat' dir='ltr'><strong><em>ln</em></strong></span> <span class='ocrx_word' id='word_1_287' title='bbox 142 2021 191 2076; x_wconf 84' lang='lat' dir='ltr'><strong><em>die</em></strong></span> <span class='ocrx_word' id='word_1_288' title='bbox 217 2022 291 2076; x_wconf 83' lang='lat' dir='ltr'><strong><em>lesio</em></strong></span> <span class='ocrx_word' id='word_1_289' title='bbox 313 2029 498 2078; x_wconf 79' lang='lat' dir='ltr'><strong><em>consueverat</em></strong></span> <span class='ocrx_word' id='word_1_290' title='bbox 522 2039 627 2100; x_wconf 78' lang='lat' dir='ltr'><strong><em>praeses</em></strong></span> <span class='ocrx_word' id='word_1_291' title='bbox 654 2040 742 2078; x_wconf 83' lang='lat' dir='ltr'><strong><em>cenum</em></strong></span> <span class='ocrx_word' id='word_1_292' title='bbox 768 2023 913 2079; x_wconf 86' lang='lat' dir='ltr'><strong><em>dimittere</em></strong></span> <span class='ocrx_word' id='word_1_293' title='bbox 963 2040 1023 2080; x_wconf 78' lang='lat' dir='ltr'><strong><em>euin</em></strong></span> <span class='ocrx_word' id='word_1_294' title='bbox 1047 2025 1201 2080; x_wconf 88' lang='lat' dir='ltr'><strong><em>uniuersam</em></strong></span> <span class='ocrx_word' id='word_1_295' title='bbox 1223 2024 1373 2093; x_wconf 84' lang='lat' dir='ltr'><strong><em>cobortem3</em></strong></span> <span class='ocrx_word' id='word_1_296' title='bbox 1397 2029 1421 2079; x_wconf 88' lang='lat' dir='ltr'><strong><em>el</em></strong></span> <span class='ocrx_word' id='word_1_297' title='bbox 1441 2029 1566 2079; x_wconf 76' lang='lat' dir='ltr'><strong><em>exuentes</em></strong></span> <span class='ocrx_word' id='word_1_298' title='bbox 1586 2039 1645 2079; x_wconf 85' lang='lat' dir='ltr'><strong><em>erem</em></strong></span> <span class='ocrx_word' id='word_1_299' title='bbox 1668 2023 1778 2078; x_wconf 81' lang='lat' dir='ltr'><strong><em>cilumi·</em></strong></span> 
     </span>
     <span class='ocr_line' id='line_1_21' title="bbox 91 2115 1784 2188; baseline 0.004 -23"><span class='ocrx_word' id='word_1_300' title='bbox 91 2115 218 2170; x_wconf 78' lang='lat' dir='ltr'><strong><em>cinctum</em></strong></span> <span class='ocrx_word' id='word_1_301' title='bbox 238 2117 358 2187; x_wconf 91' lang='lat' dir='ltr'><strong><em>populo,</em></strong></span> <span class='ocrx_word' id='word_1_302' title='bbox 380 2133 466 2188; x_wconf 89' lang='lat' dir='ltr'><strong><em>quam</em></strong></span> <span class='ocrx_word' id='word_1_303' title='bbox 488 2116 652 2172; x_wconf 75' lang='lat' dir='ltr'><strong><em>voluissent.</em></strong></span> <span class='ocrx_word' id='word_1_304' title='bbox 673 2117 848 2188; x_wconf 80' lang='lat' dir='ltr'><strong><em>Goreprepatis</em></strong></span> <span class='ocrx_word' id='word_1_305' title='bbox 868 2135 914 2173; x_wconf 83' lang='lat' dir='ltr'><strong><em>au·</em></strong></span> <span class='ocrx_word' id='word_1_306' title='bbox 964 2118 1024 2174; x_wconf 89' lang='lat' dir='ltr'><strong><em>dem</em></strong></span> <span class='ocrx_word' id='word_1_307' title='bbox 1044 2120 1191 2174; x_wconf 86' lang='lat' dir='ltr'><strong><em>coccineam</em></strong></span> <span class='ocrx_word' id='word_1_308' title='bbox 1213 2118 1448 2173; x_wconf 86' lang='lat' dir='ltr'><strong><em>circumdederant</em></strong></span> <span class='ocrx_word' id='word_1_309' title='bbox 1468 2120 1501 2173; x_wconf 88' lang='lat' dir='ltr'><strong><em>ei.</em></strong></span> <span class='ocrx_word' id='word_1_310' title='bbox 1522 2121 1555 2174; x_wconf 81' lang='lat' dir='ltr'><strong><em>Et</em></strong></span> <span class='ocrx_word' id='word_1_311' title='bbox 1572 2117 1719 2188; x_wconf 80' lang='lat' dir='ltr'><strong><em>plectentes</em></strong></span> <span class='ocrx_word' id='word_1_312' title='bbox 1739 2135 1784 2171; x_wconf 90' lang='lat' dir='ltr'><strong><em>co·</em></strong></span> 
     </span>
     <span class='ocr_line' id='line_1_22' title="bbox 92 2209 1783 2282; baseline 0.001 -21"><span class='ocrx_word' id='word_1_313' title='bbox 92 2214 148 2262; x_wconf 87' lang='lat' dir='ltr'><strong><em>tam</em></strong></span> <span class='ocrx_word' id='word_1_314' title='bbox 170 2209 241 2272; x_wconf 84' lang='lat' dir='ltr'><strong><em>iltis,</em></strong></span> <span class='ocrx_word' id='word_1_315' title='bbox 263 2210 337 2265; x_wconf 78' lang='lat' dir='ltr'><strong><em>de&#39;eit</em></strong></span> <span class='ocrx_word' id='word_1_316' title='bbox 359 2229 368 2264; x_wconf 75' lang='grc' dir='ltr'><em>τ</em></span> <span class='ocrx_word' id='word_1_317' title='bbox 389 2211 470 2278; x_wconf 82' lang='lat' dir='ltr'><strong><em>Quem</em></strong></span> <span class='ocrx_word' id='word_1_318' title='bbox 490 2211 575 2267; x_wconf 83' lang='lat' dir='ltr'><strong><em>uultis</em></strong></span> <span class='ocrx_word' id='word_1_319' title='bbox 595 2211 732 2267; x_wconf 86' lang='lat' dir='ltr'><strong><em>dimittam</em></strong></span> <span class='ocrx_word' id='word_1_320' title='bbox 753 2213 837 2272; x_wconf 87' lang='lat' dir='ltr'><strong><em>cobis,</em></strong></span> <span class='ocrx_word' id='word_1_321' title='bbox 860 2215 913 2268; x_wconf 83' lang='lat' dir='ltr'><strong><em>lto·</em></strong></span> <span class='ocrx_word' id='word_1_322' title='bbox 963 2226 1060 2267; x_wconf 91' lang='lat' dir='ltr'><strong><em>ronam</em></strong></span> <span class='ocrx_word' id='word_1_323' title='bbox 1088 2212 1120 2266; x_wconf 90' lang='lat' dir='ltr'><strong><em>de</em></strong></span> <span class='ocrx_word' id='word_1_324' title='bbox 1148 2213 1235 2281; x_wconf 85' lang='lat' dir='ltr'><strong><em>spinis</em></strong></span> <span class='ocrx_word' id='word_1_325' title='bbox 1263 2217 1412 2282; x_wconf 89' lang='lat' dir='ltr'><strong><em>posuerunt</em></strong></span> <span class='ocrx_word' id='word_1_326' title='bbox 1435 2227 1517 2281; x_wconf 90' lang='lat' dir='ltr'><strong><em>super</em></strong></span> <span class='ocrx_word' id='word_1_327' title='bbox 1544 2217 1625 2282; x_wconf 87' lang='lat' dir='ltr'><strong><em>capnt</em></strong></span> <span class='ocrx_word' id='word_1_328' title='bbox 1655 2211 1733 2280; x_wconf 81' lang='lat' dir='ltr'><strong><em>ejece,</em></strong></span> <span class='ocrx_word' id='word_1_329' title='bbox 1758 2216 1783 2263; x_wconf 90' lang='lat' dir='ltr'><strong><em>et</em></strong></span> 
     </span>
    </p>
   </div>
   <div class='ocr_carea' id='block_1_5' title="bbox 91 2302 1826 2377">
    <p class='ocr_par' dir='ltr' id='par_1_8' title="bbox 91 2302 1826 2377">
     <span class='ocr_line' id='line_1_23' title="bbox 91 2302 1826 2377; baseline 0.002 -22"><span class='ocrx_word' id='word_1_330' title='bbox 91 2303 214 2366; x_wconf 78' lang='lat' dir='ltr'><strong><em>sabbam,</em></strong></span> <span class='ocrx_word' id='word_1_331' title='bbox 239 2319 277 2356; x_wconf 89' lang='lat' dir='ltr'><strong><em>an</em></strong></span> <span class='ocrx_word' id='word_1_332' title='bbox 300 2305 391 2359; x_wconf 79' lang='lat' dir='ltr'><strong><em>lesum</em></strong></span> <span class='ocrx_word' id='word_1_333' title='bbox 416 2306 463 2374; x_wconf 81' lang='lat' dir='ltr'><strong><em>qui</em></strong></span> <span class='ocrx_word' id='word_1_334' title='bbox 486 2304 589 2359; x_wconf 88' lang='lat' dir='ltr'><strong><em>dicitnr</em></strong></span> <span class='ocrx_word' id='word_1_335' title='bbox 613 2304 754 2360; x_wconf 66' lang='lat' dir='ltr'><strong><em>Obrutus?</em></strong></span> <span class='ocrx_word' id='word_1_336' title='bbox 777 2307 916 2377; x_wconf 86' lang='lat' dir='ltr'><strong><em>Principes</em></strong></span> <span class='ocrx_word' id='word_1_337' title='bbox 966 2305 1130 2361; x_wconf 76' lang='lat' dir='ltr'><strong><em>&lt;arundinem</em></strong></span> <span class='ocrx_word' id='word_1_338' title='bbox 1145 2308 1174 2360; x_wconf 91' lang='lat' dir='ltr'><strong><em>ia</em></strong></span> <span class='ocrx_word' id='word_1_339' title='bbox 1191 2305 1302 2360; x_wconf 78' lang='lat' dir='ltr'><strong><em>uectae</em></strong></span> <span class='ocrx_word' id='word_1_340' title='bbox 1322 2306 1389 2375; x_wconf 81' lang='lat' dir='ltr'><strong><em>ejus.</em></strong></span> <span class='ocrx_word' id='word_1_341' title='bbox 1405 2307 1441 2360; x_wconf 80' lang='lat' dir='ltr'><strong><em>lit</em></strong></span> <span class='ocrx_word' id='word_1_342' title='bbox 1457 2321 1527 2375; x_wconf 81' lang='lat' dir='ltr'><strong><em>penu</em></strong></span> <span class='ocrx_word' id='word_1_343' title='bbox 1545 2308 1614 2374; x_wconf 70' lang='lat' dir='ltr'><strong><em>deno</em></strong></span> <span class='ocrx_word' id='word_1_344' title='bbox 1633 2311 1697 2360; x_wconf 91' lang='lat' dir='ltr'><strong><em>ante</em></strong></span> <span class='ocrx_word' id='word_1_345' title='bbox 1713 2320 1784 2366; x_wconf 87' lang='lat' dir='ltr'><strong><em>eum,</em></strong></span> <span class='ocrx_word' id='word_1_346' title='bbox 1821 2302 1826 2310; x_wconf 87' lang='lat'>&#39;</span> 
     </span>
    </p>
   </div>
   <div class='ocr_carea' id='block_1_6' title="bbox 89 2397 1798 3034">
    <p class='ocr_par' dir='ltr' id='par_1_9' title="bbox 89 2397 1798 3034">
     <span class='ocr_line' id='line_1_24' title="bbox 94 2397 1783 2471; baseline 0.004 -23"><span class='ocrx_word' id='word_1_347' title='bbox 94 2402 181 2451; x_wconf 79' lang='lat' dir='ltr'><strong><em>cettan</em></strong></span> <span class='ocrx_word' id='word_1_348' title='bbox 198 2397 368 2452; x_wconf 69' lang='lat' dir='ltr'><strong><em>accensorum</em></strong></span> <span class='ocrx_word' id='word_1_349' title='bbox 382 2401 408 2452; x_wconf 92' lang='lat' dir='ltr'><strong><em>et</em></strong></span> <span class='ocrx_word' id='word_1_350' title='bbox 425 2400 540 2453; x_wconf 88' lang='lat' dir='ltr'><strong><em>seniores</em></strong></span> <span class='ocrx_word' id='word_1_351' title='bbox 555 2403 748 2469; x_wconf 87' lang='lat' dir='ltr'><strong><em>persuaserunt</em></strong></span> <span class='ocrx_word' id='word_1_352' title='bbox 759 2400 868 2471; x_wconf 89' lang='lat' dir='ltr'><strong><em>populis</em></strong></span> <span class='ocrx_word' id='word_1_353' title='bbox 886 2406 916 2455; x_wconf 90' lang='lat' dir='ltr'><strong><em>ut</em></strong></span> <span class='ocrx_word' id='word_1_354' title='bbox 964 2399 1119 2454; x_wconf 76' lang='lat' dir='ltr'><strong><em>illudebant</em></strong></span> <span class='ocrx_word' id='word_1_355' title='bbox 1133 2399 1267 2454; x_wconf 71' lang='lat' dir='ltr'><strong><em>diceutes:</em></strong></span> <span class='ocrx_word' id='word_1_356' title='bbox 1283 2401 1349 2467; x_wconf 81' lang='lat' dir='ltr'><strong><em>Aac,</em></strong></span> <span class='ocrx_word' id='word_1_357' title='bbox 1362 2414 1411 2454; x_wconf 79' lang='lat' dir='ltr'><strong><em>ren</em></strong></span> <span class='ocrx_word' id='word_1_358' title='bbox 1425 2398 1588 2455; x_wconf 74' lang='lat' dir='ltr'><strong><em>ludecanum.</em></strong></span> <span class='ocrx_word' id='word_1_359' title='bbox 1600 2400 1634 2453; x_wconf 76' lang='lat' dir='ltr'><strong><em>Et</em></strong></span> <span class='ocrx_word' id='word_1_360' title='bbox 1649 2413 1783 2468; x_wconf 76' lang='lat' dir='ltr'><strong><em>auspicen-</em></strong></span> 
     </span>
     <span class='ocr_line' id='line_1_25' title="bbox 89 2491 1785 2564; baseline 0 -19"><span class='ocrx_word' id='word_1_361' title='bbox 89 2498 214 2562; x_wconf 72' lang='lat' dir='ltr'><strong><em>peterrnt</em></strong></span> <span class='ocrx_word' id='word_1_362' title='bbox 232 2491 398 2554; x_wconf 73' lang='lat' dir='ltr'><strong><em>barabbam,</em></strong></span> <span class='ocrx_word' id='word_1_363' title='bbox 418 2495 508 2547; x_wconf 89' lang='lat' dir='ltr'><strong><em>lesum</em></strong></span> <span class='ocrx_word' id='word_1_364' title='bbox 528 2508 589 2548; x_wconf 84' lang='lat' dir='ltr'><strong><em>vero</em></strong></span> <span class='ocrx_word' id='word_1_365' title='bbox 607 2494 761 2563; x_wconf 87' lang='lat' dir='ltr'><strong><em>perderent.</em></strong></span> <span class='ocrx_word' id='word_1_366' title='bbox 781 2494 848 2548; x_wconf 80' lang='lat' dir='ltr'><strong><em>Erat</em></strong></span> <span class='ocrx_word' id='word_1_367' title='bbox 868 2510 915 2548; x_wconf 82' lang='lat' dir='ltr'><strong><em>aer·</em></strong></span> <span class='ocrx_word' id='word_1_368' title='bbox 965 2499 1004 2548; x_wconf 89' lang='lat' dir='ltr'><strong><em>les</em></strong></span> <span class='ocrx_word' id='word_1_369' title='bbox 1026 2495 1055 2547; x_wconf 90' lang='lat' dir='ltr'><strong><em>in</em></strong></span> <span class='ocrx_word' id='word_1_370' title='bbox 1077 2509 1145 2555; x_wconf 86' lang='lat' dir='ltr'><strong><em>eum,</em></strong></span> <span class='ocrx_word' id='word_1_371' title='bbox 1170 2498 1329 2564; x_wconf 85' lang='lat' dir='ltr'><strong><em>acceperunt</em></strong></span> <span class='ocrx_word' id='word_1_372' title='bbox 1357 2494 1531 2555; x_wconf 86' lang='lat' dir='ltr'><strong><em>arundinem,</em></strong></span> <span class='ocrx_word' id='word_1_373' title='bbox 1551 2498 1576 2545; x_wconf 90' lang='lat' dir='ltr'><strong><em>el</em></strong></span> <span class='ocrx_word' id='word_1_374' title='bbox 1596 2492 1785 2563; x_wconf 85' lang='lat' dir='ltr'><strong><em>percutiebant</em></strong></span> 
     </span>
     <span class='ocr_line' id='line_1_26' title="bbox 90 2584 1785 2658; baseline 0.001 -18"><span class='ocrx_word' id='word_1_375' title='bbox 90 2590 149 2640; x_wconf 66' lang='lat' dir='ltr'><strong><em>um</em></strong></span> <span class='ocrx_word' id='word_1_376' title='bbox 159 2584 307 2640; x_wconf 78' lang='lat' dir='ltr'><strong><em>Bar-abbas</em></strong></span> <span class='ocrx_word' id='word_1_377' title='bbox 317 2585 389 2641; x_wconf 78' lang='lat' dir='ltr'><strong><em>latro</em></strong></span> <span class='ocrx_word' id='word_1_378' title='bbox 403 2584 535 2657; x_wconf 76' lang='lat' dir='ltr'><strong><em>insignis,</em></strong></span> <span class='ocrx_word' id='word_1_379' title='bbox 547 2586 596 2658; x_wconf 86' lang='lat' dir='ltr'><strong><em>qui</em></strong></span> <span class='ocrx_word' id='word_1_380' title='bbox 609 2587 729 2658; x_wconf 86' lang='lat' dir='ltr'><strong><em>propter</em></strong></span> <span class='ocrx_word' id='word_1_381' title='bbox 741 2585 914 2642; x_wconf 84' lang='lat' dir='ltr'><strong><em>seditionem</em></strong></span> <span class='ocrx_word' id='word_1_382' title='bbox 965 2592 1048 2658; x_wconf 88' lang='lat' dir='ltr'><strong><em>caput</em></strong></span> <span class='ocrx_word' id='word_1_383' title='bbox 1058 2587 1125 2656; x_wconf 73' lang='lat' dir='ltr'><strong><em>eires.</em></strong></span> <span class='ocrx_word' id='word_1_384' title='bbox 1140 2587 1174 2641; x_wconf 87' lang='lat' dir='ltr'><strong><em>Et</em></strong></span> <span class='ocrx_word' id='word_1_385' title='bbox 1190 2592 1334 2657; x_wconf 79' lang='lat' dir='ltr'><strong><em>postquam</em></strong></span> <span class='ocrx_word' id='word_1_386' title='bbox 1348 2587 1494 2641; x_wconf 87' lang='lat' dir='ltr'><strong><em>illuserunt</em></strong></span> <span class='ocrx_word' id='word_1_387' title='bbox 1517 2587 1551 2647; x_wconf 92' lang='lat' dir='ltr'><strong><em>ei,</em></strong></span> <span class='ocrx_word' id='word_1_388' title='bbox 1573 2592 1705 2641; x_wconf 76' lang='lat' dir='ltr'><strong><em>enueretnt</em></strong></span> <span class='ocrx_word' id='word_1_389' title='bbox 1725 2601 1785 2641; x_wconf 90' lang='lat' dir='ltr'><strong><em>eum</em></strong></span> 
     </span>
     <span class='ocr_line' id='line_1_27' title="bbox 90 2678 1798 2750; baseline 0 -17"><span class='ocrx_word' id='word_1_390' title='bbox 90 2679 198 2734; x_wconf 70' lang='lat' dir='ltr'><strong><em>metam</em></strong></span> <span class='ocrx_word' id='word_1_391' title='bbox 221 2678 251 2734; x_wconf 90' lang='lat' dir='ltr'><strong><em>iu</em></strong></span> <span class='ocrx_word' id='word_1_392' title='bbox 272 2678 385 2734; x_wconf 83' lang='lat' dir='ltr'><strong><em>civitate</em></strong></span> <span class='ocrx_word' id='word_1_393' title='bbox 407 2682 435 2734; x_wconf 85' lang='lat' dir='ltr'><strong><em>et</em></strong></span> <span class='ocrx_word' id='word_1_394' title='bbox 457 2679 656 2745; x_wconf 79' lang='lat' dir='ltr'><strong><em>homicidium,</em></strong></span> <span class='ocrx_word' id='word_1_395' title='bbox 677 2680 779 2736; x_wconf 86' lang='lat' dir='ltr'><strong><em>missus</em></strong></span> <span class='ocrx_word' id='word_1_396' title='bbox 800 2685 863 2735; x_wconf 88' lang='lat' dir='ltr'><strong><em>arat</em></strong></span> <span class='ocrx_word' id='word_1_397' title='bbox 885 2681 915 2735; x_wconf 89' lang='lat' dir='ltr'><strong><em>in</em></strong></span> <span class='ocrx_word' id='word_1_398' title='bbox 965 2680 1116 2750; x_wconf 83' lang='lat' dir='ltr'><strong><em>ebleempde,</em></strong></span> <span class='ocrx_word' id='word_1_399' title='bbox 1132 2682 1173 2735; x_wconf 87' lang='lat' dir='ltr'><strong><em>rel</em></strong></span> <span class='ocrx_word' id='word_1_400' title='bbox 1189 2696 1314 2750; x_wconf 76' lang='lat' dir='ltr'><strong><em>purpura</em></strong></span> <span class='ocrx_word' id='word_1_401' title='bbox 1332 2679 1488 2735; x_wconf 87' lang='lat' dir='ltr'><strong><em>secundum</em></strong></span> <span class='ocrx_word' id='word_1_402' title='bbox 1506 2680 1631 2736; x_wconf 81' lang='lat' dir='ltr'><strong><em>Marcum</em></strong></span> <span class='ocrx_word' id='word_1_403' title='bbox 1647 2681 1718 2750; x_wconf 84' lang='lat' dir='ltr'><strong><em>(cap.</em></strong></span> <span class='ocrx_word' id='word_1_404' title='bbox 1739 2696 1798 2743; x_wconf 78' lang='lat' dir='ltr'><strong><em>xv,</em></strong></span> 
     </span>
     <span class='ocr_line' id='line_1_28' title="bbox 90 2774 1787 2844; baseline 0 -18"><span class='ocrx_word' id='word_1_405' title='bbox 90 2788 251 2828; x_wconf 81' lang='lat' dir='ltr'><strong><em>carcerem.</em></strong></span> <span class='ocrx_word' id='word_1_406' title='bbox 269 2775 369 2829; x_wconf 80' lang='lat' dir='ltr'><strong><em>Prases</em></strong></span> <span class='ocrx_word' id='word_1_407' title='bbox 387 2775 428 2829; x_wconf 87' lang='lat' dir='ltr'><strong><em>ait</em></strong></span> <span class='ocrx_word' id='word_1_408' title='bbox 445 2796 450 2826; x_wconf 93' lang='lat'>:</span> <span class='ocrx_word' id='word_1_409' title='bbox 468 2774 551 2842; x_wconf 81' lang='lat' dir='ltr'><strong><em>Quem</em></strong></span> <span class='ocrx_word' id='word_1_410' title='bbox 570 2775 653 2830; x_wconf 86' lang='lat' dir='ltr'><strong><em>uultis</em></strong></span> <span class='ocrx_word' id='word_1_411' title='bbox 670 2775 745 2830; x_wconf 88' lang='lat' dir='ltr'><strong><em>uobis</em></strong></span> <span class='ocrx_word' id='word_1_412' title='bbox 764 2775 797 2829; x_wconf 90' lang='lat' dir='ltr'><strong><em>de</em></strong></span> <span class='ocrx_word' id='word_1_413' title='bbox 811 2776 916 2831; x_wconf 86' lang='lat' dir='ltr'><strong><em>duobus</em></strong></span> <span class='ocrx_word' id='word_1_414' title='bbox 968 2776 1020 2844; x_wconf 81' lang='lat' dir='ltr'><strong><em>l7);</em></strong></span> <span class='ocrx_word' id='word_1_415' title='bbox 1046 2775 1195 2830; x_wconf 88' lang='lat' dir='ltr'><strong><em>induerunt</em></strong></span> <span class='ocrx_word' id='word_1_416' title='bbox 1223 2788 1282 2828; x_wconf 92' lang='lat' dir='ltr'><strong><em>eum</em></strong></span> <span class='ocrx_word' id='word_1_417' title='bbox 1308 2775 1469 2829; x_wconf 85' lang='lat' dir='ltr'><strong><em>uestimentis</em></strong></span> <span class='ocrx_word' id='word_1_418' title='bbox 1500 2776 1565 2837; x_wconf 81' lang='lat' dir='ltr'><strong><em>suis,</em></strong></span> <span class='ocrx_word' id='word_1_419' title='bbox 1591 2779 1617 2828; x_wconf 88' lang='lat' dir='ltr'><strong><em>et</em></strong></span> <span class='ocrx_word' id='word_1_420' title='bbox 1651 2774 1787 2829; x_wconf 77' lang='lat' dir='ltr'><strong><em>duamani</em></strong></span> 
     </span>
     <span class='ocr_line' id='line_1_29' title="bbox 91 2867 1787 2937; baseline -0.001 -15"><span class='ocrx_word' id='word_1_421' title='bbox 91 2868 218 2922; x_wconf 85' lang='lat' dir='ltr'><strong><em>dimitti?</em></strong></span> <span class='ocrx_word' id='word_1_422' title='bbox 229 2869 267 2924; x_wconf 78' lang='lat' dir='ltr'><strong><em>At</em></strong></span> <span class='ocrx_word' id='word_1_423' title='bbox 283 2867 328 2922; x_wconf 90' lang='lat' dir='ltr'><strong><em>illi</em></strong></span> <span class='ocrx_word' id='word_1_424' title='bbox 345 2867 495 2923; x_wconf 67' lang='lat' dir='ltr'><strong><em>diamant:</em></strong></span> <span class='ocrx_word' id='word_1_425' title='bbox 511 2868 672 2924; x_wconf 89' lang='lat' dir='ltr'><strong><em>Barabbam.</em></strong></span> <span class='ocrx_word' id='word_1_426' title='bbox 691 2870 758 2924; x_wconf 78' lang='lat' dir='ltr'><strong><em>llicit</em></strong></span> <span class='ocrx_word' id='word_1_427' title='bbox 771 2868 829 2923; x_wconf 86' lang='lat' dir='ltr'><strong><em>illis</em></strong></span> <span class='ocrx_word' id='word_1_428' title='bbox 842 2870 916 2925; x_wconf 88' lang='lat' dir='ltr'><strong><em>Pila-</em></strong></span> <span class='ocrx_word' id='word_1_429' title='bbox 966 2884 1025 2923; x_wconf 80' lang='lat' dir='ltr'><strong><em>euin</em></strong></span> <span class='ocrx_word' id='word_1_430' title='bbox 1040 2875 1071 2922; x_wconf 91' lang='lat' dir='ltr'><strong><em>ut</em></strong></span> <span class='ocrx_word' id='word_1_431' title='bbox 1092 2871 1276 2937; x_wconf 78' lang='lat' dir='ltr'><strong><em>crucifiperent</em></strong></span> <span class='ocrx_word' id='word_1_432' title='bbox 1297 2869 1416 2936; x_wconf 66' lang='lat' dir='ltr'><strong><em>(blattis,</em></strong></span> <span class='ocrx_word' id='word_1_433' title='bbox 1437 2883 1518 2930; x_wconf 83' lang='lat' dir='ltr'><strong><em>rxree,</em></strong></span> <span class='ocrx_word' id='word_1_434' title='bbox 1541 2867 1643 2937; x_wconf 74' lang='lat' dir='ltr'><strong><em>‘er-st).</em></strong></span> <span class='ocrx_word' id='word_1_435' title='bbox 1663 2869 1787 2922; x_wconf 86' lang='lat' dir='ltr'><strong><em>loannes</em></strong></span> 
     </span>
     <span class='ocr_line' id='line_1_30' title="bbox 90 2961 1784 3034; baseline -0.001 -19"><span class='ocrx_word' id='word_1_436' title='bbox 90 2967 137 3016; x_wconf 86' lang='lat' dir='ltr'><strong><em>tna</em></strong></span> <span class='ocrx_word' id='word_1_437' title='bbox 153 2981 162 3014; x_wconf 78' lang='grc' dir='ltr'><strong><em>ε</em></strong></span> <span class='ocrx_word' id='word_1_438' title='bbox 178 2961 253 3029; x_wconf 79' lang='lat' dir='ltr'><strong><em>Quid</em></strong></span> <span class='ocrx_word' id='word_1_439' title='bbox 272 2962 360 3030; x_wconf 81' lang='lat' dir='ltr'><strong><em>ipitur</em></strong></span> <span class='ocrx_word' id='word_1_440' title='bbox 375 2962 478 3028; x_wconf 73' lang='lat' dir='ltr'><strong><em>famam</em></strong></span> <span class='ocrx_word' id='word_1_441' title='bbox 497 2962 530 3018; x_wconf 91' lang='lat' dir='ltr'><strong><em>de</em></strong></span> <span class='ocrx_word' id='word_1_442' title='bbox 547 2965 618 3024; x_wconf 89' lang='lat' dir='ltr'><strong><em>lesu,</em></strong></span> <span class='ocrx_word' id='word_1_443' title='bbox 638 2964 687 3032; x_wconf 79' lang='lat' dir='ltr'><strong><em>qui</em></strong></span> <span class='ocrx_word' id='word_1_444' title='bbox 704 2962 807 3017; x_wconf 85' lang='lat' dir='ltr'><strong><em>dicitur</em></strong></span> <span class='ocrx_word' id='word_1_445' title='bbox 827 2962 916 3021; x_wconf 81' lang='lat' dir='ltr'><strong><em>Chris·</em></strong></span> <span class='ocrx_word' id='word_1_446' title='bbox 969 2964 1068 3016; x_wconf 86' lang='lat' dir='ltr'><strong><em>narrat</em></strong></span> <span class='ocrx_word' id='word_1_447' title='bbox 1092 2962 1168 3034; x_wconf 92' lang='lat' dir='ltr'><strong><em>quod</em></strong></span> <span class='ocrx_word' id='word_1_448' title='bbox 1190 2961 1321 3033; x_wconf 86' lang='lat' dir='ltr'><strong><em>bajulans</em></strong></span> <span class='ocrx_word' id='word_1_449' title='bbox 1344 2961 1396 3016; x_wconf 88' lang='lat' dir='ltr'><strong><em>sibi</em></strong></span> <span class='ocrx_word' id='word_1_450' title='bbox 1424 2976 1538 3017; x_wconf 87' lang='lat' dir='ltr'><strong><em>erucem</em></strong></span> <span class='ocrx_word' id='word_1_451' title='bbox 1562 2963 1643 3018; x_wconf 87' lang='lat' dir='ltr'><strong><em>lesus</em></strong></span> <span class='ocrx_word' id='word_1_452' title='bbox 1665 2961 1733 3017; x_wconf 83' lang='lat' dir='ltr'><strong><em>exiit</em></strong></span> <span class='ocrx_word' id='word_1_453' title='bbox 1757 2961 1784 3014; x_wconf 91' lang='lat' dir='ltr'><strong><em>in</em></strong></span> 
     </span>
    </p>
   </div>
   <div class='ocr_carea' id='block_1_7' title="bbox 90 3055 1798 3315">
    <p class='ocr_par' dir='ltr' id='par_1_10' title="bbox 90 3055 1798 3315">
     <span class='ocr_line' id='line_1_31' title="bbox 92 3055 1787 3159; baseline 0.001 -50"><span class='ocrx_word' id='word_1_454' title='bbox 92 3057 276 3110; x_wconf 78' lang='lat' dir='ltr'><strong><em>institissent</em></strong></span> <span class='ocrx_word' id='word_1_455' title='bbox 297 3071 386 3112; x_wconf 88' lang='lat' dir='ltr'><strong><em>omnes</em></strong></span> <span class='ocrx_word' id='word_1_456' title='bbox 407 3077 412 3108; x_wconf 89' lang='lat'>:</span> <span class='ocrx_word' id='word_1_457' title='bbox 432 3055 623 3126; x_wconf 74' lang='lat' dir='ltr'><strong><em>drucifipatur.</em></strong></span> <span class='ocrx_word' id='word_1_458' title='bbox 644 3055 694 3111; x_wconf 84' lang='lat' dir='ltr'><strong><em>Ait</em></strong></span> <span class='ocrx_word' id='word_1_459' title='bbox 714 3055 769 3111; x_wconf 87' lang='lat' dir='ltr'><strong><em>illis</em></strong></span> <span class='ocrx_word' id='word_1_460' title='bbox 786 3071 886 3126; x_wconf 81' lang='lat' dir='ltr'><strong><em>preses</em></strong></span> <span class='ocrx_word' id='word_1_461' title='bbox 907 3055 1118 3159; x_wconf 65' lang='lat' dir='ltr'><strong><em>:Cfiolgolha</em></strong></span> <span class='ocrx_word' id='word_1_462' title='bbox 1140 3055 1233 3110; x_wconf 86' lang='lat' dir='ltr'><strong><em>idest</em></strong></span> <span class='ocrx_word' id='word_1_463' title='bbox 1255 3055 1392 3113; x_wconf 80' lang='lat' dir='ltr'><strong><em>calvariae</em></strong></span> <span class='ocrx_word' id='word_1_464' title='bbox 1415 3056 1520 3111; x_wconf 86' lang='lat' dir='ltr'><strong><em>locum.</em></strong></span> <span class='ocrx_word' id='word_1_465' title='bbox 1544 3055 1597 3112; x_wconf 85' lang='lat' dir='ltr'><strong><em>Sed</em></strong></span> <span class='ocrx_word' id='word_1_466' title='bbox 1621 3055 1719 3112; x_wconf 89' lang='lat' dir='ltr'><strong><em>Simon</em></strong></span> <span class='ocrx_word' id='word_1_467' title='bbox 1738 3057 1787 3125; x_wconf 61' lang='lat' dir='ltr'><strong><em>Cp·-</em></strong></span> 
     </span>
     <span class='ocr_line' id='line_1_32' title="bbox 90 3149 1785 3222; baseline -0.001 -19"><span class='ocrx_word' id='word_1_468' title='bbox 90 3149 168 3216; x_wconf 79' lang='lat' dir='ltr'><strong><em>Qreid</em></strong></span> <span class='ocrx_word' id='word_1_469' title='bbox 190 3151 264 3204; x_wconf 89' lang='lat' dir='ltr'><strong><em>enim</em></strong></span> <span class='ocrx_word' id='word_1_470' title='bbox 291 3151 362 3204; x_wconf 87' lang='lat' dir='ltr'><strong><em>muli</em></strong></span> <span class='ocrx_word' id='word_1_471' title='bbox 383 3150 472 3217; x_wconf 74' lang='lat' dir='ltr'><strong><em>tecit?</em></strong></span> <span class='ocrx_word' id='word_1_472' title='bbox 496 3150 534 3205; x_wconf 81' lang='lat' dir='ltr'><strong><em>At</em></strong></span> <span class='ocrx_word' id='word_1_473' title='bbox 566 3150 611 3204; x_wconf 90' lang='lat' dir='ltr'><strong><em>illi</em></strong></span> <span class='ocrx_word' id='word_1_474' title='bbox 643 3150 731 3219; x_wconf 76' lang='lat' dir='ltr'><strong><em>mauis</em></strong></span> <span class='ocrx_word' id='word_1_475' title='bbox 759 3149 918 3205; x_wconf 86' lang='lat' dir='ltr'><strong><em>clamabant</em></strong></span> <span class='ocrx_word' id='word_1_476' title='bbox 968 3165 1081 3205; x_wconf 85' lang='lat' dir='ltr'><strong><em>renaeus</em></strong></span> <span class='ocrx_word' id='word_1_477' title='bbox 1101 3155 1185 3221; x_wconf 86' lang='lat' dir='ltr'><strong><em>pater</em></strong></span> <span class='ocrx_word' id='word_1_478' title='bbox 1202 3149 1352 3205; x_wconf 78' lang='lat' dir='ltr'><strong><em>Alexandri</em></strong></span> <span class='ocrx_word' id='word_1_479' title='bbox 1366 3155 1393 3206; x_wconf 90' lang='lat' dir='ltr'><strong><em>el</em></strong></span> <span class='ocrx_word' id='word_1_480' title='bbox 1407 3150 1480 3217; x_wconf 85' lang='lat' dir='ltr'><strong><em>Ruti,</em></strong></span> <span class='ocrx_word' id='word_1_481' title='bbox 1502 3149 1536 3205; x_wconf 90' lang='lat' dir='ltr'><strong><em>de</em></strong></span> <span class='ocrx_word' id='word_1_482' title='bbox 1550 3167 1606 3222; x_wconf 89' lang='lat' dir='ltr'><strong><em>quo</em></strong></span> <span class='ocrx_word' id='word_1_483' title='bbox 1629 3154 1686 3205; x_wconf 86' lang='lat' dir='ltr'><strong><em>tres</em></strong></span> <span class='ocrx_word' id='word_1_484' title='bbox 1701 3165 1785 3204; x_wconf 81' lang='lat' dir='ltr'><strong><em>esaei-</em></strong></span> 
     </span>
     <span class='ocr_line' id='line_1_33' title="bbox 92 3242 1798 3315; baseline -0.001 -18"><span class='ocrx_word' id='word_1_485' title='bbox 92 3243 214 3298; x_wconf 84' lang='lat' dir='ltr'><strong><em>dieentes</em></strong></span> <span class='ocrx_word' id='word_1_486' title='bbox 238 3259 245 3296; x_wconf 89' lang='lat'>:</span> <span class='ocrx_word' id='word_1_487' title='bbox 271 3245 464 3314; x_wconf 76' lang='lat' dir='ltr'><strong><em>Cmcittputur.</em></strong></span> <span class='ocrx_word' id='word_1_488' title='bbox 490 3243 591 3300; x_wconf 79' lang='lat' dir='ltr'><strong><em>Vident</em></strong></span> <span class='ocrx_word' id='word_1_489' title='bbox 613 3247 703 3298; x_wconf 90' lang='lat' dir='ltr'><strong><em>autem</em></strong></span> <span class='ocrx_word' id='word_1_490' title='bbox 726 3243 832 3298; x_wconf 89' lang='lat' dir='ltr'><strong><em>Pilatus</em></strong></span> <span class='ocrx_word' id='word_1_491' title='bbox 850 3245 916 3313; x_wconf 84' lang='lat' dir='ltr'><strong><em>quia</em></strong></span> <span class='ocrx_word' id='word_1_492' title='bbox 967 3243 1077 3314; x_wconf 75' lang='lat' dir='ltr'><strong><em>gelista</em></strong></span> <span class='ocrx_word' id='word_1_493' title='bbox 1096 3250 1337 3313; x_wconf 88' lang='lat' dir='ltr'><strong><em>commemorant,</em></strong></span> <span class='ocrx_word' id='word_1_494' title='bbox 1350 3243 1386 3299; x_wconf 87' lang='lat' dir='ltr'><strong><em>dc</em></strong></span> <span class='ocrx_word' id='word_1_495' title='bbox 1402 3243 1467 3299; x_wconf 87' lang='lat' dir='ltr'><strong><em>rilla</em></strong></span> <span class='ocrx_word' id='word_1_496' title='bbox 1483 3244 1603 3300; x_wconf 85' lang='lat' dir='ltr'><strong><em>veniens</em></strong></span> <span class='ocrx_word' id='word_1_497' title='bbox 1618 3242 1798 3315; x_wconf 71' lang='lat' dir='ltr'><strong><em>angariatus</em></strong></span> 
     </span>
    </p>
   </div>
   <div class='ocr_carea' id='block_1_8' title="bbox 90 3336 1795 4536">
    <p class='ocr_par' dir='ltr' id='par_1_11' title="bbox 92 3336 1785 3410">
     <span class='ocr_line' id='line_1_34' title="bbox 92 3336 1785 3410; baseline 0 -19"><span class='ocrx_word' id='word_1_498' title='bbox 92 3336 165 3392; x_wconf 76' lang='lat' dir='ltr'><strong><em>nibil</em></strong></span> <span class='ocrx_word' id='word_1_499' title='bbox 184 3340 338 3408; x_wconf 64' lang='lat' dir='ltr'><strong><em>proiceret,</em></strong></span> <span class='ocrx_word' id='word_1_500' title='bbox 361 3337 409 3393; x_wconf 88' lang='lat' dir='ltr'><strong><em>sed</em></strong></span> <span class='ocrx_word' id='word_1_501' title='bbox 432 3339 520 3406; x_wconf 81' lang='lat' dir='ltr'><strong><em>mapis</em></strong></span> <span class='ocrx_word' id='word_1_502' title='bbox 544 3337 678 3392; x_wconf 87' lang='lat' dir='ltr'><strong><em>tumultus</em></strong></span> <span class='ocrx_word' id='word_1_503' title='bbox 699 3339 784 3407; x_wconf 67' lang='lat' dir='ltr'><strong><em>leret,</em></strong></span> <span class='ocrx_word' id='word_1_504' title='bbox 807 3343 917 3408; x_wconf 86' lang='lat' dir='ltr'><strong><em>occepta</em></strong></span> <span class='ocrx_word' id='word_1_505' title='bbox 967 3340 1025 3405; x_wconf 88' lang='lat' dir='ltr'><strong><em>esl;</em></strong></span> <span class='ocrx_word' id='word_1_506' title='bbox 1046 3336 1201 3408; x_wconf 87' lang='lat' dir='ltr'><strong><em>cuipostea</em></strong></span> <span class='ocrx_word' id='word_1_507' title='bbox 1220 3337 1427 3392; x_wconf 86' lang='lat' dir='ltr'><strong><em>cruxdataasl</em></strong></span> <span class='ocrx_word' id='word_1_508' title='bbox 1445 3337 1580 3410; x_wconf 85' lang='lat' dir='ltr'><strong><em>usquein</em></strong></span> <span class='ocrx_word' id='word_1_509' title='bbox 1602 3337 1698 3393; x_wconf 89' lang='lat' dir='ltr'><strong><em>locum</em></strong></span> <span class='ocrx_word' id='word_1_510' title='bbox 1717 3353 1785 3408; x_wconf 87' lang='lat' dir='ltr'><strong><em>pm·-</em></strong></span> 
     </span>
    </p>

    <p class='ocr_par' dir='ltr' id='par_1_12' title="bbox 91 3429 1795 3503">
     <span class='ocr_line' id='line_1_35' title="bbox 91 3429 1795 3503; baseline -0.002 -17"><span class='ocrx_word' id='word_1_511' title='bbox 91 3447 178 3501; x_wconf 78' lang='lat' dir='ltr'><strong><em>aqua.</em></strong></span> <span class='ocrx_word' id='word_1_512' title='bbox 202 3432 271 3486; x_wconf 85' lang='lat' dir='ltr'><strong><em>lauit</em></strong></span> <span class='ocrx_word' id='word_1_513' title='bbox 293 3447 390 3487; x_wconf 88' lang='lat' dir='ltr'><strong><em>manus</em></strong></span> <span class='ocrx_word' id='word_1_514' title='bbox 411 3447 502 3487; x_wconf 88' lang='lat' dir='ltr'><strong><em>coram</em></strong></span> <span class='ocrx_word' id='word_1_515' title='bbox 520 3431 632 3502; x_wconf 91' lang='lat' dir='ltr'><strong><em>populo,</em></strong></span> <span class='ocrx_word' id='word_1_516' title='bbox 651 3431 741 3487; x_wconf 84' lang='lat' dir='ltr'><strong><em>dicens</em></strong></span> <span class='ocrx_word' id='word_1_517' title='bbox 761 3447 768 3485; x_wconf 74' lang='grc' dir='ltr'>ε</span> <span class='ocrx_word' id='word_1_518' title='bbox 789 3434 918 3487; x_wconf 85' lang='lat' dir='ltr'><strong><em>innocens</em></strong></span> <span class='ocrx_word' id='word_1_519' title='bbox 968 3429 1056 3486; x_wconf 89' lang='lat' dir='ltr'><strong><em>tanda</em></strong></span> <span class='ocrx_word' id='word_1_520' title='bbox 1070 3435 1258 3486; x_wconf 88' lang='lat' dir='ltr'><strong><em>memoratum</em></strong></span> <span class='ocrx_word' id='word_1_521' title='bbox 1273 3430 1394 3503; x_wconf 73' lang='lat' dir='ltr'><strong><em>(maten,</em></strong></span> <span class='ocrx_word' id='word_1_522' title='bbox 1414 3447 1497 3501; x_wconf 77' lang='lat' dir='ltr'><strong><em>xant,</em></strong></span> <span class='ocrx_word' id='word_1_523' title='bbox 1513 3434 1597 3488; x_wconf 80' lang='lat'><strong>27-33</strong></span> <span class='ocrx_word' id='word_1_524' title='bbox 1608 3448 1616 3502; x_wconf 67' lang='grc' dir='ltr'>ς</span> <span class='ocrx_word' id='word_1_525' title='bbox 1632 3442 1729 3494; x_wconf 71' lang='lat' dir='ltr'><strong><em>llerrc„</em></strong></span> <span class='ocrx_word' id='word_1_526' title='bbox 1742 3448 1795 3488; x_wconf 80' lang='lat' dir='ltr'><strong><em>rr.-</em></strong></span> 
     </span>
    </p>

    <p class='ocr_par' dir='ltr' id='par_1_13' title="bbox 92 3525 1602 3597">
     <span class='ocr_line' id='line_1_36' title="bbox 92 3525 1602 3597; baseline -0.001 -17"><span class='ocrx_word' id='word_1_527' title='bbox 92 3542 142 3595; x_wconf 83' lang='lat' dir='ltr'><strong><em>epo</em></strong></span> <span class='ocrx_word' id='word_1_528' title='bbox 155 3542 216 3581; x_wconf 88' lang='lat' dir='ltr'><strong><em>sum</em></strong></span> <span class='ocrx_word' id='word_1_529' title='bbox 231 3542 249 3580; x_wconf 91' lang='lat' dir='ltr'><strong><em>a</em></strong></span> <span class='ocrx_word' id='word_1_530' title='bbox 263 3528 397 3596; x_wconf 74' lang='lat' dir='ltr'><strong><em>sernpuine</em></strong></span> <span class='ocrx_word' id='word_1_531' title='bbox 412 3526 483 3594; x_wconf 83' lang='lat' dir='ltr'><strong><em>justi</em></strong></span> <span class='ocrx_word' id='word_1_532' title='bbox 497 3525 594 3595; x_wconf 73' lang='lat' dir='ltr'><strong><em>liujuse</em></strong></span> <span class='ocrx_word' id='word_1_533' title='bbox 605 3541 649 3581; x_wconf 88' lang='lat' dir='ltr'><strong><em>cas</em></strong></span> <span class='ocrx_word' id='word_1_534' title='bbox 663 3526 799 3580; x_wconf 73' lang='lat' dir='ltr'><strong><em>armatis.</em></strong></span> <span class='ocrx_word' id='word_1_535' title='bbox 812 3527 848 3580; x_wconf 81' lang='lat' dir='ltr'><strong><em>lit</em></strong></span> <span class='ocrx_word' id='word_1_536' title='bbox 864 3540 918 3580; x_wconf 90' lang='lat' dir='ltr'><strong><em>res·</em></strong></span> <span class='ocrx_word' id='word_1_537' title='bbox 970 3526 1067 3592; x_wconf 65' lang='lat' dir='ltr'><strong><em>tarn</em></strong></span> <span class='ocrx_word' id='word_1_538' title='bbox 1079 3526 1154 3587; x_wconf 81' lang='lat' dir='ltr'><strong><em>Luc,</em></strong></span> <span class='ocrx_word' id='word_1_539' title='bbox 1168 3541 1242 3593; x_wconf 82' lang='lat' dir='ltr'><strong><em>xxrrr,</em></strong></span> <span class='ocrx_word' id='word_1_540' title='bbox 1257 3527 1354 3593; x_wconf 75' lang='lat' dir='ltr'><strong><em>26·3t;</em></strong></span> <span class='ocrx_word' id='word_1_541' title='bbox 1369 3536 1462 3589; x_wconf 79' lang='lat' dir='ltr'><strong><em>toan..</em></strong></span> <span class='ocrx_word' id='word_1_542' title='bbox 1477 3542 1532 3594; x_wconf 84' lang='grc' dir='ltr'>ιιι,</span> <span class='ocrx_word' id='word_1_543' title='bbox 1550 3528 1602 3597; x_wconf 75' lang='lat' dir='ltr'><strong><em>li).</em></strong></span> 
     </span>
    </p>

    <p class='ocr_par' dir='ltr' id='par_1_14' title="bbox 90 3619 1602 3691">
     <span class='ocr_line' id='line_1_37' title="bbox 90 3619 1602 3691; baseline 0 -17"><span class='ocrx_word' id='word_1_544' title='bbox 90 3620 194 3691; x_wconf 84' lang='lat' dir='ltr'><strong><em>pandit</em></strong></span> <span class='ocrx_word' id='word_1_545' title='bbox 212 3621 354 3675; x_wconf 65' lang='lat' dir='ltr'><strong><em>unauna</em></strong></span> <span class='ocrx_word' id='word_1_546' title='bbox 368 3620 486 3691; x_wconf 89' lang='lat' dir='ltr'><strong><em>populus</em></strong></span> <span class='ocrx_word' id='word_1_547' title='bbox 501 3638 510 3674; x_wconf 81' lang='lat' dir='ltr'><strong><em>c</em></strong></span> <span class='ocrx_word' id='word_1_548' title='bbox 525 3620 644 3689; x_wconf 82' lang='lat' dir='ltr'><strong><em>Sanpuis</em></strong></span> <span class='ocrx_word' id='word_1_549' title='bbox 660 3619 718 3688; x_wconf 67' lang='lat' dir='ltr'><strong><em>mus</em></strong></span> <span class='ocrx_word' id='word_1_550' title='bbox 736 3635 817 3690; x_wconf 85' lang='lat' dir='ltr'><strong><em>super</em></strong></span> <span class='ocrx_word' id='word_1_551' title='bbox 831 3635 877 3673; x_wconf 85' lang='lat' dir='ltr'><strong><em>nos</em></strong></span> <span class='ocrx_word' id='word_1_552' title='bbox 892 3627 919 3674; x_wconf 89' lang='lat' dir='ltr'><strong><em>et</em></strong></span> <span class='ocrx_word' id='word_1_553' title='bbox 1139 3620 1191 3673; x_wconf 71' lang='lat' dir='ltr'><strong><em>lv,</em></strong></span> <span class='ocrx_word' id='word_1_554' title='bbox 1211 3628 1283 3678; x_wconf 84' lang='lat' dir='ltr'><strong><em>llors</em></strong></span> <span class='ocrx_word' id='word_1_555' title='bbox 1302 3623 1333 3675; x_wconf 86' lang='lat' dir='ltr'><strong><em>lt.</em></strong></span> <span class='ocrx_word' id='word_1_556' title='bbox 1354 3620 1389 3678; x_wconf 85' lang='lat' dir='ltr'><strong><em>N.</em></strong></span> <span class='ocrx_word' id='word_1_557' title='bbox 1409 3630 1472 3678; x_wconf 85' lang='lat' dir='ltr'><strong><em>lesu</em></strong></span> <span class='ocrx_word' id='word_1_558' title='bbox 1492 3621 1602 3677; x_wconf 71' lang='lat' dir='ltr'><strong><em>Christi.</em></strong></span> 
     </span>
    </p>

    <p class='ocr_par' dir='ltr' id='par_1_15' title="bbox 93 3712 1785 3786">
     <span class='ocr_line' id='line_1_38' title="bbox 93 3712 1785 3786; baseline -0.002 -16"><span class='ocrx_word' id='word_1_559' title='bbox 93 3730 177 3786; x_wconf 85' lang='lat' dir='ltr'><strong><em>super</em></strong></span> <span class='ocrx_word' id='word_1_560' title='bbox 193 3714 264 3785; x_wconf 62' lang='lat' dir='ltr'><strong><em>ilios</em></strong></span> <span class='ocrx_word' id='word_1_561' title='bbox 282 3720 397 3770; x_wconf 86' lang='lat' dir='ltr'><strong><em>nostros.</em></strong></span> <span class='ocrx_word' id='word_1_562' title='bbox 413 3715 485 3769; x_wconf 80' lang='lat' dir='ltr'><strong><em>Pane</em></strong></span> <span class='ocrx_word' id='word_1_563' title='bbox 504 3713 613 3769; x_wconf 87' lang='lat' dir='ltr'><strong><em>Pilatus</em></strong></span> <span class='ocrx_word' id='word_1_564' title='bbox 631 3714 784 3768; x_wconf 88' lang='lat' dir='ltr'><strong><em>Barabbum</em></strong></span> <span class='ocrx_word' id='word_1_565' title='bbox 803 3715 858 3768; x_wconf 89' lang='lat' dir='ltr'><strong><em>illis</em></strong></span> <span class='ocrx_word' id='word_1_566' title='bbox 877 3714 918 3768; x_wconf 88' lang='lat' dir='ltr'><strong><em>di-</em></strong></span> <span class='ocrx_word' id='word_1_567' title='bbox 1006 3715 1036 3768; x_wconf 91' lang='lat' dir='ltr'><strong><em>ln</em></strong></span> <span class='ocrx_word' id='word_1_568' title='bbox 1061 3712 1199 3783; x_wconf 78' lang='lat' dir='ltr'><strong><em>Golgotlca</em></strong></span> <span class='ocrx_word' id='word_1_569' title='bbox 1217 3728 1282 3768; x_wconf 89' lang='lat' dir='ltr'><strong><em>eum</em></strong></span> <span class='ocrx_word' id='word_1_570' title='bbox 1305 3712 1416 3768; x_wconf 88' lang='lat' dir='ltr'><strong><em>duobus</em></strong></span> <span class='ocrx_word' id='word_1_571' title='bbox 1431 3713 1591 3768; x_wconf 88' lang='lat' dir='ltr'><strong><em>latronibus</em></strong></span> <span class='ocrx_word' id='word_1_572' title='bbox 1612 3713 1707 3768; x_wconf 86' lang='lat' dir='ltr'><strong><em>lesum</em></strong></span> <span class='ocrx_word' id='word_1_573' title='bbox 1723 3730 1785 3768; x_wconf 88' lang='lat' dir='ltr'><strong><em>cru-</em></strong></span> 
     </span>
    </p>

    <p class='ocr_par' dir='ltr' id='par_1_16' title="bbox 96 3806 1785 3879">
     <span class='ocr_line' id='line_1_39' title="bbox 96 3806 1785 3879; baseline -0.001 -17"><span class='ocrx_word' id='word_1_574' title='bbox 96 3811 169 3864; x_wconf 86' lang='lat' dir='ltr'><strong><em>misit</em></strong></span> <span class='ocrx_word' id='word_1_575' title='bbox 187 3809 312 3873; x_wconf 67' lang='lat' dir='ltr'><strong><em>lucetii„</em></strong></span> <span class='ocrx_word' id='word_1_576' title='bbox 331 3823 414 3875; x_wconf 83' lang='lat' dir='ltr'><strong><em>xrsee,</em></strong></span> <span class='ocrx_word' id='word_1_577' title='bbox 434 3808 533 3877; x_wconf 73' lang='lat' dir='ltr'><strong><em>lli-ibt,</em></strong></span> <span class='ocrx_word' id='word_1_578' title='bbox 550 3810 638 3864; x_wconf 87' lang='lat' dir='ltr'><strong><em>lesum</em></strong></span> <span class='ocrx_word' id='word_1_579' title='bbox 657 3823 719 3863; x_wconf 84' lang='lat' dir='ltr'><strong><em>uero</em></strong></span> <span class='ocrx_word' id='word_1_580' title='bbox 740 3808 918 3879; x_wconf 73' lang='lat' dir='ltr'><strong><em>apprehendit</em></strong></span> <span class='ocrx_word' id='word_1_581' title='bbox 968 3806 1128 3872; x_wconf 69' lang='lat' dir='ltr'><strong><em>cinxerunt,</em></strong></span> <span class='ocrx_word' id='word_1_582' title='bbox 1139 3810 1168 3860; x_wconf 88' lang='lat' dir='ltr'><strong><em>et</em></strong></span> <span class='ocrx_word' id='word_1_583' title='bbox 1177 3806 1359 3878; x_wconf 86' lang='lat' dir='ltr'><strong><em>myrrhatum</em></strong></span> <span class='ocrx_word' id='word_1_584' title='bbox 1369 3806 1611 3862; x_wconf 86' lang='lat' dir='ltr'><strong><em>vinumeibibere</em></strong></span> <span class='ocrx_word' id='word_1_585' title='bbox 1622 3807 1785 3871; x_wconf 85' lang='lat' dir='ltr'><strong><em>dederunt;</em></strong></span> 
     </span>
    </p>

    <p class='ocr_par' dir='ltr' id='par_1_17' title="bbox 95 3900 1786 4069">
     <span class='ocr_line' id='line_1_40' title="bbox 95 3900 1786 3974; baseline -0.001 -17"><span class='ocrx_word' id='word_1_586' title='bbox 95 3909 123 3957; x_wconf 87' lang='lat' dir='ltr'><strong><em>et</em></strong></span> <span class='ocrx_word' id='word_1_587' title='bbox 135 3903 298 3973; x_wconf 69' lang='lat' dir='ltr'><strong><em>inpellant.</em></strong></span> <span class='ocrx_word' id='word_1_588' title='bbox 969 3905 997 3955; x_wconf 85' lang='lat' dir='ltr'><strong><em>et</em></strong></span> <span class='ocrx_word' id='word_1_589' title='bbox 1017 3916 1105 3971; x_wconf 89' lang='lat' dir='ltr'><strong><em>super</em></strong></span> <span class='ocrx_word' id='word_1_590' title='bbox 1118 3903 1205 3971; x_wconf 89' lang='lat' dir='ltr'><strong><em>caput</em></strong></span> <span class='ocrx_word' id='word_1_591' title='bbox 1218 3900 1278 3971; x_wconf 88' lang='lat' dir='ltr'><strong><em>ejus</em></strong></span> <span class='ocrx_word' id='word_1_592' title='bbox 1293 3916 1407 3956; x_wconf 76' lang='lat' dir='ltr'><strong><em>musam</em></strong></span> <span class='ocrx_word' id='word_1_593' title='bbox 1429 3901 1516 3972; x_wconf 90' lang='lat' dir='ltr'><strong><em>ipsius</em></strong></span> <span class='ocrx_word' id='word_1_594' title='bbox 1536 3900 1671 3974; x_wconf 85' lang='lat' dir='ltr'><strong><em>scriptam</em></strong></span> <span class='ocrx_word' id='word_1_595' title='bbox 1691 3901 1786 3973; x_wconf 87' lang='lat' dir='ltr'><strong><em>impo-</em></strong></span> 
     </span>
     <span class='ocr_line' id='line_1_41' title="bbox 131 3994 1786 4069; baseline 0 -18"><span class='ocrx_word' id='word_1_596' title='bbox 131 3997 256 4052; x_wconf 88' lang='lat' dir='ltr'><strong><em>loannes</em></strong></span> <span class='ocrx_word' id='word_1_597' title='bbox 265 3997 355 4052; x_wconf 90' lang='lat' dir='ltr'><strong><em>relert</em></strong></span> <span class='ocrx_word' id='word_1_598' title='bbox 367 3996 444 4069; x_wconf 88' lang='lat' dir='ltr'><strong><em>quod</em></strong></span> <span class='ocrx_word' id='word_1_599' title='bbox 455 4001 518 4052; x_wconf 89' lang='lat' dir='ltr'><strong><em>tunc</em></strong></span> <span class='ocrx_word' id='word_1_600' title='bbox 530 3997 628 4052; x_wconf 90' lang='lat' dir='ltr'><strong><em>milites</em></strong></span> <span class='ocrx_word' id='word_1_601' title='bbox 638 3997 783 4067; x_wconf 88' lang='lat' dir='ltr'><strong><em>plectentes</em></strong></span> <span class='ocrx_word' id='word_1_602' title='bbox 795 4010 919 4051; x_wconf 88' lang='lat' dir='ltr'><strong><em>coronam</em></strong></span> <span class='ocrx_word' id='word_1_603' title='bbox 969 3996 1089 4048; x_wconf 76' lang='lat' dir='ltr'><strong><em>scierunt</em></strong></span> <span class='ocrx_word' id='word_1_604' title='bbox 1111 4010 1117 4047; x_wconf 95' lang='lat'><strong>:</strong></span> <span class='ocrx_word' id='word_1_605' title='bbox 1140 3995 1191 4050; x_wconf 85' lang='lat' dir='ltr'><strong><em>llic</em></strong></span> <span class='ocrx_word' id='word_1_606' title='bbox 1216 3999 1255 4050; x_wconf 86' lang='lat' dir='ltr'><strong><em>est</em></strong></span> <span class='ocrx_word' id='word_1_607' title='bbox 1285 4007 1361 4055; x_wconf 77' lang='lat' dir='ltr'><strong><em>lesus</em></strong></span> <span class='ocrx_word' id='word_1_608' title='bbox 1385 4010 1435 4050; x_wconf 83' lang='lat' dir='ltr'><strong><em>rec</em></strong></span> <span class='ocrx_word' id='word_1_609' title='bbox 1455 3995 1620 4053; x_wconf 76' lang='lat' dir='ltr'><strong><em>euaaeoacm.</em></strong></span> <span class='ocrx_word' id='word_1_610' title='bbox 1648 3994 1696 4050; x_wconf 86' lang='lat' dir='ltr'><strong><em>llic</em></strong></span> <span class='ocrx_word' id='word_1_611' title='bbox 1718 4011 1786 4051; x_wconf 84' lang='lat' dir='ltr'><strong><em>sero</em></strong></span> 
     </span>
    </p>

    <p class='ocr_par' dir='ltr' id='par_1_18' title="bbox 94 4086 1785 4162">
     <span class='ocr_line' id='line_1_42' title="bbox 94 4086 1785 4162; baseline -0.001 -17"><span class='ocrx_word' id='word_1_612' title='bbox 94 4092 129 4146; x_wconf 88' lang='lat' dir='ltr'><strong><em>ele</em></strong></span> <span class='ocrx_word' id='word_1_613' title='bbox 144 4093 233 4162; x_wconf 83' lang='lat' dir='ltr'><strong><em>spinis</em></strong></span> <span class='ocrx_word' id='word_1_614' title='bbox 250 4093 339 4160; x_wconf 87' lang='lat' dir='ltr'><strong><em>capiti</em></strong></span> <span class='ocrx_word' id='word_1_615' title='bbox 356 4091 415 4161; x_wconf 81' lang='lat' dir='ltr'><strong><em>ejus</em></strong></span> <span class='ocrx_word' id='word_1_616' title='bbox 433 4093 630 4162; x_wconf 85' lang='lat' dir='ltr'><strong><em>imposuerunt,</em></strong></span> <span class='ocrx_word' id='word_1_617' title='bbox 646 4097 672 4146; x_wconf 92' lang='lat' dir='ltr'><strong><em>et</em></strong></span> <span class='ocrx_word' id='word_1_618' title='bbox 690 4096 760 4146; x_wconf 89' lang='lat' dir='ltr'><strong><em>ueste</em></strong></span> <span class='ocrx_word' id='word_1_619' title='bbox 777 4104 919 4161; x_wconf 84' lang='lat' dir='ltr'><strong><em>purpurea</em></strong></span> <span class='ocrx_word' id='word_1_620' title='bbox 968 4087 1069 4143; x_wconf 89' lang='lat' dir='ltr'><strong><em>titulus</em></strong></span> <span class='ocrx_word' id='word_1_621' title='bbox 1089 4086 1191 4142; x_wconf 81' lang='lat' dir='ltr'><strong><em>litteris</em></strong></span> <span class='ocrx_word' id='word_1_622' title='bbox 1203 4087 1305 4143; x_wconf 74' lang='lat' dir='ltr'><strong><em>Graecis</em></strong></span> <span class='ocrx_word' id='word_1_623' title='bbox 1318 4094 1347 4145; x_wconf 91' lang='lat' dir='ltr'><strong><em>el</em></strong></span> <span class='ocrx_word' id='word_1_624' title='bbox 1367 4088 1473 4144; x_wconf 86' lang='lat' dir='ltr'><strong><em>Latinis</em></strong></span> <span class='ocrx_word' id='word_1_625' title='bbox 1485 4092 1514 4145; x_wconf 87' lang='lat' dir='ltr'><strong><em>el</em></strong></span> <span class='ocrx_word' id='word_1_626' title='bbox 1533 4088 1676 4144; x_wconf 86' lang='lat' dir='ltr'><strong><em>ltebraicis</em></strong></span> <span class='ocrx_word' id='word_1_627' title='bbox 1698 4089 1785 4162; x_wconf 84' lang='lat' dir='ltr'><strong><em>scrip-</em></strong></span> 
     </span>
    </p>

    <p class='ocr_par' dir='ltr' id='par_1_19' title="bbox 94 4181 1787 4253">
     <span class='ocr_line' id='line_1_43' title="bbox 94 4181 1787 4253; baseline -0.001 -13"><span class='ocrx_word' id='word_1_628' title='bbox 94 4202 155 4241; x_wconf 83' lang='lat' dir='ltr'><strong><em>nem</em></strong></span> <span class='ocrx_word' id='word_1_629' title='bbox 165 4184 916 4242; x_wconf 71' lang='lat' dir='ltr'><strong><em>mammaeaeruat.lltoentebanceeaeumeeaiaebanl:</em></strong></span> <span class='ocrx_word' id='word_1_630' title='bbox 970 4186 1015 4237; x_wconf 89' lang='lat' dir='ltr'><strong><em>lus</em></strong></span> <span class='ocrx_word' id='word_1_631' title='bbox 1044 4184 1087 4236; x_wconf 88' lang='lat' dir='ltr'><strong><em>est</em></strong></span> <span class='ocrx_word' id='word_1_632' title='bbox 1113 4181 1231 4251; x_wconf 72' lang='lat' dir='ltr'><strong><em>inulti„</em></strong></span> <span class='ocrx_word' id='word_1_633' title='bbox 1255 4198 1339 4250; x_wconf 82' lang='lat' dir='ltr'><strong><em>xxvii,</em></strong></span> <span class='ocrx_word' id='word_1_634' title='bbox 1365 4185 1470 4249; x_wconf 74' lang='lat'><strong>37-363</strong></span> <span class='ocrx_word' id='word_1_635' title='bbox 1493 4194 1591 4244; x_wconf 70' lang='lat' dir='ltr'><strong><em>Marc,</em></strong></span> <span class='ocrx_word' id='word_1_636' title='bbox 1615 4199 1659 4250; x_wconf 86' lang='grc' dir='ltr'><strong><em>ιν,</em></strong></span> <span class='ocrx_word' id='word_1_637' title='bbox 1673 4186 1787 4253; x_wconf 55' lang='lat' dir='ltr'><strong><em>ibim</em></strong></span> 
     </span>
    </p>

    <p class='ocr_par' dir='ltr' id='par_1_20' title="bbox 94 4265 1562 4348">
     <span class='ocr_line' id='line_1_44' title="bbox 94 4265 1562 4348; baseline -0.003 -14"><span class='ocrx_word' id='word_1_638' title='bbox 94 4281 163 4343; x_wconf 67' lang='lat' dir='ltr'><strong><em>,tea</em></strong></span> <span class='ocrx_word' id='word_1_639' title='bbox 179 4294 228 4334; x_wconf 84' lang='lat' dir='ltr'><strong><em>raa</em></strong></span> <span class='ocrx_word' id='word_1_640' title='bbox 244 4279 411 4334; x_wconf 76' lang='lat' dir='ltr'><strong><em>ludaeorum.</em></strong></span> <span class='ocrx_word' id='word_1_641' title='bbox 431 4281 466 4334; x_wconf 84' lang='lat' dir='ltr'><strong><em>llt</em></strong></span> <span class='ocrx_word' id='word_1_642' title='bbox 483 4279 590 4334; x_wconf 89' lang='lat' dir='ltr'><strong><em>dabunt</em></strong></span> <span class='ocrx_word' id='word_1_643' title='bbox 606 4279 631 4333; x_wconf 91' lang='lat' dir='ltr'><strong><em>ei</em></strong></span> <span class='ocrx_word' id='word_1_644' title='bbox 650 4279 758 4348; x_wconf 83' lang='lat' dir='ltr'><strong><em>alapas.</em></strong></span> <span class='ocrx_word' id='word_1_645' title='bbox 779 4279 854 4333; x_wconf 79' lang='lat' dir='ltr'><strong><em>liciti</em></strong></span> <span class='ocrx_word' id='word_1_646' title='bbox 871 4279 920 4333; x_wconf 89' lang='lat' dir='ltr'><strong><em>ite·</em></strong></span> <span class='ocrx_word' id='word_1_647' title='bbox 968 4279 1047 4338; x_wconf 69' lang='lat' dir='ltr'><strong><em>Luc„</em></strong></span> <span class='ocrx_word' id='word_1_648' title='bbox 1062 4265 1142 4339; x_wconf 42' lang='lat' dir='ltr'><strong><em>&#39;rxeen</em></strong></span> <span class='ocrx_word' id='word_1_649' title='bbox 1161 4277 1262 4340; x_wconf 84' lang='grc'><strong>33-38;</strong></span> <span class='ocrx_word' id='word_1_650' title='bbox 1278 4281 1371 4340; x_wconf 76' lang='lat' dir='ltr'><strong><em>laam,</em></strong></span> <span class='ocrx_word' id='word_1_651' title='bbox 1386 4292 1441 4346; x_wconf 82' lang='lat' dir='ltr'><strong><em>rex,</em></strong></span> <span class='ocrx_word' id='word_1_652' title='bbox 1458 4277 1562 4345; x_wconf 59' lang='lat' dir='ltr'><strong><em>liii).</em></strong></span> 
     </span>
    </p>

    <p class='ocr_par' dir='ltr' id='par_1_21' title="bbox 95 4369 1791 4442">
     <span class='ocr_line' id='line_1_45' title="bbox 95 4369 1791 4442; baseline 0 -15"><span class='ocrx_word' id='word_1_653' title='bbox 95 4389 156 4427; x_wconf 86' lang='lat' dir='ltr'><strong><em>rum</em></strong></span> <span class='ocrx_word' id='word_1_654' title='bbox 181 4373 288 4427; x_wconf 80' lang='lat' dir='ltr'><strong><em>Pilertcu</em></strong></span> <span class='ocrx_word' id='word_1_655' title='bbox 306 4373 384 4440; x_wconf 73' lang='lat' dir='ltr'><strong><em>foras</em></strong></span> <span class='ocrx_word' id='word_1_656' title='bbox 406 4377 431 4427; x_wconf 92' lang='lat' dir='ltr'><strong><em>et</em></strong></span> <span class='ocrx_word' id='word_1_657' title='bbox 455 4372 528 4427; x_wconf 74' lang='lat' dir='ltr'><strong><em>duait</em></strong></span> <span class='ocrx_word' id='word_1_658' title='bbox 550 4374 587 4428; x_wconf 90' lang='lat' dir='ltr'><strong><em>eis</em></strong></span> <span class='ocrx_word' id='word_1_659' title='bbox 610 4388 616 4425; x_wconf 96' lang='lat'><strong>:</strong></span> <span class='ocrx_word' id='word_1_660' title='bbox 640 4373 706 4426; x_wconf 87' lang='lat' dir='ltr'><strong><em>ltcce</em></strong></span> <span class='ocrx_word' id='word_1_661' title='bbox 732 4370 836 4426; x_wconf 86' lang='lat' dir='ltr'><strong><em>adduco</em></strong></span> <span class='ocrx_word' id='word_1_662' title='bbox 859 4386 919 4426; x_wconf 85' lang='lat' dir='ltr'><strong><em>mem</em></strong></span> <span class='ocrx_word' id='word_1_663' title='bbox 1004 4369 1104 4425; x_wconf 89' lang='lat' dir='ltr'><strong><em>llilites</em></strong></span> <span class='ocrx_word' id='word_1_664' title='bbox 1128 4384 1199 4439; x_wconf 81' lang='lat' dir='ltr'><strong><em>erpo,</em></strong></span> <span class='ocrx_word' id='word_1_665' title='bbox 1219 4385 1280 4425; x_wconf 89' lang='lat' dir='ltr'><strong><em>cum</em></strong></span> <span class='ocrx_word' id='word_1_666' title='bbox 1305 4372 1502 4441; x_wconf 71' lang='lat' dir='ltr'><strong><em>crumpeissent</em></strong></span> <span class='ocrx_word' id='word_1_667' title='bbox 1530 4386 1600 4434; x_wconf 89' lang='lat' dir='ltr'><strong><em>eum,</em></strong></span> <span class='ocrx_word' id='word_1_668' title='bbox 1630 4376 1791 4442; x_wconf 82' lang='lat' dir='ltr'><strong><em>acceperunt</em></strong></span> 
     </span>
    </p>

    <p class='ocr_par' dir='ltr' id='par_1_22' title="bbox 98 4458 1789 4536">
     <span class='ocr_line' id='line_1_46' title="bbox 98 4458 1789 4536; baseline -0.001 -16"><span class='ocrx_word' id='word_1_669' title='bbox 98 4467 173 4522; x_wconf 87' lang='lat' dir='ltr'><strong><em>robis</em></strong></span> <span class='ocrx_word' id='word_1_670' title='bbox 184 4468 270 4533; x_wconf 72' lang='lat' dir='ltr'><strong><em>imas,</em></strong></span> <span class='ocrx_word' id='word_1_671' title='bbox 285 4470 315 4521; x_wconf 89' lang='lat' dir='ltr'><strong><em>ut</em></strong></span> <span class='ocrx_word' id='word_1_672' title='bbox 327 4467 490 4535; x_wconf 77' lang='lat' dir='ltr'><strong><em>comroscertis</em></strong></span> <span class='ocrx_word' id='word_1_673' title='bbox 504 4468 571 4536; x_wconf 82' lang='lat' dir='ltr'><strong><em>quia</em></strong></span> <span class='ocrx_word' id='word_1_674' title='bbox 587 4468 618 4520; x_wconf 92' lang='lat' dir='ltr'><strong><em>in</em></strong></span> <span class='ocrx_word' id='word_1_675' title='bbox 636 4480 665 4521; x_wconf 91' lang='lat' dir='ltr'><strong><em>eo</em></strong></span> <span class='ocrx_word' id='word_1_676' title='bbox 685 4465 791 4520; x_wconf 90' lang='lat' dir='ltr'><strong><em>nullam</em></strong></span> <span class='ocrx_word' id='word_1_677' title='bbox 810 4479 918 4520; x_wconf 83' lang='lat' dir='ltr'><strong><em>euersam</em></strong></span> <span class='ocrx_word' id='word_1_678' title='bbox 929 4458 958 4531; x_wconf 86' lang='lat' dir='ltr'><strong>D</strong></span> <span class='ocrx_word' id='word_1_679' title='bbox 969 4465 1126 4519; x_wconf 89' lang='lat' dir='ltr'><strong><em>uestimenta</em></strong></span> <span class='ocrx_word' id='word_1_680' title='bbox 1146 4464 1203 4532; x_wconf 76' lang='lat' dir='ltr'><strong><em>ejice</em></strong></span> <span class='ocrx_word' id='word_1_681' title='bbox 1221 4469 1246 4519; x_wconf 91' lang='lat' dir='ltr'><strong><em>el</em></strong></span> <span class='ocrx_word' id='word_1_682' title='bbox 1268 4465 1391 4531; x_wconf 74' lang='lat' dir='ltr'><strong><em>tecaunt</em></strong></span> <span class='ocrx_word' id='word_1_683' title='bbox 1414 4470 1532 4535; x_wconf 68' lang='lat' dir='ltr'><strong><em>mulceor</em></strong></span> <span class='ocrx_word' id='word_1_684' title='bbox 1557 4470 1660 4536; x_wconf 85' lang='lat' dir='ltr'><strong><em>partes,</em></strong></span> <span class='ocrx_word' id='word_1_685' title='bbox 1680 4467 1789 4520; x_wconf 84' lang='lat' dir='ltr'><strong><em>unicui·</em></strong></span> 
     </span>
    </p>
   </div>
   <div class='ocr_carea' id='block_1_9' title="bbox 99 4558 1863 4630">
    <p class='ocr_par' dir='ltr' id='par_1_23' title="bbox 99 4558 1863 4630">
     <span class='ocr_line' id='line_1_47' title="bbox 99 4558 1863 4630; baseline -0.001 -16"><span class='ocrx_word' id='word_1_686' title='bbox 99 4563 215 4616; x_wconf 79' lang='lat' dir='ltr'><strong><em>incerno.</em></strong></span> <span class='ocrx_word' id='word_1_687' title='bbox 235 4562 314 4616; x_wconf 76' lang='lat' dir='ltr'><strong><em>lieiit</em></strong></span> <span class='ocrx_word' id='word_1_688' title='bbox 335 4574 397 4629; x_wconf 81' lang='lat' dir='ltr'><strong><em>erpo</em></strong></span> <span class='ocrx_word' id='word_1_689' title='bbox 417 4571 503 4623; x_wconf 77' lang='lat' dir='ltr'><strong><em>lesus,</em></strong></span> <span class='ocrx_word' id='word_1_690' title='bbox 522 4565 638 4630; x_wconf 88' lang='lat' dir='ltr'><strong><em>portans</em></strong></span> <span class='ocrx_word' id='word_1_691' title='bbox 656 4560 777 4630; x_wconf 75' lang='lat' dir='ltr'><strong><em>spiraeum</em></strong></span> <span class='ocrx_word' id='word_1_692' title='bbox 796 4575 922 4614; x_wconf 91' lang='lat' dir='ltr'><strong><em>coronam</em></strong></span> <span class='ocrx_word' id='word_1_693' title='bbox 971 4573 1021 4628; x_wconf 79' lang='lat' dir='ltr'><strong><em>que</em></strong></span> <span class='ocrx_word' id='word_1_694' title='bbox 1039 4558 1123 4612; x_wconf 89' lang='lat' dir='ltr'><strong><em>militi</em></strong></span> <span class='ocrx_word' id='word_1_695' title='bbox 1140 4564 1246 4628; x_wconf 89' lang='lat' dir='ltr'><strong><em>partem</em></strong></span> <span class='ocrx_word' id='word_1_696' title='bbox 1262 4563 1288 4612; x_wconf 91' lang='lat' dir='ltr'><strong><em>et</em></strong></span> <span class='ocrx_word' id='word_1_697' title='bbox 1303 4560 1433 4614; x_wconf 72' lang='lat' dir='ltr'><strong><em>tunnam.</em></strong></span> <span class='ocrx_word' id='word_1_698' title='bbox 1448 4561 1516 4614; x_wconf 79' lang='lat' dir='ltr'><strong><em>Erat</em></strong></span> <span class='ocrx_word' id='word_1_699' title='bbox 1536 4564 1626 4613; x_wconf 89' lang='lat' dir='ltr'><strong><em>autem</em></strong></span> <span class='ocrx_word' id='word_1_700' title='bbox 1640 4560 1732 4613; x_wconf 88' lang='lat' dir='ltr'><strong><em>tunica</em></strong></span> <span class='ocrx_word' id='word_1_701' title='bbox 1749 4560 1790 4613; x_wconf 90' lang='lat' dir='ltr'><strong><em>in·</em></strong></span> <span class='ocrx_word' id='word_1_702' title='bbox 1859 4598 1863 4619; x_wconf 85' lang='lat'><em>.</em></span> 
     </span>
    </p>
   </div>
   <div class='ocr_carea' id='block_1_10' title="bbox 97 4652 1817 5865">
    <p class='ocr_par' dir='ltr' id='par_1_24' title="bbox 99 4652 1792 5287">
     <span class='ocr_line' id='line_1_48' title="bbox 99 4652 1791 4726; baseline 0 -18"><span class='ocrx_word' id='word_1_703' title='bbox 99 4662 125 4708; x_wconf 80' lang='lat' dir='ltr'><strong><em>et</em></strong></span> <span class='ocrx_word' id='word_1_704' title='bbox 136 4669 310 4726; x_wconf 88' lang='lat' dir='ltr'><strong><em>purpureum</em></strong></span> <span class='ocrx_word' id='word_1_705' title='bbox 326 4655 524 4709; x_wconf 83' lang='lat' dir='ltr'><strong><em>uestimentum.</em></strong></span> <span class='ocrx_word' id='word_1_706' title='bbox 541 4656 576 4710; x_wconf 79' lang='lat' dir='ltr'><strong><em>lit</em></strong></span> <span class='ocrx_word' id='word_1_707' title='bbox 590 4653 662 4708; x_wconf 77' lang='lat' dir='ltr'><strong><em>discit</em></strong></span> <span class='ocrx_word' id='word_1_708' title='bbox 680 4655 717 4707; x_wconf 90' lang='lat' dir='ltr'><strong><em>eis</em></strong></span> <span class='ocrx_word' id='word_1_709' title='bbox 733 4671 739 4708; x_wconf 93' lang='lat'><strong>:</strong></span> <span class='ocrx_word' id='word_1_710' title='bbox 756 4655 820 4708; x_wconf 83' lang='lat' dir='ltr'><strong><em>Ecce</em></strong></span> <span class='ocrx_word' id='word_1_711' title='bbox 833 4654 919 4707; x_wconf 84' lang='lat' dir='ltr'><strong><em>bomo.</em></strong></span> <span class='ocrx_word' id='word_1_712' title='bbox 972 4652 1128 4713; x_wconf 88' lang='lat' dir='ltr'><strong><em>consutilis,</em></strong></span> <span class='ocrx_word' id='word_1_713' title='bbox 1157 4652 1272 4722; x_wconf 88' lang='lat' dir='ltr'><strong><em>desuper</em></strong></span> <span class='ocrx_word' id='word_1_714' title='bbox 1300 4657 1424 4707; x_wconf 82' lang='lat' dir='ltr'><strong><em>contecta</em></strong></span> <span class='ocrx_word' id='word_1_715' title='bbox 1449 4667 1500 4721; x_wconf 90' lang='lat' dir='ltr'><strong><em>per</em></strong></span> <span class='ocrx_word' id='word_1_716' title='bbox 1533 4656 1627 4706; x_wconf 90' lang='lat' dir='ltr'><strong><em>totum.</em></strong></span> <span class='ocrx_word' id='word_1_717' title='bbox 1658 4653 1791 4708; x_wconf 77' lang='lat' dir='ltr'><strong><em>dicerunt</em></strong></span> 
     </span>
     <span class='ocr_line' id='line_1_49' title="bbox 100 4745 1791 4819; baseline -0.001 -15"><span class='ocrx_word' id='word_1_718' title='bbox 100 4749 166 4804; x_wconf 79' lang='lat' dir='ltr'><strong><em>Cum</em></strong></span> <span class='ocrx_word' id='word_1_719' title='bbox 180 4763 243 4818; x_wconf 82' lang='lat' dir='ltr'><strong><em>erpo</em></strong></span> <span class='ocrx_word' id='word_1_720' title='bbox 255 4748 386 4804; x_wconf 84' lang='lat' dir='ltr'><strong><em>uidissent</em></strong></span> <span class='ocrx_word' id='word_1_721' title='bbox 400 4763 460 4803; x_wconf 90' lang='lat' dir='ltr'><strong><em>eum</em></strong></span> <span class='ocrx_word' id='word_1_722' title='bbox 472 4749 611 4819; x_wconf 66' lang='lat' dir='ltr'><strong><em>pontifices</em></strong></span> <span class='ocrx_word' id='word_1_723' title='bbox 626 4752 652 4802; x_wconf 93' lang='lat' dir='ltr'><strong><em>et</em></strong></span> <span class='ocrx_word' id='word_1_724' title='bbox 669 4749 801 4809; x_wconf 84' lang='lat' dir='ltr'><strong><em>ministri,</em></strong></span> <span class='ocrx_word' id='word_1_725' title='bbox 817 4747 928 4801; x_wconf 69' lang='lat' dir='ltr'><strong><em>clesma</em></strong></span> <span class='ocrx_word' id='word_1_726' title='bbox 972 4760 1034 4815; x_wconf 82' lang='lat' dir='ltr'><strong><em>erpo</em></strong></span> <span class='ocrx_word' id='word_1_727' title='bbox 1044 4745 1081 4800; x_wconf 91' lang='lat' dir='ltr'><strong><em>ad</em></strong></span> <span class='ocrx_word' id='word_1_728' title='bbox 1099 4747 1212 4800; x_wconf 74' lang='lat' dir='ltr'><strong><em>ineman</em></strong></span> <span class='ocrx_word' id='word_1_729' title='bbox 1227 4761 1234 4798; x_wconf 88' lang='lat'>:</span> <span class='ocrx_word' id='word_1_730' title='bbox 1252 4761 1304 4800; x_wconf 91' lang='lat' dir='ltr'><strong><em>non</em></strong></span> <span class='ocrx_word' id='word_1_731' title='bbox 1322 4745 1476 4800; x_wconf 85' lang='lat' dir='ltr'><strong><em>scindamus</em></strong></span> <span class='ocrx_word' id='word_1_732' title='bbox 1497 4760 1567 4808; x_wconf 89' lang='lat' dir='ltr'><strong><em>eam,</em></strong></span> <span class='ocrx_word' id='word_1_733' title='bbox 1581 4745 1629 4800; x_wconf 88' lang='lat' dir='ltr'><strong><em>sed</em></strong></span> <span class='ocrx_word' id='word_1_734' title='bbox 1642 4748 1791 4802; x_wconf 74' lang='lat' dir='ltr'><strong><em>audiamur</em></strong></span> 
     </span>
     <span class='ocr_line' id='line_1_50' title="bbox 100 4839 1788 4912; baseline -0.002 -15"><span class='ocrx_word' id='word_1_735' title='bbox 100 4843 178 4899; x_wconf 86' lang='lat' dir='ltr'><strong><em>bant.</em></strong></span> <span class='ocrx_word' id='word_1_736' title='bbox 201 4843 320 4898; x_wconf 87' lang='lat' dir='ltr'><strong><em>dieentes</em></strong></span> <span class='ocrx_word' id='word_1_737' title='bbox 346 4859 352 4896; x_wconf 91' lang='lat'>:</span> <span class='ocrx_word' id='word_1_738' title='bbox 375 4842 516 4912; x_wconf 68' lang='lat' dir='ltr'><strong><em>Grumfipe,</em></strong></span> <span class='ocrx_word' id='word_1_739' title='bbox 541 4843 666 4911; x_wconf 70' lang='lat' dir='ltr'><strong><em>mueitpe</em></strong></span> <span class='ocrx_word' id='word_1_740' title='bbox 691 4857 760 4896; x_wconf 83' lang='lat' dir='ltr'><strong><em>eccm.</em></strong></span> <span class='ocrx_word' id='word_1_741' title='bbox 787 4843 863 4896; x_wconf 76' lang='lat' dir='ltr'><strong><em>llicit</em></strong></span> <span class='ocrx_word' id='word_1_742' title='bbox 885 4843 922 4895; x_wconf 85' lang='lat' dir='ltr'><strong><em>eis</em></strong></span> <span class='ocrx_word' id='word_1_743' title='bbox 973 4839 1006 4894; x_wconf 88' lang='lat' dir='ltr'><strong><em>tie</em></strong></span> <span class='ocrx_word' id='word_1_744' title='bbox 1030 4839 1093 4902; x_wconf 87' lang='lat' dir='ltr'><strong><em>illu,</em></strong></span> <span class='ocrx_word' id='word_1_745' title='bbox 1119 4839 1196 4908; x_wconf 77' lang='lat' dir='ltr'><strong><em>cujus</em></strong></span> <span class='ocrx_word' id='word_1_746' title='bbox 1221 4841 1267 4894; x_wconf 91' lang='lat' dir='ltr'><strong><em>sit.</em></strong></span> <span class='ocrx_word' id='word_1_747' title='bbox 1298 4841 1330 4895; x_wconf 87' lang='lat' dir='ltr'><strong><em>llt</em></strong></span> <span class='ocrx_word' id='word_1_748' title='bbox 1354 4841 1495 4910; x_wconf 85' lang='lat' dir='ltr'><strong><em>Scriptura</em></strong></span> <span class='ocrx_word' id='word_1_749' title='bbox 1522 4839 1680 4911; x_wconf 82' lang='lat' dir='ltr'><strong><em>impleretur</em></strong></span> <span class='ocrx_word' id='word_1_750' title='bbox 1706 4841 1788 4910; x_wconf 78' lang='lat' dir='ltr'><strong><em>(Psoi.</em></strong></span> 
     </span>
     <span class='ocr_line' id='line_1_51' title="bbox 99 4930 1788 5006; baseline -0.002 -14"><span class='ocrx_word' id='word_1_751' title='bbox 99 4937 208 4992; x_wconf 88' lang='lat' dir='ltr'><strong><em>Pilatus</em></strong></span> <span class='ocrx_word' id='word_1_752' title='bbox 229 4953 236 4990; x_wconf 74' lang='grc' dir='ltr'><strong><em>τ</em></strong></span> <span class='ocrx_word' id='word_1_753' title='bbox 258 4937 379 5006; x_wconf 79' lang='lat' dir='ltr'><strong><em>Accipite</em></strong></span> <span class='ocrx_word' id='word_1_754' title='bbox 400 4951 460 4990; x_wconf 90' lang='lat' dir='ltr'><strong><em>eum</em></strong></span> <span class='ocrx_word' id='word_1_755' title='bbox 480 4950 525 4991; x_wconf 84' lang='lat' dir='ltr'><strong><em>uos</em></strong></span> <span class='ocrx_word' id='word_1_756' title='bbox 546 4941 572 4990; x_wconf 91' lang='lat' dir='ltr'><strong><em>et</em></strong></span> <span class='ocrx_word' id='word_1_757' title='bbox 596 4937 756 5004; x_wconf 73' lang='lat' dir='ltr'><strong><em>erumfipites</em></strong></span> <span class='ocrx_word' id='word_1_758' title='bbox 780 4950 827 5004; x_wconf 84' lang='lat' dir='ltr'><strong><em>epa</em></strong></span> <span class='ocrx_word' id='word_1_759' title='bbox 851 4935 922 4989; x_wconf 89' lang='lat' dir='ltr'><strong><em>enim</em></strong></span> <span class='ocrx_word' id='word_1_760' title='bbox 972 4948 1026 4991; x_wconf 86' lang='grc' dir='ltr'>ιιι.</span> <span class='ocrx_word' id='word_1_761' title='bbox 1044 4930 1098 5002; x_wconf 78' lang='lat' dir='ltr'><strong><em>la),</em></strong></span> <span class='ocrx_word' id='word_1_762' title='bbox 1112 4931 1203 4987; x_wconf 81' lang='lat' dir='ltr'><strong><em>alama</em></strong></span> <span class='ocrx_word' id='word_1_763' title='bbox 1218 4949 1225 4986; x_wconf 78' lang='lat' dir='ltr'><strong><em>t</em></strong></span> <span class='ocrx_word' id='word_1_764' title='bbox 1240 4933 1342 4988; x_wconf 85' lang='lat' dir='ltr'><strong><em>Partiti</em></strong></span> <span class='ocrx_word' id='word_1_765' title='bbox 1359 4937 1424 4988; x_wconf 86' lang='lat' dir='ltr'><strong><em>sunt</em></strong></span> <span class='ocrx_word' id='word_1_766' title='bbox 1436 4934 1595 4989; x_wconf 69' lang='lat' dir='ltr'><strong><em>resumentes</em></strong></span> <span class='ocrx_word' id='word_1_767' title='bbox 1610 4948 1670 4989; x_wconf 91' lang='lat' dir='ltr'><strong><em>mea</em></strong></span> <span class='ocrx_word' id='word_1_768' title='bbox 1683 4934 1745 4998; x_wconf 89' lang='lat' dir='ltr'><strong><em>sibi,</em></strong></span> <span class='ocrx_word' id='word_1_769' title='bbox 1763 4941 1788 4989; x_wconf 91' lang='lat' dir='ltr'><strong><em>et</em></strong></span> 
     </span>
     <span class='ocr_line' id='line_1_52' title="bbox 99 5027 1789 5100; baseline -0.002 -14"><span class='ocrx_word' id='word_1_770' title='bbox 99 5047 152 5086; x_wconf 90' lang='lat' dir='ltr'><strong><em>non</em></strong></span> <span class='ocrx_word' id='word_1_771' title='bbox 166 5031 273 5086; x_wconf 82' lang='lat' dir='ltr'><strong><em>inuenio</em></strong></span> <span class='ocrx_word' id='word_1_772' title='bbox 287 5044 399 5084; x_wconf 87' lang='lat' dir='ltr'><strong><em>causam</em></strong></span> <span class='ocrx_word' id='word_1_773' title='bbox 417 5031 445 5083; x_wconf 90' lang='lat' dir='ltr'><strong><em>in</em></strong></span> <span class='ocrx_word' id='word_1_774' title='bbox 462 5045 500 5085; x_wconf 91' lang='lat' dir='ltr'><strong><em>ea.</em></strong></span> <span class='ocrx_word' id='word_1_775' title='bbox 519 5028 724 5100; x_wconf 80' lang='lat' dir='ltr'><strong><em>Responderunt</em></strong></span> <span class='ocrx_word' id='word_1_776' title='bbox 741 5028 831 5088; x_wconf 73' lang='lat' dir='ltr'><strong><em>tadei</em></strong></span> <span class='ocrx_word' id='word_1_777' title='bbox 846 5044 852 5082; x_wconf 91' lang='lat'>:</span> <span class='ocrx_word' id='word_1_778' title='bbox 867 5029 922 5082; x_wconf 84' lang='lat' dir='ltr'><strong><em>llos</em></strong></span> <span class='ocrx_word' id='word_1_779' title='bbox 972 5028 1110 5082; x_wconf 88' lang='lat' dir='ltr'><strong><em>inuestem</em></strong></span> <span class='ocrx_word' id='word_1_780' title='bbox 1119 5042 1205 5082; x_wconf 91' lang='lat' dir='ltr'><strong><em>meam</em></strong></span> <span class='ocrx_word' id='word_1_781' title='bbox 1213 5028 1452 5082; x_wconf 89' lang='lat' dir='ltr'><strong><em>miseruntsortem</em></strong></span> <span class='ocrx_word' id='word_1_782' title='bbox 1463 5027 1584 5097; x_wconf 72' lang='lat' dir='ltr'><strong><em>(Malli,</em></strong></span> <span class='ocrx_word' id='word_1_783' title='bbox 1596 5044 1681 5091; x_wconf 62' lang='lat' dir='ltr'><strong><em>xxsrn,</em></strong></span> <span class='ocrx_word' id='word_1_784' title='bbox 1693 5029 1789 5098; x_wconf 67' lang='lat' dir='ltr'><strong><em>stan</em></strong></span> 
     </span>
     <span class='ocr_line' id='line_1_53' title="bbox 99 5121 1792 5195; baseline -0.001 -16"><span class='ocrx_word' id='word_1_785' title='bbox 99 5125 184 5195; x_wconf 66' lang='lat' dir='ltr'><strong><em>mperes</em></strong></span> <span class='ocrx_word' id='word_1_786' title='bbox 200 5124 330 5179; x_wconf 82' lang='lat' dir='ltr'><strong><em>babemus</em></strong></span> <span class='ocrx_word' id='word_1_787' title='bbox 348 5127 374 5177; x_wconf 92' lang='lat' dir='ltr'><strong><em>et</em></strong></span> <span class='ocrx_word' id='word_1_788' title='bbox 394 5123 541 5178; x_wconf 82' lang='lat' dir='ltr'><strong><em>secuiedum</em></strong></span> <span class='ocrx_word' id='word_1_789' title='bbox 560 5123 643 5191; x_wconf 86' lang='lat' dir='ltr'><strong><em>lepem</em></strong></span> <span class='ocrx_word' id='word_1_790' title='bbox 661 5121 738 5176; x_wconf 86' lang='lat' dir='ltr'><strong><em>debet</em></strong></span> <span class='ocrx_word' id='word_1_791' title='bbox 756 5123 835 5184; x_wconf 86' lang='lat' dir='ltr'><strong><em>mori,</em></strong></span> <span class='ocrx_word' id='word_1_792' title='bbox 856 5122 922 5191; x_wconf 78' lang='lat' dir='ltr'><strong><em>quie</em></strong></span> <span class='ocrx_word' id='word_1_793' title='bbox 973 5129 1069 5181; x_wconf 74' lang='lat' dir='ltr'><strong><em>alara,</em></strong></span> <span class='ocrx_word' id='word_1_794' title='bbox 1094 5136 1138 5183; x_wconf 84' lang='lat' dir='ltr'><strong><em>xv,</em></strong></span> <span class='ocrx_word' id='word_1_795' title='bbox 1163 5122 1265 5187; x_wconf 57' lang='lat' dir='ltr'><strong><em>titis</em></strong></span> <span class='ocrx_word' id='word_1_796' title='bbox 1294 5123 1368 5188; x_wconf 68' lang='lat' dir='ltr'><strong><em>Luc„</em></strong></span> <span class='ocrx_word' id='word_1_797' title='bbox 1396 5137 1474 5186; x_wconf 81' lang='lat' dir='ltr'><strong><em>xxiii,</em></strong></span> <span class='ocrx_word' id='word_1_798' title='bbox 1497 5123 1593 5187; x_wconf 80' lang='lat'><strong>33·³8;</strong></span> <span class='ocrx_word' id='word_1_799' title='bbox 1618 5129 1710 5183; x_wconf 80' lang='lat' dir='ltr'><strong><em>loon,</em></strong></span> <span class='ocrx_word' id='word_1_800' title='bbox 1737 5123 1792 5187; x_wconf 83' lang='lat' dir='ltr'><strong><em>xix,</em></strong></span> 
     </span>
     <span class='ocr_line' id='line_1_54' title="bbox 99 5214 1083 5287; baseline -0.007 -12"><span class='ocrx_word' id='word_1_801' title='bbox 99 5218 199 5275; x_wconf 76' lang='lat' dir='ltr'><strong><em>Filium</em></strong></span> <span class='ocrx_word' id='word_1_802' title='bbox 217 5218 266 5274; x_wconf 75' lang='lat' dir='ltr'><strong><em>liei</em></strong></span> <span class='ocrx_word' id='word_1_803' title='bbox 284 5232 312 5272; x_wconf 87' lang='lat' dir='ltr'><strong><em>se</em></strong></span> <span class='ocrx_word' id='word_1_804' title='bbox 330 5218 406 5284; x_wconf 76' lang='lat' dir='ltr'><strong><em>tecit.</em></strong></span> <span class='ocrx_word' id='word_1_805' title='bbox 425 5216 491 5272; x_wconf 81' lang='lat' dir='ltr'><strong><em>Cum</em></strong></span> <span class='ocrx_word' id='word_1_806' title='bbox 508 5232 570 5287; x_wconf 88' lang='lat' dir='ltr'><strong><em>erpa</em></strong></span> <span class='ocrx_word' id='word_1_807' title='bbox 589 5216 711 5272; x_wconf 67' lang='lat' dir='ltr'><strong><em>andaset</em></strong></span> <span class='ocrx_word' id='word_1_808' title='bbox 729 5216 834 5271; x_wconf 88' lang='lat' dir='ltr'><strong><em>Pilatus</em></strong></span> <span class='ocrx_word' id='word_1_809' title='bbox 851 5214 923 5269; x_wconf 83' lang='lat' dir='ltr'><strong><em>bunc</em></strong></span> <span class='ocrx_word' id='word_1_810' title='bbox 974 5214 1083 5283; x_wconf 64' lang='lat' dir='ltr'><strong><em>asel).</em></strong></span> 
     </span>
    </p>

    <p class='ocr_par' dir='ltr' id='par_1_25' title="bbox 97 5306 1796 5760">
     <span class='ocr_line' id='line_1_55' title="bbox 97 5306 1791 5384; baseline -0.001 -16"><span class='ocrx_word' id='word_1_811' title='bbox 97 5327 257 5375; x_wconf 71' lang='lat' dir='ltr'><strong><em>mmmmm,</em></strong></span> <span class='ocrx_word' id='word_1_812' title='bbox 276 5313 362 5381; x_wconf 63' lang='lat' dir='ltr'><strong><em>mame</em></strong></span> <span class='ocrx_word' id='word_1_813' title='bbox 382 5313 482 5368; x_wconf 86' lang='lat' dir='ltr'><strong><em>tirnuit.</em></strong></span> <span class='ocrx_word' id='word_1_814' title='bbox 499 5313 535 5367; x_wconf 85' lang='lat' dir='ltr'><strong><em>Et</em></strong></span> <span class='ocrx_word' id='word_1_815' title='bbox 553 5313 688 5380; x_wconf 82' lang='lat' dir='ltr'><strong><em>inpressas</em></strong></span> <span class='ocrx_word' id='word_1_816' title='bbox 707 5315 746 5366; x_wconf 90' lang='lat' dir='ltr'><strong><em>est</em></strong></span> <span class='ocrx_word' id='word_1_817' title='bbox 763 5310 923 5380; x_wconf 78' lang='lat' dir='ltr'><strong><em>praetorium</em></strong></span> <span class='ocrx_word' id='word_1_818' title='bbox 1010 5306 1153 5379; x_wconf 87' lang='lat' dir='ltr'><strong><em>Principes</em></strong></span> <span class='ocrx_word' id='word_1_819' title='bbox 1167 5313 1195 5361; x_wconf 88' lang='lat' dir='ltr'><strong><em>et</em></strong></span> <span class='ocrx_word' id='word_1_820' title='bbox 1212 5307 1317 5364; x_wconf 75' lang='lat' dir='ltr'><strong><em>Scriba</em></strong></span> <span class='ocrx_word' id='word_1_821' title='bbox 1330 5308 1506 5380; x_wconf 85' lang='lat' dir='ltr'><strong><em>pandentem</em></strong></span> <span class='ocrx_word' id='word_1_822' title='bbox 1519 5310 1547 5365; x_wconf 90' lang='lat' dir='ltr'><strong><em>in</em></strong></span> <span class='ocrx_word' id='word_1_823' title='bbox 1563 5327 1646 5366; x_wconf 83' lang='lat' dir='ltr'><strong><em>cresce</em></strong></span> <span class='ocrx_word' id='word_1_824' title='bbox 1657 5311 1791 5384; x_wconf 84' lang='lat' dir='ltr'><strong><em>blaspha-</em></strong></span> 
     </span>
     <span class='ocr_line' id='line_1_56' title="bbox 98 5401 1794 5476; baseline -0.001 -13"><span class='ocrx_word' id='word_1_825' title='bbox 98 5410 209 5471; x_wconf 83' lang='lat' dir='ltr'><strong><em>iterum,</em></strong></span> <span class='ocrx_word' id='word_1_826' title='bbox 224 5412 251 5462; x_wconf 89' lang='lat' dir='ltr'><strong><em>et</em></strong></span> <span class='ocrx_word' id='word_1_827' title='bbox 265 5406 337 5462; x_wconf 69' lang='lat' dir='ltr'><strong><em>discit</em></strong></span> <span class='ocrx_word' id='word_1_828' title='bbox 358 5406 395 5462; x_wconf 87' lang='lat' dir='ltr'><strong><em>ud</em></strong></span> <span class='ocrx_word' id='word_1_829' title='bbox 408 5417 521 5465; x_wconf 76' lang='lat' dir='ltr'><strong><em>temne:</em></strong></span> <span class='ocrx_word' id='word_1_830' title='bbox 540 5405 615 5461; x_wconf 86' lang='lat' dir='ltr'><strong><em>Unde</em></strong></span> <span class='ocrx_word' id='word_1_831' title='bbox 633 5420 660 5460; x_wconf 89' lang='lat' dir='ltr'><strong><em>es</em></strong></span> <span class='ocrx_word' id='word_1_832' title='bbox 676 5405 726 5459; x_wconf 86' lang='lat' dir='ltr'><strong><em>tu?</em></strong></span> <span class='ocrx_word' id='word_1_833' title='bbox 742 5412 820 5462; x_wconf 85' lang='lat' dir='ltr'><strong><em>lesus</em></strong></span> <span class='ocrx_word' id='word_1_834' title='bbox 835 5406 923 5457; x_wconf 87' lang='lat' dir='ltr'><strong><em>autem</em></strong></span> <span class='ocrx_word' id='word_1_835' title='bbox 975 5401 1102 5466; x_wconf 86' lang='lat' dir='ltr'><strong><em>mebant,</em></strong></span> <span class='ocrx_word' id='word_1_836' title='bbox 1117 5406 1145 5455; x_wconf 87' lang='lat' dir='ltr'><strong><em>at</em></strong></span> <span class='ocrx_word' id='word_1_837' title='bbox 1156 5407 1305 5456; x_wconf 83' lang='lat' dir='ltr'><strong><em>moventes</em></strong></span> <span class='ocrx_word' id='word_1_838' title='bbox 1318 5401 1410 5473; x_wconf 88' lang='lat' dir='ltr'><strong><em>capita</em></strong></span> <span class='ocrx_word' id='word_1_839' title='bbox 1424 5403 1618 5458; x_wconf 87' lang='lat' dir='ltr'><strong><em>suadicebanl</em></strong></span> <span class='ocrx_word' id='word_1_840' title='bbox 1634 5423 1639 5458; x_wconf 95' lang='lat'><strong>:</strong></span> <span class='ocrx_word' id='word_1_841' title='bbox 1656 5406 1794 5476; x_wconf 64' lang='lat' dir='ltr'><strong><em>vicitque·</em></strong></span> 
     </span>
     <span class='ocr_line' id='line_1_57' title="bbox 98 5495 1793 5574; baseline -0.001 -16"><span class='ocrx_word' id='word_1_842' title='bbox 98 5514 258 5574; x_wconf 66' lang='lat' dir='ltr'><strong><em>respersum</em></strong></span> <span class='ocrx_word' id='word_1_843' title='bbox 275 5516 330 5556; x_wconf 93' lang='lat' dir='ltr'><strong><em>non</em></strong></span> <span class='ocrx_word' id='word_1_844' title='bbox 346 5500 422 5556; x_wconf 87' lang='lat' dir='ltr'><strong><em>dedit</em></strong></span> <span class='ocrx_word' id='word_1_845' title='bbox 440 5501 492 5555; x_wconf 90' lang='lat' dir='ltr'><strong><em>illi.</em></strong></span> <span class='ocrx_word' id='word_1_846' title='bbox 509 5501 579 5555; x_wconf 79' lang='lat' dir='ltr'><strong><em>llicit</em></strong></span> <span class='ocrx_word' id='word_1_847' title='bbox 593 5514 655 5568; x_wconf 78' lang='lat' dir='ltr'><strong><em>erpo</em></strong></span> <span class='ocrx_word' id='word_1_848' title='bbox 672 5499 698 5553; x_wconf 86' lang='lat' dir='ltr'><strong><em>ei</em></strong></span> <span class='ocrx_word' id='word_1_849' title='bbox 714 5498 840 5553; x_wconf 89' lang='lat' dir='ltr'><strong><em>Pilatus:</em></strong></span> <span class='ocrx_word' id='word_1_850' title='bbox 856 5498 926 5552; x_wconf 81' lang='lat' dir='ltr'><strong><em>blilii</em></strong></span> <span class='ocrx_word' id='word_1_851' title='bbox 974 5495 1091 5550; x_wconf 80' lang='lat' dir='ltr'><strong><em>destnu&#39;s</em></strong></span> <span class='ocrx_word' id='word_1_852' title='bbox 1113 5495 1243 5566; x_wconf 90' lang='lat' dir='ltr'><strong><em>templum</em></strong></span> <span class='ocrx_word' id='word_1_853' title='bbox 1259 5497 1317 5557; x_wconf 80' lang='lat' dir='ltr'><strong><em>ltei,</em></strong></span> <span class='ocrx_word' id='word_1_854' title='bbox 1332 5503 1358 5550; x_wconf 91' lang='lat' dir='ltr'><strong><em>et</em></strong></span> <span class='ocrx_word' id='word_1_855' title='bbox 1379 5497 1408 5550; x_wconf 90' lang='lat' dir='ltr'><strong><em>in</em></strong></span> <span class='ocrx_word' id='word_1_856' title='bbox 1428 5497 1520 5553; x_wconf 81' lang='lat' dir='ltr'><strong><em>tridceo</em></strong></span> <span class='ocrx_word' id='word_1_857' title='bbox 1544 5499 1616 5553; x_wconf 89' lang='lat' dir='ltr'><strong><em>illud</em></strong></span> <span class='ocrx_word' id='word_1_858' title='bbox 1635 5499 1793 5570; x_wconf 58' lang='lat' dir='ltr'><strong><em>reaedificas.</em></strong></span> 
     </span>
     <span class='ocr_line' id='line_1_58' title="bbox 99 5588 1796 5666; baseline -0.003 -15"><span class='ocrx_word' id='word_1_859' title='bbox 99 5611 153 5652; x_wconf 88' lang='lat' dir='ltr'><strong><em>nan</em></strong></span> <span class='ocrx_word' id='word_1_860' title='bbox 179 5595 318 5666; x_wconf 58' lang='lat' dir='ltr'><strong><em>loquere?</em></strong></span> <span class='ocrx_word' id='word_1_861' title='bbox 339 5596 429 5650; x_wconf 89' lang='lat' dir='ltr'><strong><em>Nescis</em></strong></span> <span class='ocrx_word' id='word_1_862' title='bbox 454 5595 521 5664; x_wconf 81' lang='lat' dir='ltr'><strong><em>quiec</em></strong></span> <span class='ocrx_word' id='word_1_863' title='bbox 546 5597 705 5664; x_wconf 87' lang='lat' dir='ltr'><strong><em>patestatem</em></strong></span> <span class='ocrx_word' id='word_1_864' title='bbox 728 5591 810 5647; x_wconf 84' lang='lat' dir='ltr'><strong><em>labeo</em></strong></span> <span class='ocrx_word' id='word_1_865' title='bbox 836 5592 923 5646; x_wconf 77' lang='lat' dir='ltr'><strong><em>muci·</em></strong></span> <span class='ocrx_word' id='word_1_866' title='bbox 975 5588 1059 5644; x_wconf 87' lang='lat' dir='ltr'><strong><em>Salva</em></strong></span> <span class='ocrx_word' id='word_1_867' title='bbox 1079 5592 1256 5659; x_wconf 71' lang='lat' dir='ltr'><strong><em>temetipsam.</em></strong></span> <span class='ocrx_word' id='word_1_868' title='bbox 1270 5591 1301 5646; x_wconf 90' lang='lat' dir='ltr'><strong><em>Si</em></strong></span> <span class='ocrx_word' id='word_1_869' title='bbox 1318 5590 1402 5645; x_wconf 83' lang='lat' dir='ltr'><strong><em>Pilius</em></strong></span> <span class='ocrx_word' id='word_1_870' title='bbox 1420 5593 1467 5646; x_wconf 77' lang='lat' dir='ltr'><strong><em>liei</em></strong></span> <span class='ocrx_word' id='word_1_871' title='bbox 1478 5607 1513 5652; x_wconf 90' lang='lat' dir='ltr'><strong><em>es,</em></strong></span> <span class='ocrx_word' id='word_1_872' title='bbox 1530 5592 1659 5647; x_wconf 86' lang='lat' dir='ltr'><strong><em>descende</em></strong></span> <span class='ocrx_word' id='word_1_873' title='bbox 1672 5593 1704 5649; x_wconf 86' lang='lat' dir='ltr'><strong><em>ele</em></strong></span> <span class='ocrx_word' id='word_1_874' title='bbox 1718 5611 1796 5649; x_wconf 78' lang='lat' dir='ltr'><strong><em>crum</em></strong></span> 
     </span>
     <span class='ocr_line' id='line_1_59' title="bbox 97 5683 1555 5760; baseline -0.003 -14"><span class='ocrx_word' id='word_1_875' title='bbox 97 5693 184 5760; x_wconf 70' lang='lat' dir='ltr'><strong><em>tpere</em></strong></span> <span class='ocrx_word' id='word_1_876' title='bbox 198 5694 234 5752; x_wconf 89' lang='lat' dir='ltr'><strong><em>te,</em></strong></span> <span class='ocrx_word' id='word_1_877' title='bbox 249 5692 276 5744; x_wconf 87' lang='lat' dir='ltr'><strong><em>et</em></strong></span> <span class='ocrx_word' id='word_1_878' title='bbox 284 5693 448 5759; x_wconf 91' lang='lat' dir='ltr'><strong><em>potestatem</em></strong></span> <span class='ocrx_word' id='word_1_879' title='bbox 467 5687 549 5741; x_wconf 81' lang='lat' dir='ltr'><strong><em>lateo</em></strong></span> <span class='ocrx_word' id='word_1_880' title='bbox 567 5686 703 5742; x_wconf 86' lang='lat' dir='ltr'><strong><em>dimittere</em></strong></span> <span class='ocrx_word' id='word_1_881' title='bbox 717 5687 763 5741; x_wconf 86' lang='lat' dir='ltr'><strong><em>le?</em></strong></span> <span class='ocrx_word' id='word_1_882' title='bbox 776 5684 925 5756; x_wconf 78' lang='lat' dir='ltr'><strong><em>Respondit</em></strong></span> <span class='ocrx_word' id='word_1_883' title='bbox 976 5683 1097 5751; x_wconf 67' lang='lat' dir='ltr'><strong><em>luceat„</em></strong></span> <span class='ocrx_word' id='word_1_884' title='bbox 1119 5698 1203 5751; x_wconf 83' lang='lat' dir='ltr'><strong><em>xrrre,</em></strong></span> <span class='ocrx_word' id='word_1_885' title='bbox 1218 5683 1269 5748; x_wconf 82' lang='lat' dir='ltr'><strong><em>i0;</em></strong></span> <span class='ocrx_word' id='word_1_886' title='bbox 1284 5689 1381 5749; x_wconf 70' lang='lat' dir='ltr'><strong><em>letare,</em></strong></span> <span class='ocrx_word' id='word_1_887' title='bbox 1395 5700 1439 5750; x_wconf 78' lang='lat' dir='ltr'><strong><em>xv,</em></strong></span> <span class='ocrx_word' id='word_1_888' title='bbox 1452 5685 1555 5751; x_wconf 75' lang='lat' dir='ltr'><strong><em>tlt-tol.</em></strong></span> 
     </span>
    </p>

    <p class='ocr_par' dir='ltr' id='par_1_26' title="bbox 97 5776 1817 5865">
     <span class='ocr_line' id='line_1_60' title="bbox 97 5776 1817 5865; baseline -0.003 -25"><span class='ocrx_word' id='word_1_889' title='bbox 97 5797 178 5847; x_wconf 76' lang='lat' dir='ltr'><strong><em>rmus</em></strong></span> <span class='ocrx_word' id='word_1_890' title='bbox 196 5798 204 5839; x_wconf 75' lang='grc' dir='ltr'>ι</span> <span class='ocrx_word' id='word_1_891' title='bbox 225 5776 286 5843; x_wconf 78' lang='lat' dir='ltr'><strong><em>tlon</em></strong></span> <span class='ocrx_word' id='word_1_892' title='bbox 307 5782 416 5839; x_wconf 74' lang='lat' dir='ltr'><strong><em>tabern</em></strong></span> <span class='ocrx_word' id='word_1_893' title='bbox 431 5787 593 5855; x_wconf 83' lang='lat' dir='ltr'><strong><em>potestatem</em></strong></span> <span class='ocrx_word' id='word_1_894' title='bbox 614 5780 755 5836; x_wconf 72' lang='lat' dir='ltr'><strong><em>eedererseem</em></strong></span> <span class='ocrx_word' id='word_1_895' title='bbox 774 5794 816 5836; x_wconf 91' lang='lat' dir='ltr'><strong><em>me</em></strong></span> <span class='ocrx_word' id='word_1_896' title='bbox 837 5779 923 5837; x_wconf 89' lang='lat' dir='ltr'><strong><em>ultam</em></strong></span> <span class='ocrx_word' id='word_1_897' title='bbox 1011 5777 1207 5851; x_wconf 86' lang='lat' dir='ltr'><strong><em>Unusautem,</em></strong></span> <span class='ocrx_word' id='word_1_898' title='bbox 1221 5776 1384 5844; x_wconf 76' lang='lat' dir='ltr'><strong><em>secundnm</em></strong></span> <span class='ocrx_word' id='word_1_899' title='bbox 1399 5778 1527 5851; x_wconf 69' lang='lat' dir='ltr'><strong><em>bucam,</em></strong></span> <span class='ocrx_word' id='word_1_900' title='bbox 1538 5778 1577 5837; x_wconf 72' lang='lat' dir='ltr'><strong><em>da</em></strong></span> <span class='ocrx_word' id='word_1_901' title='bbox 1591 5779 1645 5837; x_wconf 72' lang='lat' dir='ltr'><strong><em>tiss</em></strong></span> <span class='ocrx_word' id='word_1_902' title='bbox 1661 5779 1718 5865; x_wconf 59' lang='lat' dir='ltr'><strong><em>aar</em></strong></span> <span class='ocrx_word' id='word_1_903' title='bbox 1732 5795 1817 5852; x_wconf 46' lang='lat' dir='ltr'><strong><em>aasz</em></strong></span> 
     </span>
    </p>
   </div>
   <div class='ocr_carea' id='block_1_11' title="bbox 0 0 1880 6046">
    <p class='ocr_par' dir='ltr' id='par_1_27' title="bbox 0 0 1880 6046">
     <span class='ocr_line' id='line_1_61' title="bbox 0 0 1880 6046; baseline 0 0"><span class='ocrx_word' id='word_1_904' title='bbox 0 0 1880 6046; x_wconf 95' lang='lat' dir='ltr'><strong><em> </em></strong></span> 
     </span>
    </p>
   </div>
   <div class='ocr_carea' id='block_1_12' title="bbox 1851 5934 1868 5981">
    <p class='ocr_par' dir='ltr' id='par_1_28' title="bbox 1851 5934 1868 5981">
     <span class='ocr_line' id='line_1_62' title="bbox 1851 5934 1868 5981; baseline 0 0"><span class='ocrx_word' id='word_1_905' title='bbox 1851 5934 1868 5981; x_wconf 73' lang='lat' dir='ltr'><strong><em>i</em></strong></span> 
     </span>
    </p>
   </div>
  </div>
 </body>
</html>
