3750 6046
56 206 134 267 {att

816 192 980 262 trottltts'.

1647 219 1650 227 '
1670 203 1739 265 1318

53 338 262 408 superterram
277 334 349 406 ejus,
363 334 393 390 in
407 333 524 391 introitu
541 349 600 390 nou
613 348 792 406 comparens,
805 338 834 389 et
846 333 875 388 in
886 345 916 419 Α
927 328 1116 397 dilectionem,
1134 327 1281 385 insinuans
1302 327 1352 385 tihi
1373 328 1473 387 intima
1494 332 1659 403 aspersione
1678 351 1741 392 ver·

54 429 136 485 exitu
144 429 278 501 prodiens
291 430 452 484 manifeste.
467 432 538 485 Sunt
547 429 581 484 ad
592 429 653 483 haec
663 433 750 484 tantae
763 427 804 483 rci
814 427 876 483 aliae

54 522 270 578 similitudines.
287 523 440 579 Enimvero
453 526 484 576 ut
495 522 609 577 claritas
619 521 686 577 solis
699 521 804 576 vitrum
816 521 877 575 abs-

54 631 115 688 que
127 616 243 671 laesione
258 619 407 688 penetrat,
422 619 452 671 et
464 619 497 671 ut
519 615 613 671 radius
635 615 786 671 oculorum
802 619 877 670 tran·

52 710 147 782 quilto
157 715 185 766 et
197 710 273 765 claro
288 710 393 781 liquori
406 711 467 765 sine
481 709 618 765 scissione
630 712 659 764 ct
673 708 811 764 divisione
825 707 875 763 im-

53 803 209 875 mergitur.
220 808 251 857 ut
259 804 390 875 usquead
401 803 524 858 fundum
534 803 669 857 universa
679 801 802 857 rimetur
813 817 821 856 ι
837 800 877 856 sic

55 895 108 950 Dei
122 888 246 951 Verbum
267 896 336 950 adiit
358 896 520 967 virgineum
540 896 746 960 habitaculum,
766 894 876 949 atinde

53 988 156 1060 prodit
167 988 261 1043 clauso
272 988 391 1060 virginis
401 992 493 1044 utero.
505 988 618 1060 Quippe
626 988 676 1059 qui
688 987 772 1043 facilc
783 992 878 1059 posset

53 1086 140 1137 extra
154 1082 293 1153 virginem
303 1098 405 1153 corpus
416 1098 515 1138 creare
523 1083 558 1137 de
572 1082 671 1149 nihilo,
688 1081 770 1137 facile
784 1080 878 1152 potuit

54 1191 161 1246 corpus
174 1181 322 1247 acceptum
338 1176 372 1231 de
388 1176 507 1247 uirgine,
524 1180 606 1230 extra
620 1174 682 1230 sine
695 1175 791 1230 cernis
804 1175 875 1229 scis·

54 1268 291 1341 sionetrajiccre.
306 1269 401 1341 Neque
413 1270 489 1324 enim
506 1269 563 1340 legi
574 1271 685 1324 naturae
696 1285 726 1323 se
740 1267 875 1336 subdidit,

55 1361 111 1417 sed
126 1362 223 1433 legem
238 1366 350 1417 naturae
365 1361 493 1417 subdidit
509 1362 571 1417 sibi.

95 1456 166 1510 Ecce
191 1455 316 1509 diximus
339 1456 461 1526 qualiter
486 1455 665 1511 descenderit
679 1455 875 1511 lleiVerbum.

926 423 996 480 bum
1019 423 1139 495 honum,
1160 422 1279 478 verbum
1301 425 1420 495 planum
1441 427 1694 498 congratulationis
1715 435 1744 485 et

925 516 1133 583 admirationis,
1146 517 1264 588 plenum
1283 518 1405 589 consilii,
1420 520 1538 591 plenum
1557 521 1664 592 gaudii,
1681 523 1740 594 ple·

926 626 997 665 num
1011 610 1118 665 salutis.

962 703 1080 774 Spiritru
1097 708 1208 759 sanctus
1228 706 1396 774 superveniet
1413 707 1443 760 ia
1464 711 1498 776 ta,
1515 711 1546 763 nt
1560 724 1578 762 a
1592 711 1668 763 tactu
1683 709 1745 780 ejus

926 799 1025 852 venter
1045 799 1111 851 tuus
1131 797 1345 868 contremiscat,
1363 802 1462 854 uterus
1475 799 1656 870 intumescat,
1673 818 1744 874 geu·

927 889 991 945 daat
1015 890 1140 958 animus,
1166 890 1267 947 tloreat
1291 891 1380 947 alvus.
1403 893 1501 961 blacta,
1527 893 1555 949 id
1582 897 1627 949 est
1653 896 1745 969 magis

926 986 1018 1051 aucta,
1035 1000 1100 1056 quae
1117 987 1197 1039 tanta
1217 983 1355 1041 suavitate
1374 986 1540 1057 perfrueris,
1561 990 1621 1043 tam
1638 990 1744 1046 coelesti

927 1077 1024 1133 osculo
1048 1077 1222 1149 dignaberis,
1244 1078 1292 1133 tuli
1317 1095 1420 1149 sponso
1441 1080 1636 1154 conjungeris,
1658 1098 1676 1137 a
1696 1082 1745 1139 tali

927 1171 1031 1227 marito
1050 1171 1258 1227 fecundaberis.
1275 1174 1394 1243 Spiritus
1408 1180 1519 1230 sanctus
1532 1178 1700 1247 superveniet
1714 1179 1745 1234 io

928 1271 962 1320 te.
980 1265 1011 1319 ln
1026 1265 1097 1320 alios
1111 1268 1273 1320 sanctorum
1290 1266 1379 1334 venit,
1394 1266 1423 1322 iu
1442 1268 1513 1324 alios
1528 1269 1632 1340 veniet,
1649 1270 1699 1327 sed
1715 1271 1745 1327 in

928 1361 955 1414 te
976 1358 1168 1429 superveniet,
1183 1358 1249 1430 quia
1265 1375 1324 1431 prae
1339 1360 1474 1417 omnibus
1491 1367 1519 1417 et
1539 1379 1626 1434 super
1644 1379 1745 1420 omues

926 1451 1014 1523 elegit
1031 1457 1070 1520 te,
1087 1457 1119 1507 ut
1136 1467 1252 1524 superes
1271 1452 1428 1524 rmiuersos,
1449 1455 1497 1527 qui
1518 1462 1584 1512 ante
1603 1463 1631 1512 te
1654 1458 1745 1530 tuere,

56 1547 114 1603 Ubi
127 1564 250 1621 namque
263 1548 452 1617 descenderit,
468 1548 555 1604 simili
579 1548 667 1604 modo
692 1549 876 1605 manifestum
926 1546 968 1600 vel
983 1550 1047 1617 post
1062 1548 1091 1601 te
1101 1546 1189 1601 luturi
1203 1548 1278 1617 sunt,
1294 1547 1474 1617 plenitudine
1488 1549 1600 1620 gratiae.
1615 1551 1746 1623 implevit

57 1646 113 1709 est,
127 1642 192 1714 quia
201 1642 345 1698 descendit
367 1642 396 1697 in
407 1648 522 1697 uterum
533 1642 666 1714 Virginis,
685 1649 798 1699 uterum
822 1643 879 1697 im·
928 1638 1045 1710 quidem
1059 1638 1129 1695 Abel
1143 1642 1221 1695 tants
1234 1639 1408 1709 innocentia,
1419 1646 1451 1697 ut
1462 1642 1598 1698 innocens
1612 1645 1745 1701 manibus

54 1735 211 1807 pollutum,
219 1735 445 1804 immaculatum,
459 1740 656 1792 consecratum
666 1752 754 1792 manu
768 1735 916 1808 unctio-B
928 1736 957 1788 et
978 1732 1057 1787 mitis
1076 1733 1172 1802 eorde,
1192 1732 1227 1787 dc
1249 1749 1337 1788 mann
1357 1734 1453 1790 fratris
1471 1752 1569 1792 necem
1591 1738 1748 1808 susciperet
1860 1776 1866 1797 .

58 1829 105 1885 nis
121 1829 233 1884 divinae.
248 1830 288 1885 lbi
302 1829 381 1885 carni
394 1832 499 1885 nostrae
513 1830 691 1901 copulatum,
706 1836 818 1886 naturae
831 1847 876 1886 as·
928 1825 1016 1895 (dem,
1031 1826 1078 1898 tv).
1091 1827 1150 1881 Tua
1162 1842 1228 1882 vero
1241 1826 1404 1883 innocentia
1418 1828 1510 1884 millia
1525 1830 1690 1886 nocentium
1706 1831 1747 1887 in·

56 1922 209 1990 sociatum,
222 1922 351 1994 implevit
362 1922 596 1992 sacratissimum,
610 1929 638 1979 et
653 1923 878 1980 secretissimum
927 1919 1067 1976 nocentiae
1082 1919 1217 1991 reddidit,
1231 1922 1261 1976 et
1274 1920 1370 1977 saluti.
1380 1922 1538 1978 Transtulit
1550 1924 1648 1980 Enoch
1658 1925 1745 1996 (tica,

56 2019 281 2087 sacramentum,
296 2023 326 2072 ut
339 2020 433 2072 essent
449 2017 504 2073 dno
514 2018 544 2072 in
568 2034 652 2074 carne
668 2033 724 2073 uua
734 2016 825 2090 (tiam,
837 2019 878 2090 u),
928 2016 965 2085 ν),
981 2013 1031 2070 sed
1047 2030 1122 2082 caro,
1139 2030 1227 2086 quam
1244 2015 1406 2089 generabis,
1424 2032 1489 2071 cum
1500 2020 1647 2091 assumpta
1661 2018 1749 2076 luerit

58 2113 90 2165 et
111 2126 168 2165 uno
191 2110 379 2166 contubernio
400 2110 584 2181 jlruerentur.
615 2112 716 2167 Factus
741 2115 785 2167 est
808 2127 877 2183 ergo
928 2107 964 2162 de
981 2113 1065 2177 terra,
1086 2106 1181 2167 omnia
1201 2107 1296 2163 trahet
1314 2107 1351 2161 ad
1373 2124 1403 2163 se
1421 2110 1522 2178 (loca,
1538 2114 1596 2181 ιιι).
1615 2110 1747 2183 implerit

58 2204 136 2259 Deus
144 2203 293 2259 invisibilis
302 2204 391 2259 homo
401 2203 526 2259 visibilis.
540 2205 720 2276 impassibilis
728 2205 879 2260 etimmor·
928 2201 1070 2256 Abraham
1091 2200 1148 2255 tide
1164 2202 1250 2270 (Gen,
1272 2201 1349 2272 xvn),
1369 2205 1398 2257 at
1418 2202 1579 2259 obedientia
1599 2205 1747 2275 protutura
1835 2192 1839 2199 ’

58 2297 136 2364 talis,
161 2297 326 2368 passibilem
349 2314 379 2352 sc
404 2304 433 2353 et
456 2298 608 2353 mortalem
624 2298 764 2353 exhibuit.
791 2299 877 2354 lucir·
929 2296 1098 2366 posteritati,
1113 2294 1164 2349 sed
1178 2294 1235 2349 tlda
1253 2298 1303 2350 tua
1323 2298 1352 2350 et
1371 2294 1534 2352 obedientia
1550 2298 1676 2354 mundus
1688 2300 1746 2355 sal-

59 2391 260 2462 cumscriptus‚
283 2391 368 2446 lincis
381 2397 484 2447 nostrae
498 2391 664 2447 substantiae
680 2392 878 2448 circumscribi
929 2393 1011 2443 vatus
1030 2388 1136 2460 gratias
1150 2388 1218 2460 agit.
1236 2388 1368 2460 lmplerit
1379 2389 1493 2461 ltoysen
1509 2390 1620 2461 (Ernst,
1635 2395 1704 2463 ιιι),
1717 2395 1747 2449 et

59 2484 160 2539 voluit.
177 2484 325 2540 Clauditur
337 2485 398 2540 alvo
421 2501 582 2557 puerpera,
605 2485 686 2556 cujus
700 2485 879 2542 immensitas
929 2483 1008 2554 legis,
1028 2497 1085 2537 nou
1106 2482 1207 2554 gratiae
1221 2482 1341 2539 latorem
1361 2483 1495 2553 instituit,
1509 2483 1561 2539 tibi
1581 2491 1678 2542 autern
1691 2487 1745 2543 tri-

59 2578 169 2633 claudit
180 2578 320 2632 ambitum
332 2578 392 2633 coeli
409 2581 438 2633 et
449 2585 532 2634 tarrae
545 2596 553 2648 3
565 2584 594 2634 et
607 2595 696 2651 quem
711 2580 780 2637 Coeli
794 2580 876 2635 caelo·
928 2576 1019 2632 bueus
1032 2591 1089 2631 non
1099 2576 1191 2632 solum
1201 2577 1413 2649 legislatorem,
1424 2577 1476 2633 sed
1489 2580 1589 2649 gratiae
1600 2583 1630 2634 et
1643 2581 1746 2653 glorias

60 2683 128 2721 rum
142 2682 199 2721 non
226 2667 385 2735 continent,
398 2667 492 2722 Mariae
514 2667 620 2723 viscera
641 2670 877 2740 complectuntur.
929 2670 1104 2742 largitorem.
1118 2671 1223 2727 Ascivit
1236 2671 1325 2727 David
1339 2671 1369 2726 in
1381 2672 1552 2744 proplietam
1567 2679 1597 2729 et
1609 2689 1710 2746 regem
1725 2676 1746 2746 (1

60 2760 91 2817 Si
106 2759 211 2831 quaeris
221 2760 364 2831 quomodo
377 2760 484 2816 facturn
498 2766 542 2816 est
551 2761 638 2825 istud,
652 2762 718 2817 audi
733 2779 878 2822 summum
928 2768 1005 2834 lieo„
1023 2768 1090 2834 ιιι),
1105 2764 1156 2819 sed
1171 2764 1221 2820 ille
1236 2764 1290 2820 tihi
1302 2764 1409 2835 scribit,
1424 2771 1453 2820 st
1470 2765 1573 2821 Filium
1592 2770 1674 2824 tuum
1692 2769 1745 2825 ua

59 2854 197 2926 angelum
213 2859 406 2925 exponentem
421 2854 514 2910 itariae
526 2854 658 2911 ordinem
671 2856 723 2925 rei,
737 2860 767 2912 et
777 2856 875 2913 dicen-
929 2858 1041 2914 minum
1060 2874 1144 2914 suum
1163 2859 1292 2914 nominat
1311 2859 1394 2931 (Psoi.
1411 2860 1475 2929 cn).
1493 2860 1567 2924 Quid
1586 2861 1669 2934 plura
1683 2878 1746 2919 me·

60 2953 122 3004 tem
135 2947 161 3002 ei
177 2950 318 3019 :Spiritus
340 2954 452 3004 sanctus
465 2951 635 3020 superveniet
648 2953 680 3006 ia
700 2955 734 3014 te,
754 2956 781 3006 ct
791 2953 879 3008 uirtus
928 2954 1058 3008 morem?
1078 2952 1186 3008 Omnes
1206 2968 1335 3024 superas,
1352 2969 1444 3025 praees
1463 2953 1603 3010 univorsis
1623 2971 1681 3011 non
1698 2973 1746 3013 so·

60 3043 197 3099 Attissimi
214 3042 383 3097 obumbrabit
407 3044 458 3097 titi
480 3042 568 3114 ltus„
591 3044 622 3114 ι).
638 3044 736 3100 Gaude
750 3061 829 3117 ergo,
851 3048 879 3100 et
928 3047 988 3101 lum
1002 3047 1175 3115 hominihus,
1187 3045 1236 3102 sed
1250 3053 1279 3101 et
1295 3047 1415 3102 summis
1428 3048 1567 3104 coetorum
1582 3048 1746 3108 virtutibus.

61 3134 171 3202 laetare,
184 3134 283 3204 diaria,
298 3135 366 3207 quia
379 3136 520 3207 concipies
534 3137 569 3192 dc
583 3137 740 3207 spiramine
751 3156 760 3208 ;
773 3108 917 3210 gelidae
965 3140 1035 3195 Hinc
1054 3144 1097 3196 est
1114 3140 1190 3212 quod
1208 3140 1355 3211 gloriosius
1376 3158 1437 3214 pras
1456 3142 1510 3197 illis
1530 3158 1637 3198 nomen
1657 3145 1747 3201 lraere·

63 3229 132 3301 quia
146 3229 261 3284 inventu
273 3229 329 3284 eris
341 3229 449 3285 hahens
461 3230 491 3284 ιιι
505 3234 587 3285 utero
600 3230 636 3285 de
651 3231 759 3302 Spiritu
771 3237 878 3288 sancto.
929 3232 1050 3303 ditabis3
1069 3249 1139 3288 nam
1158 3249 1224 3289 cum
1242 3234 1313 3289 elius
1334 3235 1445 3291 dicutur
1464 3236 1586 3307 angelus
1599 3236 1658 3306 oei,
1676 3237 1748 3295 alius

61 3324 236 3392 Desponsata
247 3322 364 3394 quidem
374 3340 436 3378 eras
445 3324 560 3395 ioseph,
569 3324 769 3396 scdaSpiritu
782 3331 880 3382 sancto
929 3327 1083 3400 prophete,
1107 3326 1181 3382 alius
1201 3342 1304 3397 praeco,
1329 3333 1358 3382 et
1382 3328 1502 3400 quisque
1527 3344 1577 3383 suo
1598 3335 1749 3386 conseatur

62 3419 212 3489 preventa
226 3418 312 3487 (Luc,
333 3416 430 3487 ι).111ιι
448 3418 498 3489 qui
521 3422 548 3473 tc
571 3418 686 3487 creavit,
703 3418 835 3489 signavit,
851 3424 881 3475 et
929 3421 1056 3488 nomine,
1075 3436 1129 3491 pro
1152 3419 1263 3489 ordine,
1285 3427 1314 3476 et
1335 3421 1491 3493 dignitats;
1512 3426 1542 3476 tu
1562 3422 1700 3493 singulari
1718 3425 1749 3479 et

65 3510 222 3583 assignarit
248 3517 274 3566 te
294 3510 363 3580 sibi;
387 3512 541 3583 plasmator
563 3515 629 3567 tuus
652 3510 714 3584 ipse
733 3512 826 3568 factus
840 3517 882 3569 est
931 3513 1047 3585 speciali
1071 3513 1189 3569 nomine
1211 3513 1399 3585 appellaberis
1423 3515 1510 3569 tlater
1537 3516 1594 3570 Dei,
1621 3516 1656 3572 ttt
1681 3517 1747 3574 ideo

62 3620 183 3675 sponsus
207 3609 283 3672 tuus,
308 3605 400 3660 tactus
422 3609 466 3660 est
490 3609 602 3661 amator
624 3605 723 3661 lormsc
748 3609 816 3675 tuae,
832 3606 881 3679 qui
931 3611 1024 3663 mater
1044 3607 1153 3674 salutis,
1175 3612 1266 3661 mater
1287 3608 1396 3679 gratiae,
1422 3614 1512 3663 mater
1533 3608 1746 3667 misericordiae.

63 3698 221 3771 plasmator
235 3697 296 3770 ipss
311 3701 338 3752 te
359 3702 451 3766 vocat,
466 3699 563 3755 dicens
579 3715 586 3754 :
603 3701 680 3763 Veni,
702 3701 792 3754 ammo
811 3715 880 3769 meo,
931 3704 1053 3771 Spiritus
1075 3705 1185 3757 sanctus
1209 3705 1377 3771 superveniet
1403 3704 1431 3756 io
1456 3706 1493 3766 te,
1515 3704 1696 3774 superveniet
1718 3704 1749 3761 in

62 3793 185 3860 {moroso
201 3808 271 3856 mec,
285 3792 488 3855 columbeiaco,
496 3791 557 3862 jam
574 3795 645 3848 caim
656 3793 741 3849 biems
751 3793 832 3858 abiit,
856 3799 882 3850 et
931 3795 1073 3863 ubertate,
1084 3796 1114 3849 in
1129 3793 1287 3859 affluentia,
1298 3794 1327 3850 in
1339 3794 1517 3865 plenitudine
1528 3795 1597 3851 etin
1611 3796 1748 3855 effusione

62 3887 258 3950 recantasset
280 3886 385 3958 (Garat,
399 3886 439 3958 ιι).
455 3886 505 3941 tlte
519 3887 652 3942 decorem
667 3891 749 3943 tunm
773 3903 880 3944 concu-

64 3979 145 4052 pivit,
159 3984 189 4035 ot
201 3980 251 4036 tibi
274 3980 410 4052 conjungi
434 3979 586 4037 desiderat.
605 3981 761 4052 Impatiens
785 3998 881 4052 morae,

66 4073 104 4130 ad
115 4075 142 4129 te
151 4073 249 4129 venire
262 4073 391 4129 festinat.

102 4179 191 4249 Surge
204 4192 283 4249 ergo,
295 4176 413 4233 induere
425 4178 625 4234 vestimentum
639 4179 740 4250 glorie
752 4184 819 4248 tua,
834 4194 881 4234 er·

65 4287 135 4327 nare
150 4271 363 4343 pretiosissimis
381 4272 556 4327 ornamentis
578 4273 646 4342 tuis,
670 4273 739 4345 quia
753 4273 881 4345 comple·

64 4367 123 4421 cuit
147 4365 267 4421 Domino
283 4365 312 4420 in
328 4368 367 4422 te.
393 4368 483 4438 Surge
499 4366 529 4421 in
552 4383 703 4423 occursum
718 4368 814 4439 sponsi
828 4366 882 4435 tui,

932 3889 1024 3945 carnis
1043 3895 1073 3945 et
1089 3888 1203 3953 animae.
1219 3891 1347 3962 Cumque
1361 3889 1514 3961 repleverit
1533 3893 1571 3959 te,
1585 3891 1641 3947 erit
1654 3891 1749 3949 adhue

931 4000 1018 4055 super
1036 3988 1074 4052 te,
1095 3987 1124 4039 et
1145 4000 1232 4056 super
1253 4000 1342 4056 aquas
1362 3987 1424 4039 tuas
1443 3984 1560 4054 feretur,
1575 3985 1701 4042 tacturus
1718 3987 1749 4044 in

931 4082 960 4134 ta
976 4078 1118 4151 quoddam
1130 4077 1243 4149 melius,
1256 4083 1284 4134 et
1298 4077 1468 4147 mirabilius,
1481 4096 1569 4151 quam
1587 4096 1653 4137 cum
1672 4081 1749 4139 lere·

931 4173 1019 4228 batur
1039 4189 1127 4245 super
1140 4188 1230 4246 aquas
1247 4188 1264 4227 a
1279 4172 1420 4245 principio
1432 4172 1521 4245 (Gen,
1536 4179 1566 4245 ι),
1583 4180 1615 4231 ut
1628 4175 1751 4233 materia

932 4266 1085 4323 creationis
1100 4266 1129 4322 in
1145 4266 1355 4322 distinctionem
1374 4267 1554 4339 formamque
1568 4268 1749 4339 produceret.
1850 4286 1854 4293 ·

931 4364 967 4417 st
981 4364 1070 4417 cirtae
1088 4361 1224 4417 ditissimi
1237 4361 1406 4417 obumbrabit
1424 4361 1484 4425 tibi,
1502 4361 1684 4417 obumbrabit
1698 4361 1749 4418 tibi

65 4464 95 4516 et
107 4459 160 4514 Dei
172 4460 233 4530 tui,
249 4463 279 4514 et
293 4460 338 4515 dic
352 4461 379 4515 ei
395 4476 402 4515 ε
418 4462 485 4517 Ecce
506 4462 608 4516 ancillo
627 4463 737 4517 Domita
751 4464 836 4534 (Lea,
850 4460 881 4531 ι).
891 4484 922 4557 D
933 4455 1060 4514 Christus
1079 4456 1128 4511 [tei
1146 4454 1234 4511 virtus
1255 4458 1284 4511 et
1300 4455 1451 4527 sapientia.
1472 4455 1522 4510 Ille
1541 4455 1699 4512 humanam
1714 4471 1751 4513 οι

66 4553 191 4622 Festina,
216 4554 275 4609 noli
296 4554 420 4624 tardme,
437 4555 504 4627 quia
526 4555 574 4610 ille
598 4572 655 4612 nou
678 4555 812 4622 tardabit,
835 4556 884 4613 sed
933 4555 961 4607 ts
984 4553 1117 4605 naturam
1139 4548 1283 4621 suscipiet,
1304 4553 1332 4605 et
1353 4547 1562 4620 plenitudinem
1585 4548 1748 4622 divinitatis,

64 4648 217 4705 exsultabit
229 4652 261 4703 ut
274 4649 354 4721 gigas
367 4650 402 4704 ad
417 4650 589 4705 currendam
599 4651 674 4706 viam
687 4651 775 4724 (Psot.
789 4650 883 4721 xviri).
935 4661 1022 4716 quam
1045 4644 1121 4699 terre
1141 4660 1198 4698 non
1218 4659 1324 4716 posses,
1340 4642 1459 4698 habebit
1477 4642 1506 4697 in
1526 4643 1618 4699 caruis
1634 4660 1749 4716 suscep·
1847 4668 1855 4679 ·

65 4744 176 4799 Festina
196 4748 223 4797 et
245 4749 284 4811 tu,
304 4744 457 4800 obliviscere
468 4745 603 4816 poputum
623 4750 708 4809 taam,
731 4752 756 4801 et
776 4746 884 4802 domm
935 4739 1022 4794 tione.
1038 4737 1230 4794 Obumbrabit
1243 4753 1312 4809 crgo
1326 4736 1389 4803 tibi,
1403 4736 1469 4808 quia
1484 4737 1542 4792 luci
1554 4752 1586 4792 se
1597 4736 1749 4793 inaccessi-

62 4840 155 4909 putrs‘s
176 4839 219 4891 tui
240 4837 325 4909 (Psoi.
340 4837 421 4909 ιιιι),
445 4838 689 4894 currensohviam
704 4839 741 4909 ei,
755 4846 788 4895 ut
802 4856 882 4896 oscu-
935 4832 984 4889 bili
1010 4835 1158 4903 assumpta
1182 4849 1200 4887 a
1221 4830 1312 4886 Verbo
1335 4830 1501 4886 humanitas
1523 4830 1647 4902 objiciet.
1668 4830 1751 4902 cujus

64 4929 137 4987 laris
150 4930 245 4986 osculo
260 4932 316 4986 oris
330 4932 391 5003 ejus
416 4932 519 5003 (Garat,
536 4933 565 5002 ι),
581 4932 700 5004 ejusque
714 4934 885 4989 beatissimis
934 4927 1048 4999 objectu
1069 4927 1117 4982 lux
1138 4925 1187 4981 illa
1207 4928 1377 4998 temperata,
1397 4924 1553 4980 castissima
1573 4924 1681 4981 viscera
1700 4932 1752 4983 tua

65 5024 256 5080 immiscearis
271 5026 458 5097 amplexibus.
472 5026 627 5098 Egredere,
651 5028 796 5099 quiajam
820 5029 885 5083 tha·
934 5021 1098 5094 pertundet.

64 5115 161 5170 lamus
174 5115 328 5170 collocatus
343 5119 394 5186 est,
409 5118 439 5170 et
456 5132 578 5186 sponsus
596 5116 693 5172 veniet
715 5116 777 5187 tibi,
792 5118 885 5175 reniet
971 5115 1061 5184 Libet,
1072 5113 1245 5184 charissimi,
1255 5113 1284 5167 in
1295 5116 1376 5170 tenta
1387 5113 1567 5168 solemnitate
1578 5108 1751 5185 gaudiorum

64 5207 121 5263 tihi
139 5208 262 5281 Spiritus
285 5216 410 5266 sanctus.
434 5211 483 5266 tlte
496 5214 666 5282 superveniet
688 5214 719 5268 io
741 5218 777 5282 te,
791 5215 888 5270 ctuir·
935 5209 1028 5266 adhuc
1049 5208 1195 5281 paulisper
1217 5206 1375 5274 immorari,
1396 5212 1425 5262 et
1443 5206 1479 5263 de
1502 5207 1617 5279 praetata
1635 5222 1752 5281 concep-

66 5307 112 5358 tus
133 5301 271 5358 ditissimi
291 5304 463 5359 obumbrabit
490 5304 558 5373 titt,
586 5304 692 5362 subito.
718 5307 790 5361 Dum
819 5322 886 5363 vero
936 5304 1014 5359 tione
1030 5302 1138 5374 aliquid
1147 5301 1376 5373 quererc31ibet
1390 5300 1484 5373 ipsum
1497 5300 1626 5358 divinum
1639 5302 1753 5373 agalma

67 5412 176 5468 speras,
189 5398 259 5452 dum
281 5397 388 5453 damna
412 5398 557 5455 dilationis
572 5397 718 5470 deplores,
741 5404 770 5456 et
790 5400 887 5458 ddecti
935 5398 1031 5470 ipsum
1047 5395 1295 5469 pretiosissimum,
1310 5398 1339 5449 et
1353 5394 1561 5451 sanctissimum
1575 5410 1635 5466 res,
1650 5395 1681 5451 in
1693 5411 1751 5469 quo

67 5490 193 5547 turbaris
208 5491 349 5560 absentia,
372 5494 453 5550 velox
466 5498 495 5551 et
520 5494 691 5568 improvisus
704 5495 888 5567 superveniet
935 5492 985 5549 liei
999 5491 1121 5548 verbum
1136 5494 1306 5562 conceptum
1319 5494 1373 5559 est,
1388 5488 1620 5560 apestmplasudo
1634 5488 1753 5546 iuterro-

67 5584 98 5641 in
113 5589 151 5652 tc,
164 5591 193 5641 et
208 5586 354 5659 inopinato
367 5589 519 5659 perfruaris
534 5589 651 5662 gaudie,
668 5588 888 5646 etnoualaetitia
936 5603 1014 5660 gare.
1026 5583 1400 5658 Rogemusergo,llomina,
1410 5582 1462 5639 Dei
1472 5585 1565 5639 mater
1575 5582 1751 5654 dignissima,

68 5679 262 5752 pertundaris.
279 5682 536 5754 Supervenietnon
560 5685 653 5741 solum
669 5683 720 5741 tibi
734 5684 785 5741 aad
799 5683 831 5739 in
845 5686 886 5753 te,
936 5697 995 5739 nou
1014 5679 1178 5754 asperneris
1196 5680 1330 5753 petentes
1349 5693 1423 5732 cum
1436 5679 1589 5740 tremere,
1600 5677 1775 5739 mmm

70 5781 104 5835 ut
115 5775 231 5849 propius
240 5776 352 5851 ,revisat
363 5780 400 5849 te,
424 5781 452 5836 st
464 5777 583 5857 inspiret
604 5782 683 5839 tuan
697 5779 893 5857 mutuarum
942 5776 1117 5856 sapietati,
1127 5776 1287 5853 pulsantes
1299 5787 1374 5830 cum
1389 5754 1806 5828 Qmwaeamffisssffi
1849 5814 1870 5951 1
