3750 6046
156 177 207 236 tillir
850 167 1010 227 altatare!
1030 168 1160 228 Vll'ALlS
1789 182 1839 235 iiii

158 308 211 372 esi,
225 301 314 357 caruit
328 298 363 353 ad
383 296 571 369 sepulturam.
593 296 696 353 Arvina
717 296 823 351 ventris
841 299 913 370 ejus,
928 303 970 354 tot
980 300 1082 384 Asitc,
1096 300 1166 370 quid
1185 316 1294 369 cavere,
1312 301 1414 373 quidve
1432 303 1557 359 debeatis
1577 309 1724 376 appetere.
1743 307 1833 361 Nolite

159 393 375 454 delectamentis
401 391 534 460 enutrita,
563 406 627 445 cnm
652 390 788 446 dedecore
814 391 916 462 patuit,
942 396 971 447 et
1018 407 1127 463 sperare
1148 395 1177 449 in
1191 396 1346 464 iniquitate,
1362 400 1388 451 et
1408 398 1522 467 rapinas
1539 398 1622 453 nolite
1641 401 1834 470 concupiscere.

159 490 315 563 prudentes
342 503 373 542 ac
399 484 564 549 infrunitos,
589 482 679 554 qualis
703 483 739 540 sit
765 483 857 554 gloria
878 485 970 540 carnis
1019 489 1126 542 Diuitias
1145 490 1171 542 si
1192 489 1321 557 affluunt,
1343 489 1427 544 notite
1448 506 1492 545 mr
1512 507 1648 561 opponere
1669 492 1754 562 (Psol.
1778 510 1832 560 ixi,

157 582 280 641 edocuit.
302 582 429 653 inspecto
447 578 587 651 siquidem
607 577 788 649 corruptione
804 578 909 634 coenosi
921 593 968 634 ea·
1020 580 1074 649 tl).
1090 580 1181 638 annu
1197 583 1268 637 enim
1283 594 1346 636 citro
1362 587 1393 637 ut
1406 584 1512 649 tenum,
1528 591 1555 639 ei
1578 588 1665 640 omnis
1677 586 1766 656 pierio
1780 587 1835 656 aas

159 675 279 744 dareris,
293 674 414 746 quisque
434 678 568 728 monetur
586 673 617 725 ut
633 669 766 740 meliora,
779 687 864 742 quam
880 671 971 727 delec-
1019 680 1050 728 ni
1072 675 1120 741 iios
1139 675 1207 741 seni.
1233 678 1351 731 anruit
1373 677 1478 743 [enum.
1499 685 1524 732 ei
1547 680 1594 747 iios
1616 679 1675 748 ejtis
1698 681 1794 735 coemit
1815 681 1836 751 (Ι

159 775 285 827 umente
306 771 373 822 sunt
393 765 494 833 carnis,
517 780 580 835 quae
603 770 676 819 terra
697 766 749 831 est,
770 768 798 819 et
820 763 848 819 in
872 765 968 835 putre·
1018 768 1102 834 Petu,
1118 783 1140 835 1,
1154 768 1203 837 243
1218 770 1284 833 isa,
1299 785 1342 836 xi,
1359 771 1392 835 6;
1407 771 1500 832 Ereti..
1520 787 1574 841 xis,
1591 774 1628 841 8).
1643 772 1768 828 Verbum
1782 790 1833 827 aa·

159 881 220 920 rem
229 856 836 927 revertatur‚lnl›oresalutariscontinentiae,
848 857 968 913 mercari
1021 863 1079 914 iem
1095 859 1205 915 Domini
1216 867 1312 918 manet
1326 861 1354 917 in
1369 867 1522 919 aeternum.

160 950 968 1022 tervonierconetur.Divitiseipauperisparesteonditio,
1055 953 1104 1007 llic
1122 955 1243 1025 septimo
1263 955 1335 1012 libro
1354 955 1490 1012 Uticensis
1512 957 1641 1014 Historia
1658 960 1752 1030 placet
1766 977 1833 1016 cum

160 1057 189 1106 ei
203 1048 333 1104 similiter
347 1046 447 1101 ambos
466 1043 575 1100 invadit
591 1060 668 1099 mors
686 1047 714 1099 ei
734 1043 865 1115 putredo.
880 1044 970 1101 Nolite
1018 1045 1074 1100 tlnc
1088 1046 1163 1118 regis
1177 1047 1332 1103 terminum
1347 1048 1429 1119 dare3
1441 1055 1471 1106 et
1483 1050 1512 1106 in
1522 1055 1621 1107 octavo
1632 1052 1741 1109 delitiis
1761 1054 1835 1126 ejus,

157 1159 225 1214 ergo
246 1140 376 1210 confidere
394 1142 424 1194 in
440 1138 611 1210 principibus
629 1138 710 1204 silisis
729 1138 814 1208 (Psoi.
834 1152 911 1206 cxiv,
929 1137 967 1208 3),
1018 1143 1047 1194 et
1074 1139 1240 1195 multimoda
1264 1142 1489 1214 perturbatione,
1511 1161 1575 1216 quae
1596 1145 1645 1201 diu
1668 1147 1833 1203 Naustrinm

157 1234 413 1300 solimannum,
429 1232 520 1288 sedin
537 1231 593 1286 lieo
609 1230 671 1287 vivo
689 1237 718 1285 et
730 1245 807 1297 vero,
822 1230 870 1301 qui
887 1246 966 1285 crea·
1017 1233 1201 1289 veliementer
1213 1238 1242 1289 et
1254 1235 1387 1307 Angliam
1401 1236 1512 1305 amisit,
1526 1238 1644 1310 aliquod
1658 1240 1722 1295 volo
1735 1246 1833 1311 poste-

157 1334 202 1385 ior
215 1330 257 1384 est
273 1327 409 1382 omnium.
424 1324 530 1381 Veteris
545 1329 574 1380 et
590 1324 658 1379 Novi
671 1323 844 1379 Testamenti
861 1322 966 1379 seriem
1017 1326 1056 1381 ris
1070 1326 1192 1382 edonare
1206 1328 1253 1399 (ii.

158 1420 303 1491 revolvite,
319 1425 346 1476 ei
367 1419 498 1490 exempla
512 1417 580 1473 inde
599 1416 765 1489 multiplicia
779 1416 858 1471 vobis
871 1432 966 1488 capes-

190 1573 225 1636 (7)
237 1573 274 1623 Le
286 1571 400 1622 Pravosi
414 1585 420 1620 :
434 1568 556 1620 enodare.

1187 1732 1262 1742 ...ι--

685 1884 959 1974 SUlllldlllUll
986 1883 1111 1970 LIBRI
1138 1884 1304 1971 thlell.

157 2180 177 2233 l.
268 2180 394 2233 noterius
409 2177 465 2229 dits
480 2177 509 2228 in
525 2159 695 2231 Normaouio
710 2179 734 2228 et
749 2175 904 2227 Guilieimus
922 2174 1007 2237 Ruina
1022 2175 1048 2224 in
1065 2173 1162 2237 Aitolia
1175 2174 1249 2236 patri
1262 2185 1311 2225 suo
1322 2172 1472 2225 succedunt.
1486 2173 1613 2226 Plurimae
1626 2172 1766 2226 discordia
1773 2179 1832 2239 post

296 2261 408 2311 mortem
423 2256 556 2309 uuillelmi
570 2257 640 2320 rapis
652 2257 791 2307 oriuntur.

159 2347 189 2396 ll.
271 2342 324 2394 Ode
336 2340 487 2403 adjacensis
499 2339 633 2401 episcopus
648 2350 665 2388 a
678 2337 798 2389 custodio
812 2338 956 2389 emittitur.
973 2336 1115 2397 ilenriesis,
1131 2335 1194 2387 dato
1208 2338 1337 2398 prrii0,a
1354 2336 1465 2388 iioierio
1479 2334 1542 2387 duee
1560 2335 1648 2398 fratre
1663 2348 1712 2388 suo
1725 2340 1832 2399 partem

296 2420 470 2476 Normannise
482 2420 587 2482 occipit.

163 2510 205 2560 lit.
267 2502 378 2557 iieieliio
393 2502 422 2551 in
438 2499 536 2562 nuptio
550 2498 583 2548 oi
599 2498 685 2550 odone
700 2500 816 2562 episcopo
829 2499 978 2550 suscitatur
993 2510 1045 2561 pro
1059 2496 1170 2551 noterio
1184 2494 1248 2546 duee
1261 2485 1296 2546 a‘d
1313 2496 1408 2547 solium
1425 2495 1560 2548 eoelreudo.
1576 2496 1731 2548 Guiiieimus
1747 2496 1831 2559 itusm

293 2581 398 2635 rebelles
411 2581 534 2631 devincit.

157 2672 200 2722 lv.
273 2660 442 2724 Grittiridus
456 2672 506 2710 rea
518 2658 655 2710 Gallorum
670 2658 795 2723 Anaiiom
810 2658 922 2711 invadit.
939 2659 1060 2711 Historia
1075 2659 1181 2710 notati
1194 2656 1387 2710 iiodeieatensis
1399 2658 1510 2709 comitis.

155 2752 186 2801 v.
267 2743 340 2798 Maio
355 2742 461 2794 Roberii
475 2741 548 2790 ducis
562 2740 773 2792 odministroiio.
790 2741 937 2804 instipante
950 2740 1036 2791 odone
1050 2741 1176 2802 episcopo,
1192 2740 1397 2790 cenomanenses
1411 2739 1524 2790 invadit.

155 2831 196 2883 vi.
267 2828 383 2888 lioperus
396 2821 594 2872 cenomanensis
611 2832 693 2871 eomes
712 2832 771 2870 eum
788 2819 899 2872 Haterio
913 2821 976 2871 duee
995 2832 1083 2883 paeon
1101 2820 1174 2882 [orit.
1191 2819 1317 2882 Nequitia
1334 2819 1440 2871 noterit
1457 2820 1561 2871 comitis
1581 2819 1746 2871 Beiemensis.
1764 2823 1830 2874 lior·

293 2903 410 2954 mannire
423 2903 559 2964 mapnmm
574 2901 646 2951 inter
659 2914 686 2951 se
701 2900 863 2964 teiiiperani.

155 2992 210 3044 litt.
269 2987 342 3037 Mors
355 2981 480 3034 iturondi
495 2981 671 3032 Trooraeosis
685 2980 796 3032 aboatis.
817 2982 907 3032 Victor
920 2993 993 3044 popo
1006 2980 1124 3044 elipitur.
1141 2980 1264 3031 orionus
1275 2992 1346 3044 papa
1360 2982 1397 3031 11.

154 3073 221 3125 llllt.
273 3065 351 3117 Varii
366 3064 394 3113 ia
411 3060 522 3124 Apulia,
538 3061 708 3115 Normonnio
722 3066 746 3112 et
761 3062 860 3125 Anpiio
872 3065 987 3112 eventio.
1002 3060 1185 3123 Quorumdam
1200 3065 1355 3125 mennatum
1373 3073 1454 3113 mors.
1470 3062 1601 3114 ilestrioto
1619 3061 1755 3113 Guilielmi
1771 3063 1828 3126 itui

293 3143 505 3196 administratio.

153 3236 196 3288 lx.
261 3226 415 3281 Guilieimsu
431 3235 481 3274 rea
494 3223 635 3276 noterium
647 3222 762 3285 iroirem
774 3234 854 3274 suum
866 3223 895 3274 in
907 3223 1078 3277 Normanuio
1091 3223 1199 3287 appredi
1211 3222 1366 3274 meditatur.
1384 3224 1413 3274 ln
1426 3221 1571 3285 praelatum
1586 3220 1729 3274 noterium
1747 3224 1826 3276 Ceno·

291 3318 427 3361 nmaenses
442 3305 595 3369 insurpunt.
611 3303 692 3354 Falco
705 3315 788 3355 mmes
802 3303 1006 3367 Andepuoensis.

153 3397 184 3450 x.
264 3389 345 3442 luteo
373 3386 568 3450 Andeaooensis
596 3397 679 3437 eomes
699 3397 796 3437 mam
821 3385 969 3437 causarum
996 3384 1113 3448 iouuam
1138 3385 1276 3448 eaeopiiai.
1307 3383 1421 3447 Huiusce
1451 3385 1576 3447 ternporis
1603 3395 1707 3445 mores,
1732 3388 1828 3445 outo,

293 3469 360 3530 todi,
374 3470 420 3519 etc.

152 3556 196 3610 xl.
261 3549 755 3605 cmmmuenseseontroliiormannos
768 3548 922 3611 inserpunt.

151 3637 205 3690 xli.
261 3631 439 3685 Dusensiones
451 3631 476 3680 et
489 3627 554 3680 teilo
569 3628 642 3680 inter
655 3629 830 3682 llorntonnin
840 3630 985 3691 emanatas.

150 3718 217 3769 xlii.
260 3711 396 3765 discordes
409 3711 496 3760 motus
511 3711 535 3760 et
550 3708 615 3759 teila
626 3709 797 3762 Normonnia
809 3707 1014 3759 continuantur.

151 3798 219 3849 xli.
262 3787 398 3845 iiiseordes
412 3791 499 3841 moins
513 3789 541 3838 in
556 3789 727 3843 Nomnonnio
737 3789 942 3840 continuantur.
958 3786 1059 3839 Bellum
1074 3788 1146 3839 inter
1158 3787 1327 3839 Etroisenses
1342 3792 1366 3841 st
1381 3789 1549 3842 douleusis.

151 3878 206 3929 xli.
263 3870 434 3932 conspiratio
450 3868 554 3920 Gmmni
568 3869 604 3919 od
619 3867 777 3920 tradendam
792 3868 947 3931 animumn·
958 3868 1092 3920 ciuitatem
1102 3870 1159 3932 repi
1172 3868 1281 3933 Anulis.

152 3957 217 4008 xvi.
263 3951 444 4004 oximensium
466 3949 603 4012 condictus
626 3950 651 4000 et
682 3949 777 3999 eudes.
805 3948 960 4000 Guiitetmus
989 3949 1017 3999 in
1045 3949 1242 4003 Narmanniom
1270 3949 1342 4002 venii
1367 3954 1391 4002 ei
1421 3962 1481 4002 orm
1508 3949 1619 4003 noterio
1645 3948 1710 4000 duee
1736 3961 1825 4014 wera

293 4030 367 4093 iacit.

152 4113 230 4168 xvii.
261 4111 394 4173 iliriileus
406 4120 482 4159 cosm
496 4108 635 4171 cujusdam
646 4108 796 4170 prestpteri
807 4109 970 4172 episcopatio
983 4110 1158 4162 Lemniensis.

152 4195 241 4246 xvllt.
263 4191 403 4243 Portiones
417 4190 490 4240 inter
509 4186 678 4240 Guiiletrnum
693 4200 778 4251 repom
795 4191 819 4240 et
840 4189 981 4241 iioimtum
996 4189 1088 4241 ducem
1109 4191 1191 4242 inite.
1207 4191 1380 4253 Episcopatus
1399 4191 1565 4242 teaooiems
1579 4192 1694 4255 nepoiio.
1710 4193 1824 4258 lioperto

291 4269 370 4322 omas
388 4269 522 4321 titieerurs.

151 4355 218 4407 xlii.
261 4348 396 4403 Bertroda
410 4349 544 4400 comitissa
556 4348 763 4413 Andepuaeusis,
774 4348 898 4402 derelicto
910 4352 971 4403 aira
980 4362 1038 4415 suo,
1053 4363 1112 4401 cusa
1124 4349 1246 4415 Pittippo
1261 4351 1430 4402 Francorum
1442 4363 1502 4415 repe
1513 4351 1600 4403 nubet.
1616 4351 1729 4404 Pessimi
1740 4354 1823 4405 Fruu-

289 4433 335 4482 eia
349 4429 477 4493 retipione
491 4433 514 4480 ei
530 4428 654 4481 doctrina
665 4430 802 4494 pollentes.
817 4431 1020 4496 ilotdomopense
1032 4433 1181 4484 concilium.

150 4512 204 4567 XX.
260 4510 386 4563 Meieoma
399 4511 537 4561 scotorum
553 4523 603 4562 reo
615 4512 644 4561 in
658 4523 770 4574 reanum
784 4512 887 4576 Anatis
899 4512 993 4565 lelium
1006 4514 1126 4575 suscipit.
1142 4511 1299 4565 dormitm
1314 4511 1370 4576 ejus
1383 4512 1493 4576 caninae
1506 4515 1531 4565 si
1544 4512 1643 4564 literis.

148 4592 215 4646 xxi.
259 4591 464 4654 coniurationes
480 4591 609 4642 adoneus
624 4590 793 4643 Guiiielmum
810 4592 910 4655 nusum
924 4594 954 4643 in
967 4593 1065 4656 Aeolio
1079 4593 1205 4656 menate.

148 4675 226 4726 xxii.
260 4671 403 4724 discordia
417 4673 441 4722 ct
451 4671 562 4733 priuata
576 4670 642 4722 tatio
653 4673 726 4723 inter
737 4673 912 4725 Noemonnia
925 4675 1070 4737 mopnates.

146 4755 235 4805 xxiii.
259 4752 387 4804 liniemus
401 4751 569 4802 Beiesmensis
587 4753 717 4804 Uticenses
731 4752 871 4804 minucias
885 4756 973 4805 eeaoi.
1112 4794 1115 4800 .

148 4835 237 4888 xxiv.
260 4834 320 4885 Vita
336 4835 359 4884 et
380 4843 453 4884 mors
468 4831 593 4896 relipioso
606 4834 784 4897 quorumdam
805 4834 931 4886 miiitum.
953 4837 988 4886 ile
1007 4835 1124 4898 Anirido
1140 4836 1231 4898 primo
1249 4834 1341 4887 nitate
1362 4835 1529 4887 Proteiiensi.
1543 4833 1665 4896 idiotes,
1678 4834 1788 4898 prelati
1800 4836 1822 4885 ei

287 4912 409 4964 maudein
421 4912 568 4965 virtutibus
581 4916 604 4965 et
617 4913 741 4966 doctrina
756 4914 882 4967 illustres.

148 4995 225 5046 xiil.
255 4996 290 5045 tie
303 4993 379 5044 nouis
394 4992 584 5044 maneriorum
598 4994 720 5046 uestitus
736 4995 869 5057 Quomodo
882 4999 906 5048 et
920 5008 938 5046 o
951 4995 1046 5061 quitus
1058 4997 1171 5049 inventu
1183 4996 1295 5059 luerint.

146 5073 367 5126 litlintona
397 5076 422 5124 et
454 5072 577 5124 manueli
609 5074 638 5123 in
667 5076 743 5126 nouis
770 5078 943 5128 monasteriis
973 5078 1073 5140 pietate
1105 5079 1230 5141 insipnes.
1267 5079 1302 5129 De
1329 5088 1461 5130 nouorum
1496 5076 1623 5129 ordinum
1657 5077 1822 5130 institutori-

146 5232 246 5285 Xxvll.
258 5233 307 5282 Vir
325 5230 431 5283 illuster
444 5235 520 5298 liupo
532 5232 563 5287 da
578 5236 785 5289 crantemaisnil
800 5238 829 5288 in
842 5237 906 5290 urio
919 5238 1091 5303 epritudims
1103 5253 1120 5291 a
1133 5239 1271 5302 Gouirado
1290 5239 1452 5291 liiieemium
1461 5239 1555 5302 priore
1567 5237 1759 5290 mmaetoium
1769 5250 1822 5289 sus·

282 5312 347 5374 cipit
359 5315 384 5363 et
395 5313 477 5374 poulo
487 5319 546 5376 posi
559 5318 688 5370 moritur.
703 5320 740 5371 lie
753 5317 810 5382 eius
825 5317 925 5371 literis.

841 5554 1133 5603 -ooooe-u
