3750 6046
65 196 121 253 589
170 170 175 175 Π
457 194 633 263 1ΗΙὸΤΟΙιΙΑ
653 199 915 258 uectustasuua.
929 228 964 243 -
977 156 1062 257 PdliS
1081 201 1128 257 ill.
1142 230 1177 242 -·
1190 200 1252 258 Llli.
1274 200 1342 257 vill.
1699 200 1749 257 890
1853 243 1856 249 .

101 318 269 375 Guillelmus
292 320 389 392 ebam,
411 321 551 377 violentus
576 323 733 379 multorum
757 323 878 393 invasor,
891 323 1084 411 Anesciebat.
1108 323 1156 380 llic
1183 324 1269 380 filiam
1294 323 1408 381 liuberti
1430 324 1568 384 Wiscardi
1590 326 1747 399 conjugem

59 412 126 484 jam
144 413 260 482 decidit,
282 414 331 486 qui
350 431 403 487 per
424 415 608 487 Margaretam
628 417 761 472 tier-berti
781 417 880 488 tiliam,
933 417 1045 486 habuit,
1071 417 1121 474 sed
1151 433 1297 489 generosos
1324 418 1453 490 conjugis
1482 419 1749 491 magnanimitatem

65 522 155 577 quam
179 507 311 574 lieberto,
329 506 389 563 filio
407 525 468 575 suo,
486 509 593 565 sociare
616 510 717 581 voluit,
738 527 796 566 suae
819 511 882 566 diu·
933 511 974 566 air
998 511 1117 582 ignavus
1141 511 1218 567 ferre
1248 527 1304 566 non
1331 511 1436 578 valens,
1461 512 1552 583 ipsam
1579 512 1746 584 repudiavit.

64 598 123 654 tius
133 599 235 655 ditioni
249 616 301 655 nos
316 602 500 674 mancipavit.
516 604 585 658 Ecce
601 602 652 658 lllii
674 604 746 676 ejus,
761 619 883 676 quorum
934 605 986 659 Pro
1005 621 1062 676 qua
1075 620 1105 661 re
1117 620 1192 676 papa
1206 604 1335 668 Urbanus
1349 604 1445 676 palam
1464 621 1531 660 cum
1551 605 1746 661 excommuni-

64 707 140 747 unus
159 707 249 765 regno
268 698 372 764 praest
389 696 509 767 angliae,
524 697 596 751 alter
616 697 731 754 ducatui
749 697 883 753 Norman·
933 697 1013 752 cavit.
1036 696 1142 752 Omnes
1160 696 1326 767 Allobroges
1347 697 1442 768 ipsum
1464 697 1600 754 exsecrati
1620 704 1697 766 sunt,
1720 703 1749 754 ei

63 784 132 852 nias,
155 786 263 842 mutuis
287 787 413 844 caedibus
442 789 660 860 conturbantur,
683 789 737 844 sibi
761 789 883 846 invicem
933 790 1047 845 inventa
1076 789 1223 846 occasione
1253 789 1395 846 ferocibus
1425 791 1575 863 cisalpinis
1605 795 1748 848 extorrem

62 877 264 948 adversantur,
284 880 391 952 rapinis
413 888 442 936 et
465 881 603 938 incendiis
626 882 832 954 malignantur,
855 887 884 938 et
933 883 1156 940 destinaverunt.
1170 882 1277 939 luscius
1300 883 1374 939 inter
1392 900 1506 955 gnaros,
1522 890 1551 939 et
1565 884 1682 939 timidus
1702 884 1747 940 in·

62 987 138 1042 pene
156 989 247 1044 usque
268 975 306 1029 ad
326 973 550 1032 internecionem
570 975 716 1033 saevientes
736 976 879 1032 labuntur.
933 979 976 1031 ter
995 977 1140 1032 animosos
1159 976 1264 1032 milites
1282 977 1382 1032 consul
1400 978 1566 1033 constitutus
1581 977 1645 1034 vilis
1661 978 1747 1035 babe-

63 1070 121 1124 a'os
133 1069 233 1122 autem
247 1067 488 1123 Cenomannicam
504 1068 606 1124 urbem
619 1072 649 1123 et
660 1069 766 1141 oppida
779 1070 840 1140 ejus
852 1069 883 1125 in
934 1069 1025 1136 batur,
1047 1068 1256 1142 multiplicique
1278 1075 1387 1127 terrore
1409 1070 1574 1144 frequenter
1592 1071 1747 1143 exsanguis

64 1176 135 1232 pace
154 1159 342 1232 possidemus,
362 1160 496 1234 vobisque
515 1161 638 1219 ildeliter
654 1163 833 1229 mandamus,
852 1167 885 1218 ut
934 1161 1104 1233 angebatur,
1118 1165 1148 1217 et
1166 1162 1278 1234 lugam,
1293 1163 1368 1234 quod
1390 1163 1567 1235 praecipuum
1587 1163 1640 1219 sibi
1654 1181 1748 1221 reme-

63 1255 122 1310 buc
144 1252 295 1310 confestim
315 1254 445 1323 veniatis,
467 1258 497 1310 et
516 1254 699 1311 haereditario
717 1256 783 1326 jure
805 1255 884 1311 uobis
935 1255 1014 1310 diurn
1028 1254 1155 1326 putabat,
1172 1255 1373 1312 meditabatur.
1388 1256 1444 1312 lloc
1459 1256 1648 1324 advertentes,
1661 1258 1751 1313 Ceno-

64 1348 289 1419 presidentis.»
317 1348 380 1403 llaec
411 1348 508 1419 itaque
534 1347 707 1405 Cenomanni
736 1347 886 1421 Liguribus
936 1348 1034 1404 manni
1060 1348 1141 1403 valde
1161 1347 1249 1405 lutati
1267 1355 1342 1419 sunt,
1363 1355 1391 1405 ct
1418 1349 1558 1421 maiorem
1586 1351 1612 1406 ei
1637 1355 1748 1408 matum

64 1441 289 1509 mandaverunt,
306 1457 362 1496 non
377 1457 430 1512 pro
444 1457 542 1497 amore
556 1459 665 1513 eorum,
681 1443 731 1498 sed
749 1447 781 1498 ut
792 1442 886 1515 aliqua
934 1445 1091 1513 sempectas
1104 1442 1294 1498 incusserunt.

65 1534 230 1591 rationabili
254 1534 403 1590 occasione
417 1535 522 1607 jugum
543 1540 709 1591 excuterent
728 1552 745 1590 a
765 1552 796 1590 se
815 1536 885 1591 Nor·
969 1544 1096 1601 Tandem
1125 1544 1225 1614 ileum,
1246 1545 1432 1601 consobrinus
1453 1545 1525 1616 ejus,
1545 1547 1582 1602 ad
1608 1562 1675 1602 eum
1700 1564 1747 1603 ἂρ.

64 1644 250 1695 mmmmm,
267 1628 345 1700 (liwd
364 1629 425 1684 fere
438 1645 492 1684 ¹¹¹
510 1628 593 1685 ¹11¹ss
606 1629 717 1685 fortiter
733 1629 887 1685 detriverat
936 1637 1028 1703 cessit,
1045 1640 1149 1693 etcum
1164 1654 1199 1693 eo
1217 1638 1252 1694 de
1270 1638 1488 1694 imminentibus
1505 1639 1596 1695 causis
1614 1645 1750 1709 unctam,

63 1721 196 1793 lssrssidfls
210 1720 334 1777 cervices
347 1721 471 1777 illorum·
896 1719 925 1792 B
936 1730 1023 1786 dixit:
1035 1751 1049 1781 a
1061 1730 1151 1787 Audio
1165 1730 1365 1786 mussitantem
1374 1732 1524 1804 populum,
1536 1732 1660 1801 domine,
1671 1731 1751 1804 quod

99 1824 221 1896 Ligures
243 1824 384 1896 germani,
403 1824 502 1880 audita
520 1825 675 1896 legatione,
698 1824 787 1895 gavisi
808 1827 884 1894 suut,
934 1823 964 1880 iu
985 1823 1107 1894 patriam
1135 1828 1216 1879 tuam
1241 1823 1282 1878 vis
1301 1824 1407 1892 redire,
1432 1824 1575 1896 durosque
1604 1841 1699 1882 mores
1723 1829 1752 1880 et

62 1918 192 1990 initoque
207 1918 403 1973 consiliosum
417 1918 581 1974 necessariis
594 1917 703 1984 amicis,
717 1917 786 1990 quid
800 1933 886 1988 agen·
935 1916 1101 1972 comitatum
1128 1917 1273 1977 indomitae
1298 1918 1394 1988 gentis
1418 1918 1585 1991 relinquere.
1601 1919 1660 1973 lloc
1684 1933 1749 1989 pro·

62 2012 136 2067 dum
148 2014 227 2067 esset
243 2011 412 2082 perscrutati
429 2015 505 2067 sunt.
520 2010 645 2066 Tandem
663 2010 837 2066 definierunt
855 2014 886 2066 ut
933 2009 1008 2065 lecto
1022 2010 1115 2066 nullus
1127 2010 1283 2066 aulicorum
1293 2016 1409 2065 tuorum
1419 2010 1471 2066 tibi
1484 2010 1750 2068 debetdissuadere.

63 2106 160 2172 Falco,
188 2105 239 2176 qui
266 2104 360 2176 major
385 2109 454 2161 natu
480 2108 551 2173 erat,
576 2103 664 2175 patris
689 2104 826 2159 honorem
854 2102 884 2157 in
934 2102 1005 2157 Nam
1026 2103 1099 2158 sicut
1119 2119 1212 2158 mores
1231 2102 1271 2158 tui
1286 2103 1387 2174 placidi
1407 2109 1483 2171 sunt,
1498 2108 1651 2174 amantque
1671 2106 1748 2159 tran·

62 2199 145 2254 ltalia
160 2198 328 2270 possideret,
342 2198 422 2269 llugo
434 2202 530 2253 autem
550 2198 640 2254 irater
653 2197 714 2268 ejus
728 2197 884 2254 Cenoman-
934 2195 1103 2267 quillitntem
1124 2197 1212 2268 pacis,
1226 2197 1265 2251 sic
1279 2196 1363 2268 hujus
1384 2196 1483 2261 incolae
1502 2197 1628 2267 regionis
1646 2199 1752 2253 vacant

62 2307 187 2347 oensem
219 2289 409 2363 principatum
441 2306 473 2345 ex
503 2290 601 2345 matris
634 2289 798 2345 haereditate
831 2288 883 2344 sibi
933 2289 1023 2358 bellis,
1041 2295 1068 2344 et
1082 2290 1265 2360 impatientes
1277 2294 1343 2345 suut
1362 2290 1478 2361 quietis.
1493 2291 1632 2345 Praeterea
1646 2290 1750 2361 impla-

63 2386 236 2455 reposceret.
252 2383 380 2455 lienique
399 2381 548 2438 Gaulridus
568 2382 767 2450 liadeniensis,
780 2388 809 2437 et
829 2383 882 2438 lle·
933 2382 1037 2437 cabitos
1057 2382 1210 2437 Narmauni
1234 2382 1458 2438 Cenomanniam
1479 2382 1701 2453 calumniantur,
1720 2386 1751 2438 et

63 2477 126 2545 lias,
142 2477 251 2548 aliique
269 2476 341 2532 cives
356 2478 386 2531 et
403 2476 538 2548 oppidani
551 2475 715 2531 venientem
736 2476 884 2547 liuganem
933 2491 999 2531 cum
1010 2476 1120 2547 ingenti
1134 2476 1248 2532 feritate
1262 2475 1480 2533 cenomannicis
1493 2476 1557 2532 dira
1569 2476 1748 2531 comminan-

61 2570 358 2642 susceperuntuque
377 2570 413 2625 ad
432 2568 679 2639 obtinendumjus
698 2586 734 2624 ex
753 2571 883 2624 materna
933 2571 990 2629 tur.
1013 2569 1084 2624 Nam
1109 2569 1161 2624 lilii
1185 2569 1260 2641 regis
1285 2569 1437 2640 Guillelmi,
1454 2569 1504 2642 qui
1525 2570 1594 2625 olim
1619 2569 1695 2625 inter
1718 2584 1749 2625 se

62 2664 407 2734 hereditatecompetens
415 2661 580 2734 aliquandiu
588 2661 882 2734 sirllragatisuntllll.
933 2661 1117 2731 dissidebant,
1131 2679 1207 2719 nunc
1226 2663 1400 2719 reconciliati
1417 2666 1495 2730 sunt,
1509 2668 1538 2719 et
1556 2663 1586 2718 in
1605 2664 1747 2719 Norman·

98 2765 280 2822 Venerabilis
308 2767 406 2820 autam
432 2764 546 2820 Hoellus
573 2764 700 2831 antistes,
726 2763 776 2835 qui
807 2763 883 2818 dono
933 2755 1010 2809 niam
1032 2771 1096 2810 cum
1119 2756 1219 2826 grandi
1238 2754 1363 2811 exercitu
1386 2755 1570 2824 conveniunt,
1585 2759 1618 2811 ut
1639 2756 1669 2810 iu
1689 2761 1747 2811 ter-

62 2858 213 2916 Guillelmi
237 2857 314 2929 regis
339 2858 525 2928 presulatum
549 2856 657 2924 habuit,
679 2857 732 2929 ipsi
757 2856 882 2928 filiisque
933 2864 995 2903 ram
1009 2852 1136 2905 nostram
1156 2852 1274 2919 repente
1295 2851 1453 2917 accurrant,
1471 2851 1500 2903 et
1515 2865 1566 2904 uos
1581 2848 1630 2919 qui
1649 2854 1750 2904 contra

61 2952 125 3024 ejus
144 2967 264 3024 semper
283 2948 375 3005 fidelis
395 2950 511 3017 exstitit,
530 2956 559 3005 et
583 2950 612 3004 in
632 2952 770 3021 quantum
790 2948 884 3021 potuit
933 2942 995 2997 illos
1019 2941 1220 2997 rebellavimus
1246 2942 1388 2998 atrocibus
1411 2940 1498 2996 armis
1524 2941 1696 3013 impugnent
1722 2946 1752 2998 et

61 3045 259 3101 truculemem
279 3044 535 3099 recalcitrationem
558 3043 704 3110 dissuasit;
724 3042 883 3114 pertinaces
893 3035 1064 3156 Cpuniani.
1089 3036 1166 3092 llaoc
1188 3037 1250 3092 sine
1272 3035 1360 3092 dubio
1381 3036 1465 3091 crede
1489 3035 1663 3107 precipuum
1682 3051 1749 3091 cau·

62 3154 132 3195 vero
152 3137 311 3207 interdixit,
329 3137 482 3210 pontificali
500 3137 567 3207 jure
587 3136 836 3191 anathematizavit
856 3140 885 3193 et
925 3145 1005 3196 -sam,
1025 3145 1077 3200 pro
1098 3146 1155 3200 qua
1171 3129 1337 3186 Guillelmus
1355 3145 1404 3184 rex
1427 3145 1494 3184 cum
1512 3129 1624 3200 ingenti
1645 3144 1751 3201 pompa

62 3248 80 3287 a
103 3230 256 3287 liminibus
279 3236 384 3286 sancta
409 3229 510 3286 matris
534 3228 665 3284 Ecclesia
690 3229 889 3300 sequestravit,
934 3222 1060 3278 venitin
1080 3223 1400 3294 Neustriam,cujus,ut
1417 3222 1647 3292 reor,adaentus
1667 3221 1749 3279 nobis

62 3325 246 3397 Quapropter
266 3322 430 3379 rebellionis
455 3322 618 3378 incentores
639 3325 737 3378 contra
755 3339 821 3378 eum
839 3323 882 3378 ni·
934 3316 1025 3388 pan'et
1038 3332 1153 3389 gravem
1162 3322 1272 3373 metum
1287 3319 1317 3373 ct
1329 3315 1545 3387 occupationem
1555 3317 1746 3373 maximam.»
1855 3346 1867 3357 ε

62 3417 117 3474 ruia
137 3417 207 3473 irati
223 3422 300 3485 sunt,
314 3422 342 3472 et
361 3415 475 3487 injuriis
496 3432 564 3471 eum
585 3415 699 3471 allicere
719 3415 884 3472 terribiliter
968 3419 1033 3474 llaec
1045 3418 1084 3474 ita
1098 3418 1206 3475 dicsmi
1223 3417 1374 3473 manifeste
1389 3417 1471 3489 lingo
1485 3417 1643 3489 propalavit
1663 3417 1749 3474 ileliae

62 3509 236 3567 comminati
255 3515 332 3565 sunt.
347 3511 462 3565 interea
483 3508 552 3564 dum
571 3525 623 3581 per
640 3509 785 3565 dioecesim
803 3525 884 3565 suam
934 3513 1009 3584 quod
1028 3528 1112 3568 suurn
1130 3511 1216 3568 vellet
1233 3512 1411 3567 consulatum
1432 3512 1563 3578 vendere,
1583 3511 1749 3583 patriosque

62 3620 127 3660 cum
141 3602 254 3660 clericis
271 3602 329 3658 suis
342 3602 492 3676 equitaret,
510 3604 539 3657 et
556 3602 707 3674 episcopali
720 3618 799 3658 more
818 3602 881 3658 olli·
933 3609 1051 3676 penates
1072 3605 1203 3662 revisere.
1228 3603 1322 3660 Helias
1345 3603 1414 3660 dixit
1440 3622 1447 3660 :
1477 3625 1491 3656 ι
1516 3604 1657 3675 Cognatas
1683 3605 1750 3660 tuus

63 3698 140 3753 cium
167 3713 254 3752 suum
276 3696 393 3752 solerter
421 3698 577 3763 exerceret,
600 3695 693 3751 Helias
715 3696 750 3752 de
772 3695 884 3751 Flecbia
933 3714 1007 3766 sum,
1028 3698 1153 3766 domine,
1172 3697 1368 3770 suffragioque
1390 3714 1454 3754 meo
1477 3697 1647 3753 sublimatus
1669 3712 1700 3752 es
1717 3696 1749 3752 in

62 3807 129 3848 eam
155 3790 384 3862 comprehendit,
407 3792 437 3844 et
457 3789 488 3844 in
506 3804 618 3844 carcere
639 3789 731 3844 donec
749 3790 830 3861 Hugo
853 3789 883 3845 in
933 3792 1098 3848 consulatus
1111 3792 1231 3859 honore,
1245 3808 1333 3863 quem
1348 3792 1419 3848 nulli
1432 3797 1513 3863 potes
1525 3790 1580 3847 nisi
1595 3790 1666 3846 mihi
1679 3790 1749 3846 dare

63 3884 133 3941 urbe
146 3883 363 3940 Cenomannica
375 3888 521 3954 susceptus
538 3883 647 3953 fuisset,
664 3883 789 3938 vinctum
808 3899 882 3955 pras·
933 3885 978 3941 vel
999 3887 1134 3942 vendere.
1147 3886 1220 3941 Nam
1239 3885 1297 3940 illia
1319 3885 1448 3942 lierbcrti
1469 3885 1580 3941 comitis
1599 3882 1747 3940 lancelino

61 3977 156 4034 sulem
178 3976 281 4033 tenuit.
304 3978 389 4031 Porro
416 3976 534 4031 ccclesia
558 3974 627 4031 dicti
657 3976 800 4048 pontilicis
825 3993 883 4033 suaa
933 3980 968 4036 dc
994 3980 1162 4052 balgenceio
1187 3979 1293 4053 nupsit,
1317 3980 1400 4051 eique
1426 3979 1609 4036 Lanceliuum
1638 3976 1749 4033 Radulfl

63 4069 214 4127 alssmtiom
238 4069 394 4136 condoluit,
415 4069 586 4142 Domiuique
612 4075 723 4125 sanctas
743 4070 884 4143 imagines
933 4077 1054 4145 patrem,
1068 4079 1096 4128 et
1107 4074 1244 4130 ioannem
1260 4089 1357 4129 meum
1377 4073 1538 4145 genitorem
1554 4071 1677 4144 peperit
1692 4072 1749 4127 Hoc

62 4180 128 4221 cum
158 4161 303 4231 crucibus,
327 4166 355 4217 et
379 4167 540 4218 sanctarum
565 4162 670 4218 scrinia
697 4163 883 4235 reliquiarum
933 4168 1029 4239 itaque
1050 4167 1170 4223 disserui
1192 4167 1352 4237 manifeste,
1368 4171 1400 4222 ιιι
1417 4166 1551 4222 mesicut
1571 4149 1599 4220 te
1619 4165 1688 4221 scias
1702 4181 1748 4221 or·

63 4257 98 4313 ed
110 4262 225 4314 terram
238 4255 379 4328 deposuit,
390 4259 420 4311 et
431 4261 528 4327 portas
540 4256 720 4312 basilicarum
734 4256 823 4329 spinis
833 4255 881 4313 ob·
933 4266 995 4316 tum
1017 4261 1052 4316 de
1069 4260 1181 4315 comitis
1202 4258 1330 4315 Herberti
1348 4258 1497 4331 progenie.
1512 4259 1591 4314 Nunc
1609 4258 1697 4330 igitur
1714 4259 1750 4314 de

61 4350 179 4417 meavit,
192 4355 223 4404 et
242 4365 259 4405 a
273 4350 408 4421 clangore
427 4349 588 4421 signorum,
603 4351 764 4421 celebrique
784 4354 882 4421 cantu,
934 4370 999 4410 meo
1010 4347 1086 4424 quod
1099 4354 1174 4408 inter
1187 4369 1240 4408 nos
1252 4353 1418 4409 convenerit
1431 4353 1537 4423 accipe,
1549 4352 1748 4408 etconsulatus

63 4444 212 4516 solitisque
239 4442 398 4514 solemniis,
421 4449 453 4499 ut
479 4443 564 4499 vidua
591 4460 727 4514 moerens,
754 4444 882 4516 cessavit,
893 4449 923 4521 D
934 4453 1055 4503 stemma
1075 4447 1145 4501 mihi
1158 4446 1283 4515 dimitte,
1299 4445 1377 4518 quod
1395 4462 1492 4501 meum
1507 4446 1592 4502 debet
1610 4461 1670 4502 esse
1685 4460 1749 4501 con·

62 4537 257 4611 lacrymisque
271 4537 388 4593 vacavit.
933 4540 1132 4612 sanguinitatis
1158 4540 1234 4610 jure.
1260 4539 1348 4595 Grave
1374 4539 1491 4611 quidem
1524 4542 1554 4594 et
1575 4537 1748 4594 laboriosum

94 4630 287 4700 Cenomanni,
303 4633 457 4703 postquam
471 4646 578 4686 novum
592 4631 727 4687 comitem
739 4648 822 4688 suum
836 4632 882 4688 di·
932 4634 1009 4706 quod
1031 4637 1144 4705 appeto,
1160 4633 1228 4704 quia
1244 4633 1290 4688 vix
1303 4636 1353 4688 aut
1370 4612 1531 4704 nunquam,
1541 4648 1607 4688 cum
1627 4634 1685 4687 tres
1697 4630 1748 4687 lilii

63 4723 136 4782 vitiis
150 4728 182 4780 et
192 4739 279 4780 sensu
292 4740 325 4779 ac
339 4724 444 4780 virtute
465 4724 581 4796 inopem
594 4741 655 4780 csse
677 4729 880 4798 cognoverunt,
933 4727 1009 4800 regis
1022 4726 1164 4783 Guillelmi
1177 4725 1343 4796 advixerint,
1360 4727 1390 4781 in
1403 4742 1474 4797 pace
1488 4725 1645 4798 possidebo.
1661 4724 1748 4781 Valde

62 4817 259 4892 imprudentis
282 4816 337 4888 (ld)
360 4817 428 4873 facti
455 4819 498 4873 sui
521 4821 699 4890 paenitentes,
723 4836 788 4875 eum
811 4820 884 4875 sicut
934 4821 1082 4891 indignum
1106 4820 1215 4876 videtur
1235 4819 1322 4874 tantis
1347 4818 1531 4890 principibus,
1552 4818 1600 4890 qui
1619 4835 1671 4875 nos
1693 4818 1747 4874 cir-

62 4910 221 4968 Sicbimitae
243 4910 407 4967 abimelech
430 4912 539 4981 (lodic,
562 4912 611 4981 rx),
635 4912 836 4984 despicabilem
856 4918 884 4968 et
933 4915 1103 4970 cnmuallare
1122 4918 1241 4987 possunt
1259 4913 1381 4968 militurn
1398 4916 1512 4969 centum
1532 4911 1667 4979 millibus,
1682 4916 1714 4968 ut
1731 4928 1750 4967 a

63 5021 183 5063 exosum
201 5004 375 5061 babuerunt.
391 5006 561 5077 imprudens
575 5005 654 5061 enim
670 5012 697 5060 et
717 5006 838 5078 ignavus
850 5022 883 5062 ac
933 5007 1130 5063 collimitaneis
1152 5007 1359 5062 contribulibus
1383 5006 1499 5078 impune
1523 5006 1668 5078 patiantur
1696 5005 1749 5061 ali·

63 5098 143 5157 deses
165 5102 241 5168 erat,
262 5089 406 5170 tantaeque
425 5098 572 5171 dignitatis
592 5099 718 5155 habenas
740 5099 883 5156 moderari
934 5102 1011 5174 quod
1028 5102 1158 5169 dedecus,
1174 5102 1216 5156 rel
1237 5100 1334 5173 aliquo
1351 5100 1438 5156 modo
1455 5099 1588 5156 emittant
1608 5099 1669 5157 sine
1689 5102 1748 5156 ter-

89 5310 141 5377 (17)
157 5310 324 5365 Secundum
344 5310 471 5376 Hugonis
490 5311 519 5362 in
536 5306 756 5364 Cenomanniam
777 5311 884 5365 adven·
933 5310 1016 5378 filium
1039 5312 1199 5378 impuberem
1216 5313 1361 5378 Bagauna.
1386 5312 1434 5378 qui
1456 5311 1544 5378 putris
1564 5313 1592 5362 ia
1615 5311 1752 5378 tigurium

64 5389 121 5437 tum
135 5383 186 5435 laic
205 5386 302 5433 narrat
314 5380 464 5435 Ordericus
479 5397 484 5431 :
501 5382 582 5433 Prior
600 5396 663 5434 asro
685 5383 791 5448 contigit
812 5384 885 5435 circo
933 5386 1033 5436 reuersi
1046 5397 1181 5436 successor
1190 5384 1238 5435 sub
1260 5383 1343 5436 tutelo
1362 5385 1457 5436 matris
1478 5384 1551 5447 opud
1572 5385 1752 5437 Cracmcnaos

61 5453 257 5521 maurillii,
277 5467 336 5505 cusa
357 5456 462 5519 pertesi
485 5455 614 5504 nimirum
632 5455 692 5518 iugi
711 5455 885 5505 Normonoici
934 5459 1081 5518 remansit;
1101 5455 1147 5507 scd
1162 5456 1249 5507 eodem
1266 5461 1358 5521 posteo
1380 5469 1498 5506 remeare
1518 5459 1623 5506 coactus
1642 5454 1703 5518 luit,
1720 5460 1752 5506 ut

62 5539 79 5576 o
104 5522 250 5579 Guiltatmo
274 5523 357 5574 Nolito
381 5522 433 5575 sibi
458 5524 584 5588 impositi,
609 5526 744 5576 Aaronem
770 5525 886 5589 tigurius
934 5541 1017 5592 supra
1031 5527 1126 5580 videre
1147 5531 1189 5577 est
1207 5540 1241 5578 ex
1262 5528 1332 5578 actis
1350 5526 1624 5579 Cenomannensium
1645 5527 1753 5592 episeo-

64 5599 192 5658 ooraiiem,
209 5609 264 5662 quo
280 5600 395 5660 tompore
418 5596 446 5645 in
461 5594 558 5661 laqiiu
578 5609 668 5647 recens
690 5602 818 5660 occupatu
840 5594 886 5646 iilo
933 5613 1041 5665 porum.

61 5668 236 5726 mour,
248 5666 414 5718 Cenooaouai
433 5671 461 5716 ut
483 5666 535 5716 sibi
557 5673 676 5731 praesset
698 5668 884 5719 accersierunt.
1201 5666 1273 5718 Dora
1290 5667 1438 5729 Bouuunr,
1457 5667 1504 5719 lib.
1523 5681 1581 5730 vm,
1594 5683 1620 5733 p.
1635 5670 1690 5725 639,

64 5739 186 5795 erasm
198 5750 284 5809 porro
297 5736 342 5790 iilo
355 5750 443 5791 arcum
456 5751 511 5789 aaa
527 5751 584 5791 cura
599 5752 682 5791 onore
693 5753 745 5792 suo
756 5740 886 5792 Gorscada
966 5741 1016 5804 (aa)
1032 5740 1068 5793 Le
1083 5739 1196 5791 Pravost
1212 5755 1218 5788 :
1234 5739 1423 5805 imprudentes.
