3750 6046
61 188 113 254 tlt
510 194 667 254 HISTORIA
686 194 953 255 acaunensium.
969 194 1100 253 -PARS
1119 194 1141 251 1.
1155 194 1266 253 -ΠΒ,
1285 192 1319 253 ll.
1702 192 1753 258 lli

61 320 96 375 de
109 336 149 376 co
166 319 313 377 relatione
331 318 368 376 ad
389 319 544 387 Herodem,
558 320 721 393 impetravit
740 324 772 377 ut
791 318 1060 407 dcccl-Allerodes
1080 336 1129 377 rex
1152 320 1317 377 custodibus
1339 320 1464 378 nimium
1485 319 1573 379 iratus
1593 326 1645 379 est.
1665 322 1751 397 Regis

60 416 181 471 mauri.
206 416 338 486 Cumque
366 414 485 470 iacchus
516 431 584 470 eum
610 415 749 471 osculatus
773 414 884 483 fuisset,
938 431 1002 471 vcro
1024 414 1133 470 lacinus
1153 416 1182 471 in
1201 417 1346 487 apostolos
1368 419 1562 489 perpetratum
1582 418 1750 475 dilationem

61 524 184 563 manum
205 524 286 563 suam
307 524 395 581 snper
414 513 502 581 caput
521 509 585 580 ejus
606 507 709 580 posuit,
730 507 885 580 ipsumque
936 526 996 565 nou
1020 509 1127 581 patitur
1150 509 1278 579 ultionis,
1306 511 1355 566 sed
1379 511 1516 567 continuo
1542 511 1644 568 vindex
1669 514 1750 569 adest

61 602 139 658 tacto
153 602 305 673 signaculo
319 603 410 658 crucis
429 603 459 658 in
477 603 572 659 ironte
589 602 651 675 ejus
668 602 825 659 benedixit.
839 601 885 658 Sic
935 603 1051 659 dextera
1072 602 1244 672 Divinitatis,
1268 604 1342 659 sicut
1360 606 1450 661 Lucas
1469 605 1571 661 edocet
1589 606 1618 662 in
1634 607 1749 663 Actibus

62 697 211 768 perlectus
231 696 262 753 iu
285 696 344 752 lide
367 713 432 752 cum
453 696 581 768 apostolo
602 695 758 753 decollatus
780 698 832 764 est,
855 699 886 751 ct
933 696 1129 768 apostolorum
1144 698 1234 765 (iota,
1250 698 1355 768 13-23),
1372 699 1549 771 ctiosephus
1564 699 1594 756 in
1607 715 1684 757 nono
1697 701 1747 757 de-

64 789 209 845 amhobus
240 790 506 847 remunerationem
532 797 669 847 eternam
701 789 885 862 omnipotens
934 789 1095 846 cimolibro
1108 792 1330 861 Antiquitatum
1344 808 1488 849 namcum
1501 794 1670 863 cesaream,
1683 812 1749 867 qum

65 885 237 941 Dnmauuel
251 885 372 958 largitus
384 889 436 941 cst.
933 886 1044 955 Pyrgus
1062 883 1199 941 Stratonis
1218 886 1297 957 prius
1318 886 1480 957 vocabatur,
1504 887 1704 954 descendisset,
1720 891 1750 944 et

97 981 309 1036 eonsummato
320 978 419 1051 itaque
436 979 514 1035 beati
531 978 626 1035 iacobi
643 979 772 1051 apostoli,
787 978 884 1034 fratris
934 977 964 1032 in
978 977 1026 1034 die
1039 977 1173 1046 solemni,
1184 995 1250 1034 cum
1265 978 1294 1035 in
1309 980 1450 1036 honorem
1462 981 1582 1037 essoris
1591 984 1751 1054 spectacula

66 1074 177 1146 egregii
203 1073 320 1130 ioannis
339 1074 538 1146 Evangelistes,
563 1073 715 1145 martyrio,
737 1073 814 1146 quod
836 1089 884 1129 vui
934 1070 1041 1127 civibus
1055 1071 1165 1140 ederet,
1179 1072 1318 1144 praeclara
1336 1077 1412 1130 veste
1429 1090 1462 1130 ex
1481 1091 1551 1130 auro
1571 1078 1750 1148 argentoque

67 1168 123 1223 uu.
137 1167 261 1240 Augusti
274 1167 374 1223 festive
393 1166 520 1224 celebrat
535 1167 666 1223 Ecclesia
680 1167 803 1235 devotio,
817 1184 883 1239 sep·
934 1165 1106 1222 mirabiliter
1117 1169 1248 1222 contexta
1260 1167 1377 1223 indutus
1388 1168 1424 1223 ad
1438 1169 1581 1225 theatrum
1590 1171 1745 1241 processis·

67 1271 123 1319 tcm
139 1261 275 1334 discipuli
292 1262 364 1333 eius,
380 1261 430 1334 qui
447 1261 483 1316 ab
503 1278 536 1318 eo
555 1262 585 1318 in
605 1277 671 1318 vora
686 1260 744 1317 ude
762 1261 884 1317 instituti
933 1264 985 1327 set,
1013 1275 1046 1314 ac
1071 1276 1123 1330 pro
1151 1259 1286 1317 tribunali
1311 1262 1493 1333 consedisset,
1517 1263 1600 1334 eique
1625 1264 1747 1337 populus

68 1356 192 1429 passioni
216 1355 281 1427 ejus
306 1356 510 1424 iuterfuerunt,
534 1372 640 1427 corpus
663 1357 725 1427 ejus
748 1355 883 1411 divinitus
933 1353 1117 1409 concionanti
1142 1354 1178 1409 de
1200 1354 1327 1426 sublimi,
1351 1356 1407 1423 dei,
1426 1372 1484 1411 non
1502 1357 1628 1412 hominis
1650 1374 1748 1414 vocem

69 1451 155 1506 edocti
179 1455 298 1506 vetustas
316 1451 383 1506 nari
403 1450 615 1522 imposuerunt,
632 1451 747 1522 altoque
769 1449 882 1522 pelago,
934 1447 1113 1516 acclamaret,
1129 1448 1226 1504 statim
1244 1449 1364 1522 angelus
1382 1450 1496 1506 Domini
1513 1451 1652 1522 percussit
1668 1467 1747 1520 eum,

69 1546 125 1601 sirm
144 1544 342 1617 gubernatore
364 1544 590 1617 necessariisque
610 1544 819 1612 instrumentis,
842 1560 882 1614 se,
933 1558 967 1598 eo
980 1543 1055 1614 quod
1070 1541 1192 1614 gloriam
1204 1545 1262 1599 Deo
1277 1559 1336 1599 non
1351 1543 1472 1614 dederit,
1485 1549 1513 1601 ei
1526 1548 1635 1602 scatens
1649 1547 1750 1603 vermi·

69 1640 249 1711 dispensante
270 1640 339 1707 Deo,
355 1638 573 1694 commiserunt.
591 1637 636 1696 Sic
654 1637 729 1694 miro
750 1637 834 1694 modo
852 1637 883 1694 in
933 1636 986 1691 bus
998 1641 1063 1706 post
1075 1636 1204 1708 quinque
1218 1636 1279 1693 dies
1293 1637 1455 1709 exspiravit.

70 1733 230 1805 hispaniam
244 1732 356 1805 appulsi
372 1734 450 1801 sunt,
459 1735 489 1788 et
498 1749 515 1788 a
524 1748 594 1804 rege
607 1731 732 1788 Gallicioe
747 1732 881 1804 suscepti,
893 1706 977 1785 Bw.
995 1731 1112 1787 Verbum
1126 1729 1225 1787 Christi
1238 1735 1419 1802 propagatur.
1435 1732 1604 1789 Antiocheno
1616 1735 1747 1791 &etesia

67 1828 188 1898 pomum
208 1826 298 1881 fldem
311 1829 341 1882 et
352 1826 524 1897 religionem
541 1826 630 1882 Iberis
643 1826 880 1898 predicaverunt,
1090 1825 1173 1880 Pauli
1186 1830 1212 1880 et
1224 1826 1358 1881 Darnaba
1368 1826 1587 1896 praedicationes.

66 1921 158 1994 ibique
172 1919 370 1976 venerabilem
383 1920 561 1992 sepulturam
574 1919 711 1992 magistro
723 1936 776 1975 sno
785 1920 882 1992 adepti
966 1917 1093 1989 Agrippa
1106 1934 1173 1974 vero
1186 1918 1261 1974 lilius
1277 1920 1339 1991 ejus
1352 1937 1419 1975 xxm
1440 1920 1534 1989 aunis,
1548 1920 1577 1977 id
1596 1924 1641 1978 est
1660 1938 1746 1995 usque

65 2020 137 2071 sunt.
158 2014 247 2069 Haila
263 2013 373 2069 ibidem
393 2013 532 2070 miracula
550 2013 661 2069 meritis
678 2013 768 2069 sancti
788 2013 882 2071 iacobi
932 2010 969 2065 ad
979 2010 1181 2067 exterminium
1194 2012 1370 2082 indecorum,
1381 2014 1521 2086 regnavit,
1533 2017 1562 2070 et
1570 2030 1671 2085 pacem
1681 2032 1747 2071 cunr

65 2109 182 2181 apostoli
194 2109 272 2163 iacta
286 2111 365 2176 sunt,
381 2111 411 2164 et
425 2106 603 2164 habitatores
622 2108 709 2164 totius
725 2109 881 2180 provincie
931 2105 1067 2160 Romanis
1079 2109 1108 2162 et
1122 2107 1290 2163 Christianis
1302 2107 1412 2164 habuit.
1429 2108 1560 2164 Verbum·
1566 2108 1678 2166 Domini
1687 2126 1747 2166 cre-

63 2202 235 2274 jamdudum
247 2201 354 2260 Christi
368 2202 453 2257 fldem
468 2207 666 2274 susceperunt.
681 2204 712 2259 ln
726 2201 793 2258 sede
807 2218 880 2274 pon·
930 2199 1027 2255 scebat
1041 2203 1069 2255 et
1082 2200 1337 2271 multiplicabatur.

65 2297 157 2352 aheni
178 2295 362 2352 canonicales
381 2296 496 2351 esseda
520 2296 760 2367 pretiosissimum
779 2312 881 2368 corpus
965 2294 1116 2349 Antiochia
1132 2297 1162 2349 in
1182 2295 1303 2351 mensa
1322 2297 1464 2368 propheta
1484 2301 1509 2353 et
1529 2297 1649 2353 doctores
1670 2302 1748 2354 eram

68 2390 185 2463 apostoli
194 2394 369 2446 veneranter
377 2389 551 2456 custodiunt,
563 2394 592 2446 ot
600 2389 667 2445 illuc
676 2389 777 2446 fideles
788 2390 882 2447 Chris-
930 2387 1070 2442 Durnobcs·
1096 2393 1121 2443 et
1144 2390 1237 2445 Simon
1263 2390 1359 2458 Nicer.
1378 2390 1476 2445 Lucius
1502 2393 1666 2459 Cyrenaicis,
1689 2393 1746 2445 Μα-

68 2485 152 2540 ticotse
172 2484 208 2539 de
232 2483 344 2539 cunctis
361 2483 524 2539 climatibus
547 2482 624 2539 orbis
642 2487 827 2555 concurrunt,
848 2501 881 2540 ac
930 2482 1018 2537 nahen
1048 2482 1163 2538 Herodis
1195 2482 1336 2538 tetrarcha
1364 2483 1543 2540 collactaneus
1576 2490 1601 2539 ct
1632 2486 1743 2541 Seuius.

65 2579 96 2633 sd
113 2577 295 2634 exorandum
314 2576 486 2633 clementem
510 2577 620 2634 Adonai
642 2595 694 2649 per
712 2577 881 2651 apostolicos
930 2576 1151 2631 Missistrantitus
1172 2577 1229 2632 iltis
1255 2578 1376 2639 Domim,
1401 2581 1427 2631 et
1442 2577 1647 2648 ieiunantibus,
1672 2580 1746 2635 dicit

68 2672 241 2729 interventus
253 2671 439 2728 conveniunt.
887 2715 892 2724 .
929 2671 1048 2739 Spiritus
1067 2675 1201 2725 seruatus:
1220 2670 1350 2740 Separate
1370 2671 1437 2725 mihi
1457 2671 1613 2727 Barnabam
1632 2676 1657 2727 et
1677 2673 1745 2728 Sun-

96 2766 224 2822 lierodes
236 2782 299 2834 rex,
314 2767 550 2839 quemiosephus
563 2766 722 2839 Agrippam
737 2767 879 2837 nominat,
932 2765 987 2819 tum
999 2765 1029 2818 in
1047 2779 1113 2833 opus
1128 2764 1188 2834 [rid]
1205 2764 1277 2835 quod
1296 2767 1432 2834 ossurnpsi
1445 2779 1499 2819 cos.
1522 2767 1597 2820 Tunc
1611 2766 1746 2835 jejunan-

64 2861 158 2915 ridens
172 2861 289 2932 gratum
306 2875 369 2916 esse
390 2859 495 2916 iudeis
514 2860 592 2932 quod
612 2861 749 2917 iacobum
767 2861 879 2917 occide·
932 2862 969 2912 tes
991 2862 1017 2912 et
1037 2862 1145 2913 mantes
1168 2862 1194 2913 et
1212 2873 1308 2913 iniurius
1326 2861 1363 2913 eis
1382 2860 1556 2929 imponentes.
1572 2860 1742 2931 dimiserunt,

64 2959 112 3022 rat,
125 2956 243 3010 Petrum
260 2969 378 3026 quoque
395 2954 425 3008 in
444 2970 590 3010 cameram
606 2953 684 3010 misit
708 2958 738 3009 et
758 2960 882 3027 quatuor
933 2953 987 3022 ipsi
1001 2953 1119 3022 quidem,
1135 2967 1153 3007 a
1171 2951 1277 3021 Spiritu
1290 2957 1383 3008 structo
1400 2955 1487 3016 rnissi,
1504 2955 1652 3011 Seleuciam
1671 2955 1743 3009 obic-
1772 3017 1777 3025 ‚

63 3047 298 3119 quaternionibus
315 3047 441 3103 militum
458 3048 494 3103 ad
508 3048 730 3104 custodiendum
749 3049 876 3105 tradidit.
930 3052 1007 3108 runt,
1022 3050 1048 3101 et
1066 3046 1129 3102 inde
1147 3045 1267 3116 Cyprum
1282 3047 1489 3114 navigaverunt.
1505 3046 1650 3102 Salamine
1663 3050 1746 3118 insy-

63 3143 158 3197 Pctrus
169 3141 291 3214 quidem
303 3142 515 3198 servabaturin
533 3158 645 3199 cmcere
661 3145 693 3198 ut
706 3143 878 3200 admortem
928 3141 1042 3210 moenis
1067 3139 1225 3196 ludaeorum
1249 3139 1359 3194 verbum
1390 3140 1438 3195 Dei
1463 3140 1693 3210 praedicaverunt,
1716 3143 1745 3197 et

63 3242 121 3308 post
137 3236 246 3291 Pascha
261 3235 470 3307 produceretur
488 3237 612 3308 publico.
634 3237 732 3293 Oratio
746 3238 877 3295 Ecclesiae
928 3236 1084 3290 uniuersam
1097 3233 1219 3289 insulem
1233 3232 1370 3303 usquead
1386 3233 1511 3304 Paphum
1529 3234 1744 3305 perambulave-

62 3332 235 3385 iucessantar
258 3328 393 3402 pulsabat
414 3346 498 3387 aures
522 3330 627 3387 dirlncc
652 3331 821 3402 majestatis,
842 3349 878 3389 ne
927 3332 996 3383 runt
1011 3327 1097 3399 (Aet,
1112 3343 1170 3394 xuu,
1186 3329 1250 3395 l-dl.

62 3429 154 3481 moero
169 3424 256 3496 gregi
276 3423 497 3481 subtraheretur
510 3425 552 3497 pii
571 3425 731 3481 subsidium
746 3427 876 3497 pastoris.
964 3420 1004 3476 lbi
1021 3421 1140 3494 Sergius
1155 3421 1259 3476 Paulus
1279 3421 1440 3492 proconsul,
1457 3422 1501 3476 vir
1518 3421 1654 3492 prudens,
1674 3422 1741 3477 Dar-

62 3518 189 3574 tilernens
208 3524 309 3575 autern
331 3521 405 3574 Deus
425 3535 478 3589 pro
494 3519 597 3575 dilecto
610 3513 807 3590 dispensatore
820 3521 876 3575 cito
927 3515 1031 3570 naham
1048 3518 1077 3571 et
1091 3516 1211 3572 Saulum
1224 3515 1362 3582 accersiit,
1375 3520 1415 3584 ct,
1435 3514 1633 3571 desideranter
1644 3515 1742 3571 audito

62 3628 154 3684 preme
166 3612 279 3668 audivit
293 3628 407 3684 sponse
426 3629 486 3668 suae
501 3618 529 3667 et
548 3612 639 3669 tidelis
653 3613 764 3684 amica,
779 3615 876 3670 ooeles·
927 3625 1057 3665 sermone
1077 3609 1137 3678 Dei,
1159 3608 1289 3665 credidit.
1313 3610 1389 3664 Tunc
1410 3608 1513 3664 Saulus
1531 3609 1661 3680 Elymam
1685 3625 1744 3663 ma·

63 3708 94 3761 tis
105 3707 259 3763 subventio
275 3707 335 3762 suis
350 3706 441 3763 adluit
462 3709 492 3762 at
505 3706 610 3779 impios
627 3709 744 3763 conotus
756 3708 877 3764 herodis
927 3720 1007 3776 gum,
1023 3703 1162 3758 doctrinm
1181 3702 1249 3758 lidei
1266 3703 1456 3770 resistentem,
1470 3703 1553 3773 jussu
1574 3702 1610 3758 ad
1629 3707 1743 3775 tempus

62 3800 222 3859 imstrando
241 3801 391 3872 praevenit.
405 3802 496 3857 lt'octu
519 3802 603 3858 Petro
622 3802 783 3858 dormiente
805 3806 877 3858 inter
926 3796 1085 3863 excecavit,
1102 3798 1132 3851 et
1143 3795 1261 3852 nomine
1275 3796 1361 3864 Pauli,
1378 3812 1465 3868 quem
1479 3796 1515 3851 de
1532 3796 1665 3868 gentibus
1679 3797 1741 3868 pri-

63 3894 124 3950 mos
143 3895 247 3951 milites
272 3893 365 3949 vincto
387 3895 496 3950 duobm
517 3897 630 3958 catenis,
655 3900 684 3951 et
708 3894 876 3952 custodibus
925 3907 1006 3946 mum
1030 3888 1086 3947 tide
1109 3889 1222 3957 devicit,
1244 3891 1275 3944 ut
1298 3889 1393 3962 Scipio
1415 3889 1564 3946 Africanus
1589 3905 1606 3945 a
1631 3888 1742 3945 devicta
1819 3904 1823 3911 ·

62 3996 119 4043 onte
137 3991 240 4044 mium
259 3988 394 4055 carceris,
413 3989 525 4057 angetur
547 3990 655 4045 Domim
675 4005 742 4044 curn
765 3989 875 4045 lumine
925 3984 1017 4041 Africa
1037 3983 1259 4056 cognominatus
1272 3986 1325 4053 ost,
1344 3983 1481 4056 appellari
1502 3983 1618 4040 meruit.
1635 3984 1743 4040 Deinde

63 4086 155 4145 latuit,
163 4097 345 4154 percussoque
353 4084 430 4137 Petri
442 4083 527 4138 tatere
540 4083 620 4138 titum
629 4085 873 4152 cantauitsurqe,
926 4084 1028 4150 Peraea
1047 4081 1216 4151 Pamphyliae
1232 4085 1258 4135 et
1276 4080 1450 4136 Antiochiam
1470 4081 1581 4137 Pisidia
1600 4089 1742 4145 umermn,

62 4175 158 4248 iuquit,
180 4177 320 4232 camier.
343 4175 407 4232 llox
429 4182 529 4232 catena
554 4177 587 4232 de
609 4177 733 4232 munitm
754 4176 810 4247 ejus
833 4193 874 4233 cc·
925 4180 951 4230 et
962 4177 1076 4244 ingressi
1087 4189 1256 4246 conopoeum
1274 4175 1318 4229 die
1333 4174 1512 4230 Sabbatorum
1525 4175 1664 4231 sedeunt.
1678 4177 1742 4232 Post

61 4270 179 4326 edormi
186 4272 352 4342 proauus
370 4273 399 4325 et
416 4270 557 4326 calceatus
574 4274 604 4326 et
621 4274 699 4325 reste
712 4270 873 4327 circumda·
925 4269 1065 4324 tectionem
1076 4270 1141 4336 least
1150 4275 1175 4323 et
1183 4269 1389 4340 prophetorum,
1399 4267 1576 4340 principibus
1585 4284 1741 4342 synagogae

62 4367 101 4419 tus
114 4364 214 4434 exivit,
227 4363 424 4435 angelumque
437 4367 563 4431 secutus,
578 4364 720 4420 custodias
734 4380 823 4437 usquc
838 4366 874 4421 ad
924 4361 1127 4431 annuentibus,
1141 4362 1243 4417 Paulas
1262 4363 1393 4430 surrexit,
1409 4367 1435 4418 et
1454 4379 1538 4417 mann
1552 4362 1688 4419 sitentium
1700 4366 1742 4419 in·

63 4464 172 4529 portam
186 4458 398 4529 ferreumque
412 4458 488 4514 ultro
501 4462 599 4531 aperta
611 4461 654 4515 est
668 4458 719 4526 eis,
732 4450 915 4531 pertrans-D
926 4458 1025 4522 amens,
1044 4455 1194 4511 historiam
1217 4456 1444 4528 patriarcharum
1468 4457 1578 4527 optimc
1600 4457 1743 4513 recensuit

63 4554 117 4609 ivit
141 4554 210 4609 llario
226 4553 259 4608 in
276 4552 386 4607 somnis
406 4552 469 4608 lieri
491 4553 609 4625 putarit.
634 4552 800 4609 Discedente
823 4571 875 4608 an·
927 4557 955 4608 et
972 4550 1173 4623 promissiones
1191 4566 1208 4605 a
1230 4551 1289 4605 Deo
1312 4565 1363 4621 per
1384 4551 1537 4622 prophetas
1552 4549 1620 4604 olim
1642 4550 1741 4615 lacms,

63 4649 132 4720 gelo,
150 4648 183 4703 in
205 4661 236 4703 se
256 4661 389 4702 reversus
405 4646 446 4705 rei
464 4647 617 4703 venialem
635 4647 762 4719 agnovit,
776 4653 806 4703 et
823 4664 876 4719 pro
922 4645 1025 4718 jamin
1036 4643 1148 4700 Christo
1160 4643 1506 4716 consummatasperiecte
1520 4642 1740 4714 asseruit(ibid.‚

62 4741 209 4815 ereptione
227 4739 272 4795 sui
292 4754 345 4795 suo
367 4739 511 4797 liberatori
529 4741 636 4813 gratias
655 4741 715 4813 egit
730 4741 813 4813 (Aet,
829 4757 875 4809 xu,
928 4740 1017 4811 7-43).

60 4837 143 4905 itt).
961 4836 1091 4904 Sequenti
1113 4833 1231 4892 Sabbata
1252 4847 1321 4903 pene
1344 4833 1473 4887 universa
1499 4834 1594 4888 ciuitas
1618 4836 1742 4889 conuenit

88 4930 133 4985 Ad
152 4929 270 4997 ituree,
292 4928 342 5000 qui
363 4927 394 4983 in
416 4928 502 4985 domo
521 4928 614 4984 itariae
636 4929 738 4986 matris
760 4929 877 4986 ioannis
926 4930 1037 4985 cabum
1051 4929 1158 4984 Domini
1175 4927 1281 4983 audire.
1301 4925 1382 4981 Unde
1401 4925 1525 4981 zelantes
1538 4925 1629 4983 iudei
1649 4928 1741 4984 conati

58 5023 231 5098 cognomine
256 5022 344 5079 llarci
368 5024 536 5096 congregati
559 5026 651 5093 erant,
675 5023 762 5092 veuit,
785 5040 876 5097 eoque
927 5026 994 5079 sunt
1010 5021 1177 5094 blasphema
1191 5020 1416 5077 contradictione
1436 5021 1621 5093 apostolicam
1635 5022 1740 5094 predi·

57 5120 188 5192 pulsante
210 5117 328 5187 ostium,
351 5116 429 5173 Rode
449 5118 548 5190 puella
567 5118 604 5174 ad
625 5117 783 5174 videndum
805 5134 876 5190 pro·
927 5116 1065 5173 rationem
1083 5115 1231 5187 impedire.
1253 5118 1326 5170 Tunc
1340 5122 1494 5171 constanter
1505 5117 1607 5172 Pontus
1627 5122 1653 5172 et
1672 5118 1742 5172 Bar·

56 5213 150 5269 cessit.
164 5211 288 5284 Cognita
300 5227 367 5267 vero
381 5227 449 5269 voce
466 5212 552 5281 l’etri,
567 5228 626 5284 pres
641 5211 878 5285 gaudiojanuam
926 5211 1011 5267 nobas
1028 5210 1181 5266 dicerunt:
1202 5211 1284 5267 Vobis
1302 5211 1443 5280 oportebat
1459 5213 1579 5281 nmmum
1599 5212 1674 5282 toqui
1686 5227 1743 5267 ocr-

57 5324 115 5363 non
136 5305 264 5379 apernit,
283 5306 337 5361 sed
357 5305 566 5375 introcurrens,
584 5309 662 5363 stare
682 5308 798 5363 Petrum
823 5322 877 5377 pro
928 5306 991 5360 bum
1004 5307 1069 5371 Deir
1083 5303 1273 5373 sedquoniam
1286 5304 1418 5374 repellitis
1432 5304 1505 5359 illud
1518 5309 1543 5359 ct
1555 5304 1682 5374 indignos
1696 5319 1742 5363 cos

56 5401 168 5457 toribus
189 5399 344 5456 nuntiavit.
364 5399 492 5456 Tandem
511 5399 669 5472 ingressus,
691 5400 878 5471 obstupentes
921 5399 1053 5469 iudicatis
1074 5403 1182 5453 artene
1201 5398 1275 5461 uitae,
1302 5412 1358 5453 ecce
1380 5400 1559 5453 convertimur
1581 5397 1620 5453 ad
1640 5403 1741 5467 gentes.

56 5495 210 5567 discipulos
227 5493 413 5563 confortavit,
434 5500 464 5550 et
481 5494 604 5567 qualiter
623 5510 691 5550 eum
708 5494 745 5550 de
762 5510 877 5550 carcere
926 5495 971 5550 Sic
984 5495 1055 5547 enim
1064 5493 1196 5562 precepit
1215 5491 1293 5547 nobis
1308 5493 1436 5547 Dominus
1451 5509 1459 5546 ε
1473 5493 1556 5546 Posui
1568 5495 1593 5546 tc
1610 5494 1641 5546 in
1654 5492 1743 5548 tumen

56 5590 198 5647 Dominus
205 5588 353 5645 eduxisset
365 5588 519 5658 enarravit,
530 5604 719 5662 egressusque
727 5589 878 5645 confestim
927 5587 1064 5658 pentibus,
1080 5587 1156 5641 utris
1170 5587 1200 5640 in
1214 5586 1330 5641 satutem
1344 5600 1428 5656 usque
1440 5585 1478 5640 od
1491 5590 1638 5641 crtremnm
1654 5591 1742 5641 terra.

57 5686 85 5742 iu
105 5686 199 5741 aliurn
219 5685 317 5741 locum
341 5684 464 5741 seccmit.
490 5683 600 5740 Deinde
624 5684 727 5756 ingens
753 5683 878 5739 turbatio
928 5681 975 5737 liis
990 5679 1104 5750 auditis,
1121 5684 1211 5748 nentes
1225 5681 1327 5748 ganisa
1344 5685 1420 5738 situl,
1439 5685 1464 5733 ct
1484 5677 1532 5749 qui
1551 5677 1745 5749 pvraedestinuti

57 5780 135 5840 inter
145 5778 254 5840 milites
268 5777 402 5839 dePsho
419 5778 493 5839 taeta
506 5782 560 5851 est,
573 5793 665 5856 coque
678 5793 738 5837 uon
749 5782 877 5853 reperto,
930 5779 1013 5834 erant
1031 5775 1070 5835 od
1092 5776 1178 5836 utun
1199 5774 1390 5835 erefflnunt.
1411 5772 1509 5836 iudei
1528 5789 1616 5846 voro,
1632 5771 1762 5835 existam
