3750 6046
86 181 138 239 323
776 175 935 233 caueatur
954 176 1084 235 Vl'thlS
1708 172 1761 229 321

87 303 126 359 ris
138 303 282 358 invenitur
294 299 451 356 monachos
466 297 511 370 pie
530 297 747 355 constituerunt.
768 299 900 356 Coenobio
910 299 1058 389 Alescens
1073 296 1191 355 accessit
1204 300 1235 354 ut
1247 296 1405 354 monachus
1416 295 1507 366 lieret,
1522 298 1552 353 et
1569 295 1763 353 monachilem

88 397 180 453 multa
193 399 222 452 et
234 395 369 469 praeclara
382 393 804 461 construxeruutetcouaersis
817 392 899 449 iusti·
949 409 1082 449 normam
1100 391 1249 461 edisceret,
1270 407 1408 464 suamque
1431 390 1518 448 vitam
1538 389 1695 448 secundnm
1713 405 1763 447 vo·

88 493 149 546 tuta
160 489 302 561 regularia
315 487 449 544 verbiset
463 486 602 559 exemplis
615 484 806 542 tradiderunt.
822 486 899 557 llag·
949 486 1091 543 luntatem
1113 485 1164 541 uei
1185 484 1338 541 salubriter
1358 487 1512 553 coerceret,
1534 483 1659 556 aliosque
1678 483 1765 556 hujus

89 582 173 639 nifice
192 581 282 655 igitur
301 580 473 639 monachilis
490 578 560 637 ordo
579 579 642 652 plus
664 594 752 651 quam
775 579 901 663 ducentis
950 579 1058 636 ordinis
1069 582 1211 635 arnatmes
1225 595 1276 652 per
1290 576 1619 651 apostolorumaestigia
1630 592 1764 649 supernae

90 675 173 731 anuis
186 675 217 731 in
231 675 333 749 anglia
355 674 462 742 lloruit,
478 678 507 728 et
526 671 686 730 Christiana
703 671 802 744 religio
820 687 901 745 reges
950 672 1107 729 vocationis
1119 672 1153 729 ad
1166 671 1296 729 bravium
1310 671 1498 745 pertraheret.
1508 670 1591 737 Quod
1601 671 1643 728 ita
1654 670 1764 727 lactum

90 770 248 842 auglorum
271 768 453 826 Edelbertum
470 769 500 823 et
518 765 671 837 ilduinum,
690 765 850 822 oswaldum
873 768 903 821 et
952 769 1004 822 est.

91 862 195 934 Oltam,
214 863 340 936 aliosque
360 860 455 934 plures
479 859 599 916 feliciter
616 859 753 928 coercuit,
779 865 808 916 et
830 859 903 914 salu·
987 863 1052 917 Post
1073 860 1182 934 aliquot
1206 877 1298 917 annos
1322 858 1455 916 Osraldus
1477 875 1495 915 a
1515 859 1695 916 Floriacense
1719 873 1764 912 ar·

90 956 182 1014 briter
193 957 222 1013 in
237 961 364 1013 montem
377 954 514 1011 virtutum
527 953 656 1022 sustulit;
670 952 762 1010 donec
774 952 902 1009 lidmun·
952 954 1144 1010 cbimandrita
1157 953 1320 1027 benigniter
1338 952 1506 1027 rogantibus
1523 952 1623 1024 Anglis
1636 951 1766 1009 redditus

92 1051 145 1106 dus
157 1049 356 1122 Estauglornm
371 1065 434 1118 rex,
449 1063 515 1103 cum
530 1046 592 1102 ahie
607 1046 718 1103 dnobus
734 1045 846 1120 Angliae
858 1063 903 1104 re-
953 1051 1006 1104 est.
1021 1048 1055 1103 lit
1076 1046 1143 1120 qnia
1159 1046 1311 1120 multiplici
1330 1052 1388 1104 tam
1404 1045 1562 1119 sagacitate
1580 1061 1668 1119 quam
1686 1044 1766 1101 boni·

93 1141 185 1216 gibus,
209 1159 390 1216 paganorum
413 1141 509 1215 gladio
530 1142 642 1214 martyr
662 1140 803 1197 occubuit.
826 1142 904 1196 Tunc
953 1143 1012 1198 tate
1026 1141 1160 1215 pollebat,
1174 1140 1308 1197 omnibus
1321 1140 1432 1214 anglice
1446 1138 1584 1196 coeuohiis
1597 1139 1767 1213 praepositus

91 1235 197 1293 ethnici
210 1251 293 1309 reges
302 1237 449 1292 llanorum
459 1233 574 1307 oskytel
586 1233 759 1303 etGudrum,
770 1232 904 1289 hamund
956 1238 1006 1290 est.
1021 1234 1203 1291 venerabiles
1215 1251 1330 1308 quoque
1342 1234 1395 1305 riri
1407 1235 1572 1291 Dunstanus
1585 1249 1619 1289 ac
1632 1230 1767 1288 Adelrul-

92 1334 121 1385 et
135 1328 280 1399 lialldena,
293 1330 399 1401 inguar
412 1333 441 1384 et
458 1327 558 1384 llubba
576 1343 642 1383 cnm
661 1326 763 1383 turmis
775 1326 834 1383 suis
847 1328 904 1382 An·
955 1329 1007 1386 dus
1024 1344 1091 1385 eum
1105 1344 1285 1401 summopere
1302 1328 1483 1401 adjuverunt,
1498 1331 1528 1384 et
1543 1325 1721 1385 Glastoniam
1734 1342 1768 1382 ac

93 1422 180 1496 gliam
196 1422 371 1492 invaserunt,
384 1421 516 1478 ecelesias
529 1420 736 1477 monachorum
749 1424 778 1476 et
789 1420 905 1476 clerico·
956 1421 1158 1481 Abundoniam
1187 1422 1323 1494 primitus
1353 1421 1489 1478 institutis
1519 1420 1697 1494 regularibus
1722 1420 1767 1475 in·

93 1532 158 1573 rum
172 1518 435 1585 concremaverunt,
449 1516 643 1588 populumque
662 1515 712 1570 [lei
727 1520 759 1571 nt
776 1512 907 1571 bidentes
956 1519 1132 1573 struxerunt.
1148 1515 1196 1571 tiis
1214 1514 1378 1573 doctoribus
1394 1515 1519 1572 fideliter
1536 1513 1709 1570 obedierunt
1722 1528 1768 1568 re·

93 1614 299 1667 mactaverunt.
956 1627 1008 1682 ges
1020 1610 1178 1682 anglorum
1197 1607 1374 1678 edelstanus,
1388 1608 1534 1677 AEdredus,
1547 1606 1728 1676 Edmundus,
1741 1609 1770 1663 et

130 1707 197 1761 Post
222 1704 333 1777 aliquot
355 1717 455 1772 annos,
477 1701 608 1759 Ellredus
631 1701 817 1759 Gewissorum
845 1695 1099 1776 rex,Bprrecipue
1118 1703 1246 1776 Edgarus
1267 1702 1410 1759 Edmuudi
1431 1701 1516 1758 filins.
1538 1701 1601 1767 Quo
1614 1694 1767 1774 regnante,

94 1797 169 1856 lilius
183 1797 319 1854 Edelrulti
332 1796 418 1869 regis,
433 1796 462 1852 in
477 1811 604 1869 paganos
615 1795 747 1865 surrexit,
762 1800 791 1851 et
803 1793 908 1851 virtute
958 1798 1118 1854 ilunstanus
1131 1797 1312 1853 lloroberniae
1325 1795 1563 1868 metropolitanus
1577 1794 1671 1851 lactus
1685 1799 1728 1851 est
1737 1810 1769 1850 ac

95 1890 146 1949 liei
163 1891 258 1948 hostes
272 1892 321 1945 aut
335 1889 468 1963 peremit,
482 1893 532 1945 ant
543 1888 662 1962 expulit,
678 1891 729 1945 aul
742 1887 864 1961 subegit,
880 1892 909 1943 et
957 1890 1129 1948 adelvoldus
1141 1889 1358 1947 Guentoniensis
1372 1889 1477 1964 praesul
1495 1888 1704 1947 inthronizatus
1717 1893 1769 1945 est.

92 1985 204 2062 primus
220 1984 350 2040 omnium
363 1999 465 2057 regum
480 1983 680 2040 monarchiam
697 1981 784 2039 totius
797 1980 909 2054 Angliae
958 1984 1095 2042 osvaldus
1112 1987 1209 2039 autem
1227 1982 1306 2058 prius
1323 1982 1550 2056 Gnigomensem
1573 1982 1771 2057 episcopatum

96 2081 175 2136 soltus
186 2078 317 2136 obtinuit.
329 2077 472 2134 Probitate
486 2081 515 2132 et
524 2075 706 2144 liberalitate,
717 2075 909 2147 laudabilique
959 2094 991 2134 ae
1005 2084 1103 2150 postea
1118 2077 1191 2134 rexit
1208 2077 1413 2135 Eboracensem
1424 2075 1700 2151 archipresulatum.
1715 2075 1771 2131 llo·

97 2171 278 2247 providentia
288 2187 387 2228 omnes
397 2169 508 2243 angliae
516 2186 598 2243 reges
607 2169 801 2243 precedentes
811 2173 839 2225 et
848 2168 911 2225 sub
959 2188 1025 2228 rum
1042 2171 1173 2245 precibus
1192 2171 1379 2228 Floriacensis
1394 2170 1475 2228 Abho
1488 2170 1601 2243 sapiens
1618 2171 1705 2242 atqm
1725 2185 1772 2225 re·

97 2268 260 2340 sequentes,
275 2270 306 2321 ut
322 2280 397 2334 reor,
411 2263 534 2335 excellit,
549 2262 686 2336 annisque
706 2277 768 2320 xxix
781 2260 910 2319 laudabi-
961 2265 1080 2338 ligiosus
1094 2265 1237 2322 coenobita
1249 2265 1355 2321 missus
1368 2266 1412 2320 ast
1428 2269 1507 2321 trans
1519 2280 1612 2336 mare,
1624 2266 1655 2321 et
1671 2278 1773 2320 muna·

99 2360 166 2416 liter
192 2359 222 2414 in
244 2373 335 2430 regno
359 2357 479 2430 peractis
502 2356 633 2415 Eduardo
656 2355 758 2411 seniori
779 2354 837 2411 filio
860 2371 911 2411 suo
961 2360 1062 2416 sticum
1077 2376 1160 2415 usum
1174 2355 1775 2416 docuitliamesiaeetinaliismonasteriis

100 2455 214 2526 sceptra
230 2450 356 2523 reliquit.
371 2450 521 2506 Pacificato
535 2449 632 2522 itaque
649 2449 732 2522 regui
745 2452 830 2520 statu,
845 2448 911 2504 reli-
961 2452 1082 2525 anglia,
1098 2452 1181 2508 sicuti
1193 2450 1345 2508 tenebatur
1361 2451 1392 2507 iu
1405 2450 1493 2508 Gallia
1510 2449 1612 2508 eodem
1630 2456 1774 2524 tempore.

101 2545 174 2619 giosi
195 2544 341 2618 principes
356 2547 385 2600 cl
405 2543 531 2616 episcopi
551 2543 677 2599 coenobia
697 2543 800 2599 itemm
818 2557 911 2615 coepe·
962 2546 1093 2602 Studium
1114 2545 1272 2601 sanctitatis
1295 2549 1325 2601 et
1345 2545 1433 2601 totius
1458 2544 1617 2601 honestatis
1638 2543 1775 2615 praelatos

101 2643 171 2697 runt
182 2643 354 2695 restaurare.
367 2636 403 2694 lit
420 2636 488 2710 quia
501 2652 600 2693 omnes
615 2635 752 2692 monachi
768 2635 855 2692 totius
865 2636 912 2691 ΑΙ·
962 2639 1103 2695 antistites
1116 2638 1299 2707 illuminavit,
1313 2640 1343 2693 et
1355 2637 1539 2710 dogmatibus
1551 2653 1653 2694 eorum
1672 2653 1707 2693 ac
1720 2634 1773 2694 mi·

100 2734 196 2791 biouis
209 2732 351 2806 perempti
363 2730 479 2787 luerunt
493 2735 543 2786 aut
555 2728 648 2803 lugati
661 2730 822 2804 supradicta
835 2729 913 2784 rabie
963 2733 1067 2790 reculis
1079 2749 1132 2805 per
1149 2749 1196 2788 eos
1215 2731 1347 2789 exhibitis
1363 2731 1514 2788 commoda
1530 2729 1685 2802 irradiavit,
1700 2729 1775 2787 mul·

102 2827 266 2901 gentilium,
284 2826 425 2882 miserunt
440 2822 591 2897 egregium
607 2823 744 2896 juvenem
762 2822 914 2879 Osvaldum
963 2825 1055 2900 iisque
1069 2826 1233 2899 vulgaribus
1247 2829 1276 2883 et
1288 2826 1422 2883 litteratis
1433 2825 1551 2899 proluit.

102 2923 138 2977 ad
159 2920 335 2977 Floriacense
356 2918 526 2988 coenobium,
548 2917 624 2991 quod
646 2917 677 2973 in
697 2917 786 2974 Gallia
810 2917 913 2973 leode·
999 2920 1076 2975 Tunc
1097 2918 1259 2977 caenobium
1282 2917 1533 2984 liedeshamstede,
1558 2916 1638 2991 quod
1663 2915 1777 2989 pridem

103 3015 194 3071 bodus
215 3012 425 3070 Aurelianensis
442 3011 599 3068 construxit
617 3026 704 3082 supra
722 3009 848 3082 Ligerim
860 3011 914 3065 ilu-
965 3017 1093 3085 temporo
1111 3013 1217 3070 Vulleri
1234 3013 1309 3086 regis
1325 3013 1495 3069 Marciorum
1511 3010 1660 3070 sexvulfus
1679 3009 1778 3083 ponti·

103 3108 181 3167 rium
198 3115 328 3180 tempore
350 3105 473 3163 Lodorei
492 3104 545 3161 lilii
564 3103 719 3177 [tagoberti
738 3102 814 3177 regis
830 3105 915 3160 Fran·
926 3063 954 3138 C
967 3107 1011 3163 lex
1030 3107 1197 3176 construxit,
1212 3106 1381 3163 Adelvoldus
1398 3105 1503 3180 praesul
1521 3104 1573 3162 sub
1586 3103 1699 3177 lidgam
1712 3119 1779 3176 rege

105 3218 216 3260 eorum.
229 3200 319 3258 Locus
336 3199 386 3257 ille
400 3196 554 3256 admodum
566 3197 737 3255 venerabilis
755 3203 797 3254 est
810 3197 918 3254 ossibus
967 3200 1081 3271 invice,
1098 3201 1147 3274 qui
1164 3199 1250 3257 modo
1264 3201 1341 3273 Rurg
1355 3199 1468 3267 dicitur,
1487 3198 1667 3267 restaurarit,
1685 3202 1716 3255 et
1727 3197 1778 3254 ba·

107 3296 199 3354 sancti
219 3294 364 3352 Benedicti
386 3292 475 3350 Patris
500 3298 528 3350 et
549 3291 678 3364 magistri
701 3292 917 3360 monachorum,
968 3292 1075 3350 silicam
1089 3295 1118 3350 iu
1130 3295 1240 3351 honora
1251 3294 1342 3351 sancti
1353 3293 1429 3350 Petri
1438 3293 1634 3366 apostolorum
1644 3289 1781 3364 principis

106 3407 172 3465 quae
185 3389 316 3462 Algalsus
333 3385 488 3444 monachus
511 3386 695 3443 allummolo
711 3384 813 3442 abbate
833 3385 918 3441 desti·
969 3387 1089 3444 edictam
1104 3387 1216 3460 magnis
1230 3388 1331 3461 opibus
1348 3386 1457 3444 ditarit.
1472 3384 1578 3444 [lunda
1596 3381 1780 3453 torneiense,

106 3488 193 3542 natus
214 3483 249 3539 de
272 3483 472 3539 beneventana
491 3480 637 3553 provincia
661 3478 761 3536 detulit
784 3479 814 3535 in
832 3480 920 3535 Aure·
969 3479 1111 3554 Eligense,
1125 3485 1153 3538 et
1170 3481 1224 3537 alia
1239 3482 1329 3537 multa
1342 3479 1513 3537 monasteria
1525 3478 1656 3552 pluribus
1669 3479 1700 3534 in
1713 3478 1781 3534 lucis

107 3577 262 3634 tianensem
278 3591 396 3649 pagum.
410 3575 466 3629 iloc
480 3573 617 3630 nimirum
630 3572 752 3647 contigit
763 3577 826 3646 post
836 3572 921 3644 depo·
969 3575 1105 3631 fabricata
1119 3580 1196 3644 sunt,
1217 3579 1246 3631 st
1261 3579 1417 3631 conventus
1434 3573 1464 3629 in
1484 3572 1541 3629 illis
1560 3571 1781 3643 monachorum,

108 3671 287 3745 palationern
313 3668 488 3728 cassinensis
511 3666 687 3735 monasterii,
710 3682 797 3740 quam
822 3667 921 3723 heatus
970 3670 1020 3724 aut
1031 3667 1211 3737 clericorum,
1227 3673 1278 3725 aut
1289 3666 1547 3724 sanctimonialium
1562 3665 1681 3723 solemur
1695 3661 1783 3722 locati

110 3765 277 3825 Benedictus
290 3779 355 3820 curn
368 3763 499 3835 lacrymis
514 3761 686 3834 predixerat
698 3760 845 3834 Teoproho
860 3776 921 3814 mo-
970 3766 1047 3819 sunt.
1066 3763 1155 3834 Copia
1174 3760 1339 3818 reddituum
1361 3756 1480 3833 singulis
1497 3757 1678 3817 monasteriis
1696 3756 1783 3831 largi·

108 3859 201 3916 nacho
220 3857 310 3914 nobili
329 3872 411 3912 servo
431 3854 490 3922 uei,
508 3858 540 3910 ut
557 3853 586 3910 in
607 3854 731 3910 secundo
748 3854 922 3922 dialogorum
972 3861 1018 3912 ter
1031 3854 1263 3928 impartiebatur;
1279 3853 1355 3911 unde
1366 3854 1509 3911 sufficiens
1520 3853 1608 3909 uictus
1623 3850 1785 3909 etvestitus

109 3953 182 4009 libro
199 3951 332 4023 legimus,
350 3964 435 4021 quem
451 3950 533 4004 Petro
547 3945 720 4004 subdiacono
736 3945 826 4003 edidit
843 3947 921 4002 lucu·
973 3949 1107 4005 theoricis
1128 3948 1388 4017 administraretur,
1413 3963 1450 4004 ne
1472 3963 1526 4021 pro
1546 3944 1670 4020 panone
1689 3962 1786 4002 rerum

109 4045 204 4101 lenter
215 4042 334 4115 insignis
344 4058 419 4114 papa
432 4041 595 4112 Gregorius.
973 4042 1201 4100 necessariarum
1213 4043 1242 4098 in
1256 4039 1352 4099 divine
1366 4042 1445 4099 cultu
1456 4037 1640 4116 aliquatenus
1653 4039 1787 4098 vacillan-

147 4136 286 4192 lleluncto
304 4135 427 4206 Clepone
445 4149 523 4206 rege,
538 4137 688 4204 autequam
706 4132 837 4189 autarith
849 4132 924 4190 lilius
974 4143 1017 4194 tes
1030 4137 1242 4210 frangerentur.

112 4230 173 4302 ejus
195 4229 229 4285 ad
249 4227 453 4301 imperandum
477 4230 552 4282 esset
574 4226 703 4296 idoneus,
725 4230 753 4282 et
773 4232 833 4283 tota
854 4244 925 4300 gens
1012 4230 1057 4288 Sic
1071 4231 1100 4286 in
1122 4230 1224 4302 anglia
1243 4229 1415 4286 monasticus
1435 4228 1506 4285 ordo
1526 4228 1675 4285 renovatus
1693 4230 1747 4297 est,
1759 4228 1790 4283 et

110 4321 364 4396 Langobardorum
380 4321 440 4377 sine
454 4336 522 4392 rege
533 4319 685 4391 subjugata
697 4324 772 4375 esset
785 4336 864 4378 xxxiv
877 4321 926 4377 du·
976 4324 1006 4380 in
1023 4323 1120 4380 multis
1132 4323 1266 4380 coenobiis
1285 4323 1440 4396 gloriosum
1454 4337 1561 4396 agmen
1577 4321 1788 4379 monachorum

112 4417 201 4488 cibus,
215 4414 367 4490 predones
382 4413 563 4471 Guinilorum
575 4412 725 4469 furibundi
736 4420 823 4471 noctu
839 4414 966 4505 impe-1)
977 4422 1077 4475 contra
1096 4418 1235 4475 Satanam
1253 4417 1391 4474 uirtutum
1412 4416 1499 4473 armis
1523 4415 1668 4474 munitum
1688 4419 1742 4484 est,
1760 4415 1790 4470 et

113 4520 176 4568 tum
195 4511 325 4567 lecerunt
344 4514 373 4565 et
390 4508 554 4566 cassinense
576 4508 783 4564 monasterium
798 4509 925 4581 depopu·
976 4516 1190 4586 perseveranter
1203 4510 1338 4567 dimicare
1352 4511 1382 4567 in
1394 4510 1494 4585 praelio
1505 4508 1621 4567 Domini
1634 4507 1791 4566 donecric·

111 4606 163 4663 lati
178 4610 258 4672 sunt;
275 4603 325 4659 sed
340 4617 438 4658 omnes
457 4601 601 4669 monachi,
615 4607 784 4674 protegente
800 4602 867 4670 ileo,
883 4601 926 4657 in-
977 4606 1049 4662 toria
1068 4605 1205 4678 potiatur,
1226 4605 1362 4662 nobiliter
1380 4605 1512 4662 edoctum
1530 4607 1582 4659 est.
1603 4601 1709 4659 Verum
1726 4603 1790 4674 post

113 4701 240 4757 columes
258 4715 324 4754 curn
343 4697 441 4754 Bonita
458 4695 560 4752 abbate
575 4712 626 4751 suo
645 4702 804 4751 evaserunt.
820 4695 927 4753 Deinde
977 4699 1094 4772 aliquod
1109 4704 1234 4773 tempus,
1246 4699 1282 4755 ad
1293 4699 1510 4772 expurgandum
1520 4696 1656 4768 tritium,
1666 4693 1792 4753 ubiexu·

115 4810 146 4850 cx
160 4793 243 4849 annis
256 4792 357 4848 eadem
372 4789 508 4848 desolatio
525 4789 632 4845 ibidem
647 4790 822 4862 permansit;
839 4790 928 4847 donee
977 4793 1108 4849 berantia
1122 4792 1291 4849 zizaniorum
1307 4792 1393 4849 nimis
1412 4790 1600 4865 multiplicata
1616 4794 1669 4859 est,
1684 4790 1791 4846 iterum

114 4889 253 4945 Petronax
280 4884 424 4941 Brixensis
450 4884 599 4956 episcopus
623 4882 772 4941 cassinum
797 4890 928 4940 montem
978 4887 1030 4943 suh
1045 4886 1183 4960 Egelredo
1197 4902 1276 4960 rege,
1290 4887 1347 4942 filio
1361 4887 1475 4960 litigari,
1489 4884 1793 4958 gravissimatempes·

115 4982 194 5048 adiit,
217 4986 245 5036 et
263 4977 379 5048 ibidem,
401 4978 553 5034 auxiliante
573 4976 707 5032 Zacharia
730 4994 814 5050 papa,
833 4977 928 5035 nobile
979 4986 1022 5036 tas
1045 4981 1081 5036 ab
1104 4981 1238 5054 aquilone
1260 4980 1360 5052 anglis
1381 4979 1483 5036 oborm
1501 4982 1554 5035 est.
1575 4979 1648 5035 liam
1670 4991 1792 5033 temnus

117 5072 278 5131 eoenobium
297 5073 484 5142 restaurarit;
501 5071 577 5143 quod
597 5086 685 5142 usque
705 5070 735 5126 in
754 5071 928 5128 hodiernum
980 5074 1133 5130 idololatra
1145 5074 1256 5130 Suenus
1271 5090 1321 5131 rex
1333 5076 1481 5131 banorum
1495 5071 1605 5145 Auglioe
1616 5085 1683 5129 cum
1697 5069 1793 5126 aalide

118 5167 194 5224 diem
213 5165 364 5239 magnifice
383 5166 566 5222 sublimatum
585 5165 711 5236 quotidie
730 5165 840 5222 crescit.
855 5166 928 5221 llum
979 5169 1066 5225 classe
1079 5183 1259 5241 paganorum
1274 5167 1420 5241 applicuit,
1433 5183 1465 5223 ac
1479 5169 1511 5222 nt
1524 5164 1631 5222 nimius
1643 5163 1730 5221 turbo
1742 5179 1792 5220 sn·

116 5261 236 5334 prealato
258 5260 356 5332 itaque
377 5258 516 5316 desolatio
541 5259 720 5331 perduraret,
744 5264 774 5314 el
797 5259 930 5317 cassinus
979 5279 1032 5335 per
1052 5261 1226 5336 improvidos
1242 5261 1317 5318 illico
1335 5260 1429 5334 irruit,
1448 5259 1623 5334 pavidusque
1639 5273 1689 5315 rex
1709 5255 1792 5330 Egel·

117 5371 202 5414 mons
223 5353 377 5411 cultoribus
398 5355 519 5422 careret,
540 5351 723 5409 Floriacensis
747 5351 860 5423 domus,
881 5371 928 5411 ro·
980 5355 1065 5412 radus
1083 5372 1148 5413 cum
1166 5355 1232 5411 tiliis
1252 5355 1311 5412 suis
1325 5354 1454 5411 Eduardo
1472 5356 1502 5410 et
1520 5351 1633 5409 Ellrado
1648 5350 1794 5408 etEmma

117 5447 196 5507 lente
221 5449 296 5518 lleo,
321 5448 411 5504 ditata
434 5450 478 5503 est
502 5445 626 5519 pretioso
651 5461 768 5518 corpore
792 5447 930 5520 praecipui
980 5449 1080 5522 regina
1100 5451 1130 5506 in
1157 5449 1362 5506 llormanniam
1384 5446 1505 5520 aufugit.
1530 5447 1592 5503 lion
1613 5443 1705 5501 multo
1727 5447 1796 5517 post

118 5542 209 5600 Patris
239 5541 401 5610 Benedicti;
432 5539 513 5612 cujus
545 5540 759 5596 translationem
795 5535 930 5613 Cisalpini
980 5542 1182 5613 Suenus,dnm
1195 5543 1282 5599 nimis
1296 5543 1326 5599 in
1341 5541 1514 5600 christianos
1527 5538 1648 5608 seviret,
1661 5553 1679 5594 a
1692 5539 1794 5595 uncto

119 5635 266 5694 coeuubitra
280 5635 402 5708 singulis
413 5632 497 5690 anuis
515 5633 680 5690 solemniter
693 5634 722 5689 et
741 5634 843 5690 devote
855 5634 930 5691 cels·
981 5635 1132 5693 Ednrundo
1150 5637 1232 5709 jussu
1251 5635 1303 5693 [lei
1327 5641 1492 5711 peremptus
1511 5636 1564 5705 est,
1583 5637 1614 5690 et
1636 5628 1795 5707 ligslredns

118 5728 204 5796 bruni
217 5745 234 5785 v
253 5730 318 5793 ldus
333 5728 409 5785 tulii.
427 5727 495 5784 llluc
513 5726 651 5784 &valdus
670 5725 844 5786 reverendus
862 5728 930 5784 ado·
980 5729 1076 5786 audita
1090 5733 1183 5787 morte
1202 5729 1320 5805 inimici,
1333 5730 1369 5787 ad
1388 5745 1440 5787 sua
1456 5742 1603 5801 regressus
1615 5728 1669 5785 cst.
1682 5723 1795 5785 nunus
