3750 6046
376 236 533 297 HISTORIA
552 235 821 298 ECCLESth'llCh.
836 269 869 279 —
881 236 969 297 PARS
989 241 1021 296 ll.
1037 269 1071 281 -
1084 238 1147 296 tte.
1169 238 1212 297 Vl.
1582 242 1636 303 490

72 385 80 423 i
102 369 273 438 silvestrem,
294 370 506 423 antecessorum
527 385 643 440 sequax,
664 368 693 423 in
716 384 770 423 iio·
782 384 812 458 Α
858 367 1003 425 Uticenses
1020 370 1115 441 itaque
1128 370 1203 425 inter
1223 373 1337 426 exteros
1358 387 1407 443 spe
1425 373 1526 430 melius
1545 374 1635 431 habiti

72 463 181 518 Domini
214 462 344 529 servabo,
376 462 465 517 donec
496 463 657 533 prosperius
689 461 771 517 nobis
822 465 898 531 sunt,
914 465 942 519 et
955 462 1102 534 ingentem
1120 464 1247 535 quotidie
1267 481 1420 521 niuncrum
1436 468 1545 538 copiam
1566 486 1581 521 u
1600 468 1632 524 ll·

98 556 237 627 arrideat,
262 556 385 612 donante
406 557 468 627 ipso
491 556 698 611 dominantium
718 558 770 611 llo-
821 556 932 612 delibus
947 562 1125 629 receperunt,
1139 557 1303 631 affatimque
1318 559 1411 627 donis,
1427 577 1491 632 qaue
1508 562 1633 617 uecessi-

821 653 864 706 tus
890 649 1112 721 infirmantium,
1135 669 1185 706 scu
1207 650 1282 708 bona
1307 654 1438 709 voluntas
1464 655 1632 712 devotorum

73 743 256 811 ictis,moesti
276 743 378 800 fratres
397 745 431 798 ab
454 743 574 799 invicem
594 743 675 799 divisi
696 747 770 798 sunt.
822 745 949 816 extorsit,
971 745 1127 817 opitulante
1150 747 1207 802 Deo
1232 747 1384 803 refocillati
1406 752 1481 803 sunt.
1503 750 1632 822 Cumque
1713 754 1717 767 ·“
1762 734 1766 745 ’

72 854 101 893 es
115 838 210 909 itaque
224 837 311 893 modo
326 841 354 894 et
366 838 484 893 clientes
500 854 599 893 eorum
615 837 708 892 natale
723 853 772 893 rus
821 838 979 893 Aurelianis
996 838 1147 907 venissent,
1163 841 1192 894 el
1211 841 1404 911 praeliatorum
1426 848 1527 897 turmae
1545 844 1631 899 armi-

72 938 154 1000 riiiit,
175 938 203 987 et
225 931 357 987 associati
379 932 515 999 hostibus,
539 932 683 1003 plorantes
707 947 772 986 ossa
822 931 897 1003 geris
910 937 939 988 et
952 936 1032 1004 equis
1046 933 1145 987 domos
1159 949 1209 1005 per
1223 936 1313 989 toturn
1326 936 1425 990 urbam
1440 942 1632 1008 occupassent,

72 1026 86 1079 ’i
106 1025 193 1081 secuti
212 1029 287 1081 suut.
305 1025 413 1080 Omnes
438 1025 544 1097 quippe
562 1031 618 1081 tani
638 1025 772 1080 monachi
822 1026 953 1081 monachi
975 1043 1040 1080 cuin
1062 1029 1224 1082 sanctorum
1246 1027 1414 1099 pignoribus
1437 1029 1464 1084 in
1488 1031 1631 1086 clibanum

72 1119 162 1175 amuli
174 1135 274 1175 corani
293 1120 353 1174 iere
371 1135 424 1173 axx
438 1125 530 1186 crunt,
548 1119 597 1190 qai
611 1118 772 1189 conglobati
822 1119 976 1190 quemdam
1005 1119 1202 1185 diverterunt,
1231 1120 1329 1192 ibique
1355 1124 1513 1178 necessario
1540 1124 1630 1195 primu

72 1212 115 1267 nis
132 1212 310 1284 pedetentim
325 1213 520 1268 adhaerebant.
539 1214 626 1267 Porro
641 1213 695 1285 ipsi
714 1229 773 1267 eos·
823 1217 905 1267 nocte
931 1212 1065 1283 hospitati
1089 1219 1164 1269 sunt.
1187 1213 1268 1270 Cives
1297 1232 1366 1287 crgo
1395 1217 1575 1287 postmodum
1605 1218 1633 1273 in

72 1321 118 1361 ine
141 1305 362 1377 cognoscebant,
379 1306 429 1360 sed
448 1307 557 1361 cirillum
576 1305 631 1360 illis
645 1306 771 1360 familia·
822 1307 931 1361 honore
949 1306 1038 1361 saneti
1055 1306 1161 1360 Ebrulfi
1182 1306 1326 1362 basilicam
1342 1307 1446 1364 ibidem
1466 1313 1633 1367 construxe-

88 1399 304 1470 impendebant,
322 1399 389 1470 qnia
404 1402 550 1470 suspectos
568 1399 771 1466 formidabant,
822 1402 899 1467 runt,
910 1400 1074 1470 meritisque
1084 1404 1244 1454 sanctorum
1254 1400 1466 1457 infirmantibus
1476 1404 1632 1459 sanitatum

72 1493 190 1565 pretioso
212 1493 344 1547 thesauro
362 1492 460 1546 fortini
477 1492 620 1565 privarent
640 1493 771 1559 Francos,
822 1491 960 1547 banellcia
984 1492 1118 1548 divinitus
1143 1493 1225 1563 plura
1250 1494 1351 1548 collata
1379 1500 1455 1551 suut.
1484 1497 1634 1554 llcrluinus

72 1590 135 1640 unt.
152 1586 407 1656 Benigausautem
421 1586 773 1658 hominiis,quierroncos
823 1586 1006 1641 cancellarius
1033 1586 1117 1640 abhas
1141 1593 1202 1641 erut
1228 1586 1323 1642 Sancti
1351 1589 1424 1643 Petri
1450 1590 1485 1646 de
1514 1593 1632 1661 l’uncto,

74 1681 96 1747 t,
114 1684 146 1734 nt
168 1686 276 1734 rectum
298 1680 332 1734 ad
356 1680 457 1735 callem
478 1681 604 1744 redueat,
625 1696 772 1735 conversos
822 1679 918 1751 ibique
932 1679 1104 1735 venerabiles
1117 1680 1251 1751 reliquias
1268 1681 1394 1753 lingonis
1406 1683 1498 1754 Magni
1511 1685 1632 1741 colloca·

72 1772 196 1828 iatleetu
211 1772 365 1837 demulcet,
384 1773 518 1846 mirisque
532 1773 624 1828 modis
639 1773 770 1845 indigen·
782 1771 810 1842 B
823 1774 861 1828 vit
881 1772 1013 1845 imperio.
1030 1774 1106 1827 Tunc
1126 1773 1264 1829 lladulliis
1286 1775 1321 1828 dc
1343 1776 1480 1847 Drugiaco
1501 1778 1633 1849 hujusce-

72 1866 216 1938 itiragium
231 1867 354 1922 exhibet.
823 1865 900 1921 modi
913 1866 1018 1939 praedae
1031 1870 1139 1937 partein
1156 1882 1234 1921 suain
1251 1867 1405 1939 requisivit,
1420 1886 1472 1925 nce
1491 1886 1544 1942 pro
1562 1887 1633 1943 qao·

72 1966 190 2015 anocte
210 1965 275 2032 post
295 1960 403 2015 exitum
424 1961 459 2016 de
478 1961 619 2029 Neustria,
634 1961 772 2016 exereitus
823 1959 892 2015 libet
919 1959 1011 2031 pratia
1037 1959 1200 2030 portionem
1226 1976 1306 2015 suam
1333 1961 1485 2034 indulgere
1510 1964 1635 2037 cuipiam

87 2054 137 2125 qui
156 2053 280 2126 Campus
303 2054 416 2120 dicitur,
437 2061 656 2111 castrametatus
675 2058 727 2123 cst,
744 2058 772 2109 et
822 2052 919 2108 voluit.
940 2053 989 2109 llic
1009 2052 1146 2108 nimirum
1166 2053 1287 2126 inclytus
1305 2058 1368 2110 erut
1385 2054 1634 2113 suessionensium

72 2147 239 2203 mestionem
255 2164 342 2203 coenae
360 2165 376 2202 a
391 2147 561 2219 quibusdam
579 2149 710 2220 parasitis
724 2165 769 2203 ca·
822 2146 898 2212 civis,
914 2147 1074 2217 praecipuus
1094 2146 1172 2200 ducis
1190 2147 1504 2220 camerariuspallens
1521 2167 1634 2222 posses·

87 2245 117 2296 et
146 2241 322 2313 incongruus
347 2258 440 2296 sermo
470 2248 584 2297 exortus
610 2249 662 2297 est.
692 2243 771 2297 Undc
822 2239 947 2295 sionibus
978 2240 1091 2311 amplis,
1124 2239 1280 2295 honoribus
1313 2244 1343 2295 et
1373 2241 1486 2312 divitiis,
1520 2243 1635 2316 lldequa

72 2356 76 2390 i
98 2335 205 2390 mimus
225 2335 288 2389 duci
306 2336 403 2406 jocose
419 2335 514 2391 dixit:
532 2355 546 2388 a
567 2337 708 2392 Notumne
723 2352 770 2390 vo·
822 2335 913 2389 clarus
932 2332 1121 2389 etvirtutibiis
1133 2333 1206 2389 aliis.
1219 2334 1309 2389 Tanto
1325 2333 1414 2406 igitur
1428 2334 1528 2391 baroni
1549 2353 1634 2393 nemo

72 2472 76 2495 ‚
99 2428 216 2485 domine
238 2429 303 2496 dux,
318 2430 392 2500 quod
415 2428 566 2484 llerluiiius
586 2430 772 2486 cancellarius
823 2427 944 2483 audebat
958 2425 1128 2498 injustitiam
1139 2427 1284 2499 ingerere,
1298 2427 1350 2482 sed
1360 2429 1506 2484 communi
1520 2430 1635 2487 decreto

72 2521 145 2579 ultus
161 2523 350 2577 cubicularius
371 2524 519 2578 lecerunt?
537 2523 681 2578 Cadavcra
702 2540 770 2595 qno·
822 2522 852 2576 iu
866 2526 1016 2592 conspectu
1027 2519 1156 2590 judicum
1169 2521 1263 2575 allatae
1276 2526 1342 2576 sant
1351 2526 1379 2577 et
1389 2521 1485 2578 divisae
1495 2523 1633 2597 reliquiae.

72 2631 95 2670 ii
121 2615 292 2671 misticorum
317 2616 346 2670 in
367 2617 539 2672 h'oimannia
559 2615 728 2684 effoderunt,
745 2622 773 2673 et
823 2614 975 2669 llerluinas
1001 2613 1138 2693 quidem,
1154 2613 1220 2685 quia
1245 2614 1377 2669 sacerdos
1404 2621 1474 2683 crat,
1497 2622 1525 2671 et
1548 2616 1636 2672 abbas

72 2708 166 2777 lelusi,
195 2714 305 2764 sanetas
333 2709 467 2782 reliquias
494 2725 552 2765 esse
575 2714 718 2780 putantes,
742 2710 771 2764 iu
822 2706 1023 2763 canonicorum
1037 2706 1130 2761 Sancti
1146 2707 1231 2773 Petri,
1248 2711 1276 2761 et
1290 2708 1408 2778 capellae
1420 2708 1501 2763 ducis
1513 2710 1634 2782 capella·

92 2805 142 2857 tua
170 2803 390 2870 collocaverant,
419 2810 447 2857 et
475 2819 572 2858 secum
600 2803 629 2857 iii
653 2803 771 2858 Gallium
822 2817 926 2856 norum
943 2799 1094 2867 maximus,
1111 2804 1237 2871 caputet
1251 2800 1392 2872 majorem
1406 2806 1515 2874 partem
1530 2803 1636 2859 ossium

72 2898 123 2951 iter
135 2895 276 2950 delerant.
295 2916 309 2947 ii
328 2897 456 2968 Cumque
471 2897 528 2951 dux
543 2896 659 2951 nomina
674 2913 772 2951 eoriim
823 2895 911 2949 sancti
934 2893 1050 2959 Ebrullt,
1069 2893 1176 2948 librum
1196 2908 1320 2965 quoquc,
1343 2900 1372 2950 et
1389 2895 1501 2950 arulam
1516 2900 1636 2968 argento

72 2994 130 3057 iset,
140 2989 286 3060 joculator
300 2990 340 3044 ait
355 3007 361 3044 :
380 3012 393 3039 a
415 2990 555 3059 Ebrulsus,
573 2990 772 3046 Ebicinandus
823 2992 998 3059 coopertam,
1009 2986 1209 3042 etcuiubutum
1220 2990 1306 3059 atque
1316 2987 1485 3043 cinctorium
1497 2988 1636 3061 ejusdem,

71 3081 180 3138 bertus.
197 3104 211 3131 »
233 3084 319 3136 Porro
342 3083 452 3153 Franci,
469 3084 534 3154 quia
557 3083 653 3138 minus
674 3084 773 3138 usitata
824 3082 992 3152 chartasque
1021 3080 1208 3135 donationum
1238 3081 1290 3135 sibi
1323 3082 1461 3151 retinuit;
1496 3082 1634 3155 reliquam

72 3179 122 3230 aiit
138 3176 197 3230 brec
212 3175 357 3245 voeabula,
375 3182 403 3231 ct
425 3177 566 3231 nescirent
580 3180 687 3248 quanta
699 3192 770 3248 prae·
823 3191 889 3229 vero
912 3175 1041 3247 corporis
1062 3177 1174 3245 partam
1199 3173 1322 3229 hadulfo
1344 3174 1470 3230 tradidit.
1496 3177 1526 3230 ln
1547 3178 1635 3247 parti·

72 3270 114 3326 itis
135 3269 204 3323 viris
228 3272 293 3323 unte
316 3271 405 3324 Deum
428 3269 456 3323 iii
480 3270 554 3324 coelis
575 3277 649 3325 esset
669 3270 770 3341 gloria,
822 3269 901 3323 tionc
915 3267 1038 3323 aliorum
1051 3268 1157 3323 ossium
1171 3266 1250 3322 nulla
1264 3266 1417 3323 difficultas
1432 3268 1495 3325 fuit.
1511 3271 1637 3326 Aurelia·

72 3362 84 3417 ,i
104 3364 171 3417 sunt
193 3362 222 3417 in
244 3361 333 3417 multu
355 3362 441 3417 verba
463 3363 553 3418 otiosa
574 3370 602 3417 et
620 3363 770 3419 derisoria.
822 3378 923 3417 nenses
950 3361 1028 3417 anim
1054 3378 1116 3416 ossa
1142 3360 1230 3415 sancti
1253 3360 1427 3418 Ebrcmondi
1451 3362 1561 3418 abbatis
1583 3364 1636 3419 sibi

87 3455 180 3528 prima
199 3456 289 3511 noctis
301 3455 405 3528 vigilia,
421 3461 453 3511 ut
465 3457 546 3529 quies
558 3457 651 3513 somni
664 3462 770 3512 morta·
822 3456 990 3527 elegeruat;
1012 3471 1075 3510 ossa
1090 3470 1155 3509 vero
1176 3453 1265 3509 sancti
1283 3454 1416 3510 ansberti
1433 3458 1564 3512 monachi
1579 3459 1634 3513 Ra·

72 3549 169 3617 cessit,
186 3548 343 3604 altitonans
366 3550 401 3604 de
424 3550 492 3605 coelo
512 3550 677 3606 terribiliter
695 3552 771 3607 into·
822 3549 900 3604 dulfo
915 3548 1065 3604 dederunt.
1082 3550 1143 3619 lpse
1159 3563 1225 3602 vero
1244 3563 1308 3602 cnm
1325 3550 1403 3603 tanto
1419 3549 1553 3605 thesauro
1568 3552 1635 3607 lles·

72 3642 174 3698 ilmina
196 3659 260 3697 cuin
280 3643 375 3698 nimiis
400 3644 643 3700 coruscationibus
665 3645 770 3713 emisit,
822 3642 923 3697 bacani
936 3640 1089 3707 festinavit,
1105 3643 1135 3695 et
1148 3639 1245 3695 eidem
1265 3641 1404 3711 coenobio,
1419 3641 1487 3714 quia
1502 3643 1591 3699 trater
1607 3647 1636 3700 et

72 3752 144 3793 irem
170 3752 235 3791 cnm
262 3737 344 3792 sociis
368 3736 568 3806 nebulonibus,
592 3737 639 3810 qui
668 3739 771 3793 sanctis
821 3735 928 3791 amicus
952 3736 1028 3802 erat,
1053 3734 1152 3788 devote
1177 3732 1290 3788 obtulit.
1320 3733 1510 3791 llesbucenses
1536 3740 1635 3794 autem

72 3829 297 3896 adstruxerunt,
320 3832 476 3902 percussit;
493 3831 594 3902 quibus
615 3832 770 3901 exstinctis,
821 3829 950 3884 candidis
975 3825 1197 3899 holosericisque
1222 3826 1344 3882 vestibus
1373 3827 1465 3883 induti
1488 3845 1634 3901 processe·

72 3925 101 3978 et
114 3926 206 3979 totoni
221 3923 281 3994 ejus
294 3925 448 3978 exercitum
463 3924 540 3979 haud
557 3925 668 3979 modice
681 3925 772 3980 deter—
822 3925 900 3991 runt,
914 3938 981 3978 cum
995 3920 1088 3976 cercis
1101 3920 1267 3975 ardentibus
1281 3925 1309 3976 et
1323 3920 1476 3977 thuribulis
1492 3922 1634 3980 fumanti·

72 4034 77 4071 i
100 4016 256 4071 crastiuum
279 4034 365 4072 manc
390 4017 447 4072 dns
473 4033 587 4072 ornnem
615 4018 771 4074 exercitum
821 4016 873 4071 bns
897 4015 1030 4088 reliquias
1059 4012 1249 4085 tripudiantes
1272 4020 1470 4086 susceperunt,
1495 4022 1523 4072 et
1546 4033 1635 4090 usquc

72 4109 134 4179 ivit,
160 4110 328 4165 cancellario
355 4114 450 4165 sancta
479 4116 644 4167 reverenter
668 4112 772 4168 deterri
822 4106 1542 4179 hodiereverentercustodierunt.'tunchadulfus,
1559 4112 1635 4168 atde

88 4220 207 4275 corpora
229 4204 373 4275 praecepit,
391 4210 419 4260 et
435 4206 514 4260 omni
534 4205 669 4261 exercitui
688 4206 773 4277 jussit
821 4203 966 4260 beneficiis
995 4201 1053 4256 suis
1085 4200 1273 4256 ecclesiastica
1303 4216 1349 4256 res
1379 4208 1634 4275 augmentaretur,

72 4312 170 4368 squam
193 4297 230 4351 de
250 4297 310 4352 loco
330 4298 379 4354 illo
400 4299 567 4371 migrarent,
583 4299 687 4354 sanctis
704 4301 770 4355 reli·
821 4299 939 4352 Portum
960 4294 1077 4349 Alnonis
1097 4297 1126 4348 et
1147 4293 1295 4348 Bonoliuin
1319 4293 1441 4365 donavit,
1459 4301 1487 4350 et
1507 4314 1544 4352 ne
1564 4298 1635 4369 quid

72 4396 145 4446 erote
166 4390 313 4446 offerrent.
338 4392 458 4448 l'lcbilcs
478 4409 592 4464 quoque
615 4393 772 4449 monachos
823 4391 933 4445 deesset
951 4387 988 4443 ad
1003 4387 1164 4442 condendus
1176 4402 1276 4441 eorum
1292 4386 1398 4455 thecas,
1413 4405 1549 4461 magnum
1571 4393 1633 4448 aori

75 4484 179 4539 catulis
198 4484 255 4539 suis
274 4487 413 4555 accersiit,
438 4487 502 4557 quis
526 4493 554 4542 et
573 4488 664 4559 qualis
685 4487 810 4573 lueritl)
821 4483 992 4555 argentique
1007 4480 1198 4553 quantitatem
1209 4480 1334 4548 donavit,
1350 4497 1400 4552 pro
1414 4481 1516 4553 quihus
1529 4485 1633 4541 exeniis

72 4577 144 4632 ullus
160 4581 188 4632 et
202 4578 270 4632 socii
286 4579 357 4651 ejus,
372 4580 407 4635 ab
421 4579 461 4634 eis
475 4581 620 4652 requisivit
630 4598 638 4650 3
654 4597 768 4652 respon·
822 4577 898 4632 idem
919 4575 1003 4631 lieros
1026 4575 1055 4630 in
1077 4572 1202 4640 ecclesia,
1226 4576 1258 4629 ut
1278 4572 1427 4629 defunctus
1447 4578 1499 4645 ast,
1520 4577 1633 4649 sepeliri

76 4676 105 4726 et
127 4671 285 4726 relerentes
307 4673 512 4727 venerabilium
540 4679 618 4744 gesta
642 4674 767 4728 virorum
821 4670 934 4726 meruit.

72 4781 77 4795 ·
98 4763 214 4831 audivit,
233 4765 318 4819 acad
342 4766 515 4821 audiendum
539 4767 687 4838 optimates
706 4767 768 4820 Bel-
856 4765 887 4818 ln
911 4761 1077 4834 hujusmodi
1105 4759 1361 4831 permutationibus
1389 4761 1480 4817 exteri
1507 4766 1631 4823 cultores

72 4857 171 4912 acriter
189 4858 297 4914 ascivit.
312 4860 423 4915 Interea
442 4861 635 4916 maturitatem
659 4865 687 4915 et
700 4861 767 4916 sini·
820 4859 977 4923 falluntur3
996 4856 1045 4910 scd
1063 4853 1262 4910 benevolentia
1280 4853 1368 4924 pleni,
1386 4853 1496 4910 hicilcni
1518 4859 1630 4916 veniam

72 4966 109 5005 iru
134 4952 310 5007 Uticensiiim
331 4953 377 5025 pie
396 4954 594 5022 consideravit,
617 4955 767 5009 instinctu·
820 4968 878 5007 nan
896 4948 1027 5005 malitiosi
1046 4947 1150 5003 orions
1167 4950 1389 5018 consequuntur.
1408 4947 1508 5004 Nactus
1524 4952 1630 5025 quippe

72 5046 87 5112 i,
104 5044 154 5115 qni
174 5061 291 5101 suorum
310 5047 416 5120 ubique
437 5048 598 5116 miseretur,
613 5049 768 5103 condolens
820 5045 938 5101 fortuitu
958 5042 1091 5114 reliquias
1109 5057 1160 5113 pro
1179 5056 1262 5112 posse
1281 5054 1333 5094 suo
1351 5038 1514 5110 sublimant,
1531 5046 1579 5101 sed
1594 5048 1630 5104 de

75 5137 116 5193 ivit
137 5154 144 5192 ε
168 5160 183 5185 «ι
208 5140 275 5194 Ossa
296 5141 387 5195 Patris
412 5141 506 5210 vestri,
529 5159 593 5213 quae
616 5141 767 5213 sequimini
819 5137 971 5210 peregrino
997 5136 1026 5189 iii
1053 5151 1105 5189 sna
1130 5132 1310 5204 indagatione
1343 5133 1482 5189 ansberto
1514 5145 1629 5212 errant;

72 5232 141 5287 imni
168 5248 239 5288 auro
267 5238 296 5289 et
321 5241 443 5306 argento
468 5235 635 5306 pretiosiora
664 5236 766 5291 habeo.
818 5247 905 5305 quein
918 5231 982 5302 plus
998 5230 1075 5300 justo
1096 5229 1302 5299 promoventes,
1317 5227 1561 5302 archiepiscopum
1575 5235 1630 5290 llo·

72 5326 134 5381 ,iam
150 5342 203 5397 pro
218 5343 316 5384 amore
338 5329 448 5384 illorum
469 5329 557 5398 faveo,
573 5335 600 5384 et
616 5330 701 5384 vestri
718 5345 766 5385 cu·
818 5329 1040 5399 thomagensem
1053 5326 1213 5379 autumant.
1229 5323 1332 5378 Verum
1346 5323 1482 5380 audacter
1500 5343 1629 5389 assevero

72 5423 322 5490 ens,cancellario
341 5423 477 5495 praecipio
498 5429 528 5478 ut
548 5439 595 5477 vos
613 5423 767 5479 honorilice
818 5420 895 5494 quod
919 5420 1044 5492 plurima
1068 5415 1283 5489 investigatione
1314 5416 1416 5475 edidici
1442 5419 1503 5474 sine
1532 5421 1627 5481 dubio.

72 5513 186 5584 habeut,
211 5532 366 5589 omnesque
391 5517 641 5589 oblationesque
663 5518 768 5572 sanctis
820 5514 956 5571 Uticensis
978 5512 1114 5567 nimirum
1137 5510 1291 5567 hosbertus
1311 5509 1359 5564 ille
1378 5510 1492 5581 juvenis
1513 5519 1565 5583 est,
1580 5521 1630 5590 qui

72 5606 259 5680 tollerentur,
272 5611 351 5666 vobis
362 5616 478 5681 annuat,
493 5612 583 5666 donec
597 5611 766 5679 Aurelianis,
818 5610 877 5665 sine
903 5607 1006 5663 viatico
1032 5610 1150 5677 repente
1178 5603 1328 5659 defunctus
1355 5606 1419 5672 est,
1444 5606 1493 5661 sed
1517 5625 1582 5665 mox
1613 5630 1630 5668 a

72 5704 162 5758 iaetus
190 5703 246 5757 mci
270 5711 354 5776 eaput
380 5709 432 5775 cst,
462 5705 650 5777 pei·vciiiatis;
672 5704 767 5776 ibique
818 5705 914 5758 sancto
942 5702 1022 5756 Patre
1046 5698 1164 5754 Ebrulto
1189 5696 1372 5752 resuscitatus
1397 5703 1456 5752 est.
1479 5699 1649 5770 hedique,

72 5794 765 5867 novabis,undeiietumsumcieuteuihabearis.»
818 5800 949 5875 percepta
974 5793 1197 5865 communione,
1216 5791 1363 5867 migravit
1379 5790 1421 5847 ab
1435 5788 1621 5857 bominum,
1635 5792 1673 5843 a&

112 5892 246 5959 Parnon.
272 5894 473 5961 CLXXXVIII.
1479 5888 1523 5950 hii
