3750 6046
98 184 161 252 tuat
401 193 404 207 '
636 183 784 244 ANSELMI
804 184 1099 245 HlvsisshasltSls
1117 181 1223 244 episc.
1663 234 1668 246 .
1701 183 1767 243 lam

97 352 1768 392 ΜΗ

688 505 1171 671 ANSllllll

241 806 250 824 ⁴
396 829 1067 986 lllllllllllltllllsls
1117 829 1469 984 liliitlll

863 1109 1005 1191 LIBER

98 1313 196 1472 llll
250 1307 550 1454 ORDINE
606 1304 1187 1449 allollaoltllll
1245 1303 1769 1451 llthhlllllll

523 1569 608 1642 (Edit.
630 1570 663 1624 ll.
683 1571 714 1625 P.
735 1570 841 1640 Parrus,
860 1570 991 1628 Thesaur.
1010 1571 1156 1635 Auecdot„
1175 1571 1218 1642 lv,
1238 1588 1269 1640 11,
1289 1573 1344 1643 74.)

795 1929 1069 2025 MONITUM.

127 2321 192 2373 Mox
204 2324 235 2371 ut
248 2321 369 2386 inclytus
383 2320 450 2373 ordo
462 2323 662 2375 canonicorum
676 2323 867 2389 Regularium,
883 2321 936 2374 sub
955 2321 1067 2386 vulgata
1082 2322 1190 2388 Regula
1204 2321 1233 2372 S.
1248 2320 1397 2386 Augustini
1419 2320 1612 2379 militantium,
1629 2317 1677 2370 vel
1695 2329 1776 2370 exor-

96 2397 142 2442 tus
161 2391 206 2440 vel
224 2395 394 2442 restauratus
413 2394 474 2456 luit,
490 2395 614 2445 diversos
633 2395 669 2445 ob
690 2395 808 2445 instituti
828 2395 989 2455 novitatem,
1008 2399 1037 2444 ut
1057 2393 1200 2458 putabant,
1222 2390 1394 2442 adversarios
1413 2393 1512 2440 nactus
1531 2391 1581 2439 eet.
1605 2387 1692 2437 Primi
1711 2401 1775 2438 earm

95 2463 217 2528 aggressi
232 2463 319 2512 luisse
333 2463 463 2514 videntur
475 2465 579 2526 clerici,
603 2478 673 2529 quos
693 2464 844 2516 saculares
864 2462 1013 2528 appellant,
1025 2477 1078 2513 nec
1100 2464 1125 2513 ei
1140 2475 1246 2524 omnes,
1265 2460 1313 2512 sed
1333 2460 1479 2511 deterioris
1499 2458 1667 2522 pierumque
1691 2464 1775 2519 notae,

96 2533 298 2595 concubinarii,
320 2547 429 2598 pompae
447 2549 480 2586 ac
500 2537 654 2588 vanitatum
676 2539 891 2596 consectatores,
913 2534 961 2598 qui
983 2533 1142 2597 apostolicae
1163 2534 1227 2582 vilse
1248 2543 1375 2581 normam
1397 2530 1573 2594 rigoremque
1595 2528 1776 2578 adversantes

95 2605 123 2655 ln
147 2616 242 2653 earum
260 2607 337 2669 terga
357 2605 519 2665 saeviebant,
543 2620 663 2670 quorum
686 2607 817 2657 virtutem
839 2607 1111 2667 sanctimoniamque
1127 2604 1227 2653 imitari
1247 2605 1275 2652 et
1295 2600 1421 2652 aemulari
1442 2599 1563 2650 taedebat
1585 2597 1775 2663 pudebatque.

94 2673 238 2725 Adversus
260 2673 350 2725 hocce
375 2674 564 2726 adversarium
588 2689 677 2740 genus
704 2689 797 2726 acrem
822 2690 854 2726 ac
881 2675 1077 2727 vehementem
1104 2674 1269 2738 apologiam
1298 2672 1409 2734 scripsit
1428 2668 1586 2731 Gerhohus,
1610 2671 1777 2733 praepositus

93 2743 411 2809 Reicherspergensisad
429 2746 622 2797 innocentium
641 2747 674 2808 ll,
689 2747 767 2798 Pont.
784 2748 869 2805 hias,
889 2761 974 2811 quam
988 2762 1003 2797 a
1017 2747 1126 2797 nobiae
1144 2744 1312 2795 Bibliotheca
1330 2743 1444 2794 Rotensi
1459 2746 1566 2791 erutam
1581 2745 1648 2792 tom.
1666 2739 1777 2804 llparte

94 2817 179 2867 altera
198 2814 383 2879 vulgavimus.
400 2817 455 2867 Alii
471 2818 547 2880 iique
569 2830 619 2881 pro
634 2817 780 2868 sanctioris
797 2819 861 2868 vilae
876 2831 909 2868 aa
929 2817 1064 2868 doctrinm
1082 2817 1175 2880 specie
1193 2815 1363 2865 robustiores
1377 2813 1576 2863 canonicorum
1596 2810 1778 2876 Regularinm

94 2884 244 2936 adversarii
260 2885 375 2949 quidam
400 2886 529 2938 monachi
554 2888 694 2948 exstitere,
707 2889 757 2952 qui
772 2891 875 2940 viscera
894 2889 999 2954 pietatis
1017 2900 1072 2936 uon
1094 2886 1218 2937 latentes
1231 2885 1327 2948 {ratris
1349 2885 1468 2934 errantis
1487 2882 1576 2932 bouem
1600 2887 1649 2932 aut
1671 2883 1778 2933 asinum

94 2957 225 3020 adipsum
240 2970 292 3006 uon
309 2957 394 3009 satum
415 2972 471 3009 aare
491 2959 630 3016 reducuut,
644 2959 690 3010 sed
706 2961 784 3010 etiam
799 2960 872 3024 furto
890 2959 1025 3025 subripere
1042 2958 1208 3008 metiamtur:
1227 2956 1274 3020 qui
1292 2954 1374 3017 [ratri
1393 2967 1411 3003 a
1426 2951 1574 3003 latronibus
1586 2951 1731 3003 vulnerato
1747 2965 1777 3004 aa

93 3027 217 3078 semivivo
240 3026 340 3088 reticio,
356 3042 408 3079 nou
427 3029 513 3080 satum
534 3042 588 3080 uait
610 3029 776 3089 subeuntum,
790 3031 835 3081 sed
850 3030 947 3081 vulnus
967 3044 1051 3095 supra
1064 3028 1160 3080 vetitus
1182 3027 1321 3091 tritticum:
1341 3031 1364 3076 et
1376 3026 1425 3090 qai
1437 3025 1508 3089 quod
1526 3024 1577 3075 siti
1593 3023 1655 3088 fieri
1670 3023 1775 3083 uatuat,

94 3098 156 3150 otiis
178 3096 306 3159 interum,
332 3099 395 3149 dam
415 3113 505 3150 eorum
524 3100 592 3164 filios
604 3115 635 3152 ac
652 3101 795 3165 discipulos
815 3101 849 3152 ad
865 3101 916 3159 tiis,
936 3101 985 3153 sub
1007 3099 1102 3166 quihus
1116 3099 1220 3150 salvari
1239 3103 1371 3161 poteraut,
1397 3096 1537 3161 magistris
1561 3093 1722 3145 abstrahere
1745 3107 1775 3144 αθ

93 3167 145 3220 sibi
171 3168 306 3218 attrahere
323 3169 481 3229 moliuntur,
499 3175 628 3235 tanquam
651 3172 725 3236 apud
739 3171 809 3223 satos
826 3186 867 3222 sas
881 3170 1003 3223 christus
1021 3172 1069 3222 sit:
1093 3176 1221 3235 tauquam
1236 3183 1345 3233 requam
1363 3169 1412 3220 Dei
1429 3166 1464 3216 ab
1478 3168 1515 3217 eis
1533 3167 1700 3230 processerit,
1730 3170 1776 3215 out

94 3241 124 3288 ia
144 3252 186 3290 eos
204 3240 273 3290 satos
293 3242 450 3303 pervenerit.
468 3243 508 3293 lta
531 3247 559 3292 ut
576 3255 643 3306 perse
657 3243 709 3293 dici
727 3243 881 3300 audiamus,
895 3243 963 3293 sicut
980 3241 1114 3305 quaedam
1134 3241 1271 3292 haeresium
1288 3238 1448 3302 tearporibus
1464 3237 1561 3288 dictum
1580 3240 1632 3286 est:
1656 3236 1722 3286 Ecce
1736 3234 1777 3286 tric

96 3310 224 3368 Christus,
246 3314 293 3359 aut
312 3323 367 3362 ecce
386 3310 451 3370 ittic,
476 3315 540 3372 ete,
558 3325 622 3376 quta
641 3313 742 3364 melius
764 3317 792 3362 et
810 3313 985 3364 commodius
1000 3313 1074 3377 apud
1095 3315 1185 3377 ipsum
1201 3311 1365 3362 anselmum
1386 3311 1547 3374 episcopum
1565 3306 1775 3370 Havelbergen-

94 3395 152 3432 sem
169 3380 343 3443 inpraesenti
362 3380 505 3432 luculento
531 3381 674 3447 Opusculo
695 3385 750 3447 lagi
769 3387 895 3448 possunt,
914 3382 989 3448 quad
1005 3384 1034 3433 in
1052 3383 1204 3434 monachos
1219 3383 1253 3432 de
1272 3382 1370 3433 ordine
1381 3380 1581 3431 canonicarum
1594 3375 1776 3440 Regularium

95 3450 280 3512 detrahentes,
305 3452 446 3516 eleganter
473 3467 508 3505 aa
532 3453 621 3505 solide
642 3454 778 3520 pmaudit.
793 3457 897 3506 Notata
918 3454 1033 3520 dignum
1057 3461 1140 3519 caput
1161 3465 1232 3505 xvru
1247 3454 1298 3512 esi,
1319 3452 1348 3500 in
1372 3463 1428 3514 quo
1451 3447 1602 3500 anselmus
1625 3444 1777 3506 creditod

92 3526 251 3576 honestatem
264 3523 346 3573 simut
356 3531 378 3575 et
398 3527 518 3576 exercitii
536 3527 668 3576 rationem
687 3532 813 3590 spectare,
832 3533 860 3576 ut
880 3528 1006 3577 canonici
1023 3525 1174 3589 Regulares
1194 3525 1221 3574 in
1237 3535 1315 3587 opere
1328 3535 1455 3571 manuum
1474 3532 1529 3569 uait
1547 3516 1655 3581 vulgari
1679 3515 1777 3582 linqua

92 3600 136 3650 sed
157 3598 252 3648 latina
272 3611 403 3652 sermones
426 3601 584 3652 necessitatis
605 3607 629 3652 et
643 3601 769 3652 utilitatis
785 3599 931 3663 conseruat.
960 3601 1001 3651 De
1023 3597 1182 3662 prolixitate
1203 3591 1367 3644 Psalmodia
1381 3593 1418 3642 ita
1437 3591 1511 3642 idem
1523 3602 1586 3667 cap.
1600 3599 1645 3637 xx
1664 3593 1775 3638 censet:

91 3668 339 3733 Muttipticotiourm
357 3684 459 3738 quoque
479 3671 657 3735 [amitiarium
674 3672 840 3723 Psalmorum
864 3672 931 3722 sicut
951 3683 1006 3722 aaa
1019 3667 1138 3733 requiro,
1151 3665 1192 3714 tta
1211 3677 1257 3713 ²⁸⁰⁰
1279 3663 1377 3727 linquis
1396 3661 1468 3725 101111
1489 3660 1518 3709 111
1539 3657 1694 3721 'mmm‘
1713 3671 1777 3721 ΡΝ·

92 3739 175 3798 hibeo,
189 3739 307 3788 maxime
325 3741 372 3790 liae
396 3741 556 3806 approbans,
572 3747 600 3791 ut
614 3742 642 3792 id
658 3743 742 3792 studii
761 3741 902 3806 penitentes
914 3744 939 3791 et
958 3745 1067 3790 orantes
1086 3735 1208 3795 lateant,
1231 3739 1363 3796 quatenns
1378 3732 1449 3796 quod
1465 3742 1511 3780 ore
1526 3726 1674 3809 protertur,
1692 3732 1777 3809 meme

90 3813 217 3864 versetur,
240 3813 263 3856 et
283 3820 317 3858 ue
334 3811 421 3873 aperis
445 3825 477 3861 uc
497 3810 614 3861 lectionis
638 3813 803 3873 exercitium,
821 3811 862 3862 oet
884 3816 987 3863 secreta
1008 3809 1140 3862 orationis
1162 3810 1310 3855 turtureum
1335 3802 1496 3865 sacrificium
1521 3812 1574 3880 per·
1597 3802 1731 3850 arctiorem
1753 3803 1777 3850 et

90 3877 244 3944 psalmodia
265 3879 294 3926 iu
315 3881 446 3930 commum·
460 3881 660 3944 protstatiouem
682 3881 838 3933 sactudatur
850 3895 909 3933 cum
930 3882 981 3933 bec
1003 3883 1121 3945 oporteat
1141 3875 1200 3939 fieri
1214 3880 1238 3925 et
1256 3876 1308 3925 ista
1329 3870 1605 3934 iioaamitti.Cap1te
1625 3882 1676 3921 vni
1696 3868 1776 3934 plura

92 3949 290 4001 canonicorum
314 3950 503 4014 Regularium,
523 3953 572 4015 qui
594 3953 783 4017 singularibus
795 3953 947 4003 virtutibus
963 3957 992 4003 et
1008 3947 1171 4004 coeleeiibus
1187 3946 1403 3997 charismatibus
1417 3942 1526 4008 prediti
1545 3942 1659 4001 iuetint,
1679 3953 1775 3992 exem·

91 4023 136 4085 pla
146 4017 256 4082 profert.
285 4019 382 4084 Capite
396 4034 472 4072 xxix
485 4024 613 4073 maximis
628 4023 760 4074 laudibus
774 4025 802 4072 in
822 4024 926 4075 amium
940 4021 1018 4074 effert
1035 4022 1183 4084 Hugonem
1198 4032 1213 4067 a
1231 4017 1259 4068 S.
1278 4016 1399 4076 Victore,
1416 4015 1570 4079 liupertum
1589 4013 1776 4072 Tultieusem,

91 4086 263 4141 Barnardum
274 4088 528 4152 claravallensem,
542 4097 571 4143 et
584 4092 782 4144 Nordthertum
794 4095 1035 4160 archiepiscopum
1051 4090 1330 4158 magdeburgensem,
1351 4089 1398 4153 qui
1419 4099 1518 4137 omnes
1534 4084 1669 4136 Anselmo
1689 4083 1776 4135 ooaeri

92 4160 229 4210 exstitere.
242 4158 417 4224 opusculum
431 4161 485 4213 hoa
500 4167 646 4227 acceptum
658 4165 746 4215 resero
765 4166 797 4216 V.
816 4166 847 4217 C.
863 4169 890 4216 et
906 4166 1095 4218 eruditissimo
1111 4162 1231 4226 tieorgio
1244 4159 1380 4222 Eccardo,
1394 4159 1443 4224 qui
1459 4157 1486 4208 id
1503 4170 1538 4208 ex
1554 4154 1654 4208 codice
1672 4154 1775 4206 biblio·

91 4230 180 4282 thecae
193 4230 444 4284 llamerslebiensis
457 4233 629 4297 exscriptum
642 4233 729 4286 tuisse
746 4234 922 4302 significavit.
938 4235 1043 4286 Nomen
1056 4237 1181 4288 Anselmi
1197 4241 1251 4286 tam
1266 4237 1295 4286 in
1310 4235 1390 4284 initio
1405 4246 1490 4298 quam
1502 4232 1531 4280 in
1548 4229 1605 4282 tine
1625 4226 1777 4294 apographi

90 4316 202 4354 mecum
216 4304 415 4357 communicati
428 4307 580 4368 comparet,
598 4318 650 4356 nea
670 4305 777 4369 dubito,
790 4306 974 4358 recentiorem
987 4307 1129 4360 librarium
1148 4311 1270 4359 veterem
1285 4306 1385 4358 Libelli
1401 4305 1622 4369 inscriptionem,
1634 4301 1729 4366 qualis
1748 4301 1775 4349 iu

91 4375 152 4439 ipso
173 4377 324 4443 exemplari
348 4376 585 4427 Humerslebiensi
605 4381 758 4442 conspicua
780 4379 872 4436 luerit,
900 4377 1020 4428 fideliter
1045 4380 1225 4446 expressisse.
1252 4377 1335 4440 Quod
1358 4382 1450 4427 tamen
1471 4374 1606 4440 impedire
1630 4384 1773 4437 nunquam

90 4447 198 4512 poterii,
209 4449 278 4512 quin
291 4446 475 4497 vehementer
488 4448 623 4510 suspicer,
635 4448 717 4514 longe
730 4448 891 4501 distinctum
906 4450 941 4500 ab
951 4452 1085 4504 anselmo
1095 4450 1315 4515 Havelbergensi
1326 4453 1468 4500 auctorem
1482 4445 1629 4511 praesentie
1640 4440 1774 4507 opusculi

90 4533 159 4570 esse.
177 4519 257 4571 Certe
268 4522 354 4583 caput
366 4531 416 4569 vm
428 4521 458 4568 et
470 4531 534 4569 xxv
547 4518 696 4570 difficulter
708 4522 847 4584 quiscum
863 4521 1020 4572 attentione
1030 4522 1161 4588 perlegat,
1187 4524 1255 4587 quin
1273 4521 1347 4572 illico
1362 4520 1485 4584 suspicio
1498 4519 1526 4567 in
1540 4518 1635 4567 animo
1649 4513 1774 4565 suboria-

90 4594 144 4652 tur,
161 4591 339 4654 scriptionem
354 4587 427 4637 hanc
439 4601 473 4639 ex
483 4587 678 4652 salzburgensi
690 4594 737 4640 aut
746 4592 901 4642 Patariensi
914 4593 1006 4656 potius
1020 4593 1136 4646 dioecesi
1146 4607 1232 4659 quam
1245 4606 1280 4644 ex
1293 4591 1371 4643 nulla
1388 4590 1442 4640 alia
1451 4588 1594 4654 prodiisse.
1615 4584 1672 4639 Sed
1687 4598 1773 4650 quau·

91 4667 149 4712 tum
172 4664 342 4726 conjecturae
366 4673 436 4710 meae
462 4659 638 4710 tribuendum
663 4661 708 4722 sit,
726 4663 864 4715 videbunt
883 4665 933 4726 illi,
956 4665 1059 4728 quibus
1081 4664 1232 4730 aliquando
1253 4662 1347 4727 plures
1371 4666 1478 4711 veteres
1502 4658 1613 4710 codices
1640 4656 1774 4720 inspicere

90 4734 208 4784 licuerit.
228 4733 287 4796 Ego
298 4733 372 4783 hona
386 4730 441 4781 ilde
454 4732 526 4794 typis
540 4731 752 4794 exprimendum
765 4734 839 4794 dedi,
854 4733 929 4799 quod
944 4750 959 4785 a
975 4736 1033 4786 viro
1047 4737 1208 4788 doctissimo
1223 4739 1248 4787 et
1265 4737 1293 4785 in
1305 4732 1465 4798 huiusmodi
1480 4731 1564 4782 rebus
1584 4729 1772 4782 versatissimo

91 4804 194 4867 accepi.
213 4805 316 4854 Praeter
330 4802 431 4853 librum
449 4802 486 4851 De
500 4802 594 4852 ardiae
606 4804 794 4856 cauodicarum
808 4807 866 4869 itaq.
877 4805 1035 4868 Aneelmus,
1051 4807 1134 4857 etiam
1149 4807 1270 4857 ducalis
1283 4805 1629 4870 ingeniisuimanumenta
1643 4800 1772 4864 adposte

89 4888 135 4925 ros
151 4874 310 4924 transmisit.
327 4873 450 4922 Primum
464 4875 507 4922 est
518 4873 627 4936 insigne
645 4874 715 4938 Opus
729 4882 823 4926 contra
837 4878 965 4928 Gracoea
978 4882 1072 4928 nostro
1090 4879 1163 4928 Luca
1184 4877 1321 4929 Dacherio
1337 4878 1364 4926 in
1387 4876 1528 4940 spicilegii
1549 4878 1615 4924 tom.
1634 4871 1701 4922 Xlil
1719 4869 1770 4934 pri-

88 4959 165 4996 mum
176 4945 297 5007 editum;
312 4944 430 4994 alterum
445 4943 570 4993 nondum
584 4945 656 5008 typis
673 4958 808 4998 excusum
821 4951 902 4998 extat
913 4948 941 4998 in
955 4950 1024 4999 meis
1037 4950 1183 5012 scriniolis,
1201 4950 1333 5012 huncque
1357 4947 1468 4997 titulum
1483 4947 1609 5010 praeteri:
1636 4945 1771 4994 tractatur

91 5016 191 5066 domiui
207 5013 325 5065 Ausetmi
335 5010 553 5075 Havelberqeusis
562 5014 677 5077 episcopi
688 5015 719 5064 de
728 5016 822 5067 ordine
833 5019 1038 5082 pronuntianda
1048 5019 1149 5069 titania
1161 5020 1196 5070 ad
1211 5019 1376 5070 Fridericum
1385 5015 1633 5081 liaqdeburqemsm
1646 5010 1771 5074 archiepi-

90 5098 204 5150 scopum.
221 5085 304 5135 Huna
319 5087 468 5134 tractatum
484 5084 602 5134 libenter
618 5087 752 5149 opusculo
766 5089 802 5138 De
829 5089 1123 5140 ordinemuouicorum
1144 5089 1313 5153 nequiorium
1331 5088 1549 5152 subjunxissem,
1569 5089 1624 5138 nisi
1642 5086 1771 5137 tardiusa

89 5155 251 5290 (1100ῑῖεείωο
266 5156 356 5206 amico
368 5155 404 5205 ad
416 5167 461 5206 me
486 5159 603 5206 curatus
623 5156 729 5209 luisset.
749 5156 804 5210 Sed
816 5173 879 5226 quse
894 5159 980 5212 editio
1000 5160 1048 5212 bic
1060 5159 1119 5213 fleri
1132 5175 1188 5212 non
1213 5160 1312 5227 patuit,
1330 5162 1359 5212 lu
1379 5158 1561 5226 sequentibus
1582 5156 1770 5209 voluminibus

110 5229 137 5278 et
162 5228 196 5290 l).

122 5388 153 5454 (ll
169 5387 316 5442 Promissis
331 5403 387 5443 non
402 5394 488 5444 stetit.
