3750 6046
55 209 134 269 list
553 210 660 269 EPIST.
681 213 822 271 seotoo.
843 212 909 269 PRO
928 208 1246 284 th'ONlClSssEGUL.
1669 218 1738 275 list

53 342 160 398 rimum
174 337 356 395 fructificanti
369 338 491 411 indigna
508 338 569 395 lieri
585 340 672 395 debet
688 340 802 412 injuria.
817 342 870 396 Pa·
883 338 970 431 Ars).
985 341 1043 395 Noe
1052 341 1146 412 justus
1162 342 1251 409 (dem,
1265 341 1313 413 rr),
1327 345 1420 397 rector
1437 358 1510 398 arcae
1530 342 1736 412 ecclesiasticae,

54 439 95 491 tet
105 435 193 490 etiarn
207 433 369 488 communis
379 449 447 487 usus
459 434 548 490 totins
558 435 699 504 Ecclesiae,
714 434 790 505 quod
801 435 874 489 sicut
923 434 1066 505 quomodo
1080 451 1097 489 a
1111 435 1351 507 contemplatione
1368 436 1464 491 divina
1483 439 1575 509 poterit
1593 454 1654 493 esse
1670 439 1739 494 alie-

55 529 153 585 nullus
170 528 376 583 monachorum
393 527 423 582 in
436 527 700 583 archidiaconatum
717 529 761 583 rel
777 529 872 584 archi·
924 545 986 596 nus,
1003 544 1054 599 per
1071 544 1160 601 quem
1178 533 1207 583 et
1223 546 1287 584 cum
1309 546 1367 601 quo
1389 532 1463 586 licus
1482 531 1601 587 salutem
1622 533 1738 588 illorum

54 623 297 694 presbyteratum,
312 621 356 676 rel
371 621 400 676 in
418 621 543 693 aliquam
566 622 730 693 parochiam
752 623 873 678 assumi·
923 622 1072 693 disposuit,
1087 639 1158 694 quos
1176 621 1204 677 in
1224 624 1329 679 diluvio
1347 624 1439 696 perire
1464 625 1574 681 noluit?
1592 626 1738 683 Abraham

55 715 450 786 tur3itanulluseanonicus
470 715 872 787 regularisajndieiisecclc-
923 718 983 769 tam
1005 731 1099 783 carne,
1121 732 1207 788 quom
1233 716 1288 771 lide
1315 721 1396 788 pater
1424 718 1579 773 multarum
1607 720 1738 790 gentium

54 809 186 877 siastieis,
208 815 258 864 erit
276 808 461 881 synodalibus
482 809 585 878 causis,
602 812 652 864 aut
664 810 789 881 gerenda
807 826 875 865 cura
924 810 1012 880 (Ger,
1031 811 1106 881 xvn),
1126 826 1202 865 urrne
1220 811 1249 865 in
1263 812 1301 866 Ur
1313 810 1522 878 Chaldaeorum,
1537 828 1613 867 nrrne
1632 813 1660 869 in
1682 812 1738 869 ali·

54 904 230 973 animarum,
247 903 304 959 sire
318 919 334 956 a
349 903 476 974 quolibet
496 903 589 959 cilicio
604 903 649 959 ael
670 903 809 976 dignitate
828 921 874 959 ce·
924 920 980 973 qno
1002 904 1154 971 montium,
1168 921 1244 958 nunc
1263 904 1292 959 in
1312 909 1389 960 terra
1404 905 1539 961 Chauaan
1555 923 1605 961 seu
1627 906 1655 961 in
1676 907 1740 963 aliis

55 997 215 1054 elesiastiea
236 1001 409 1066 remoretur,
430 1013 529 1051 rerum
551 998 639 1053 etiam
654 1015 670 1052 o
684 997 750 1053 rudi
769 999 874 1070 populo
924 996 1096 1068 quibuslibet
1122 997 1190 1052 locis
1218 997 1324 1068 legitur
1348 1000 1502 1054 Dominum
1527 1001 1738 1073 contemplatus

57 1093 230 1165 plerumque
253 1091 403 1162 expetitus,
428 1091 555 1161 eligitur,
578 1092 740 1160 assumitur,
762 1098 791 1147 et
812 1097 873 1146 tan-
925 1106 997 1157 esse,
1010 1096 1037 1145 et
1050 1091 1112 1162 ejus
1124 1091 1256 1146 familiari
1267 1092 1439 1149 allocutione
1452 1093 1739 1151 beatificatus.tacob

58 1203 147 1257 quam
163 1185 279 1240 lucerna
293 1186 320 1239 in
336 1184 491 1255 caliginoso
504 1186 565 1239 loeo
580 1186 686 1254 lucens,
703 1189 732 1240 et
746 1184 831 1240 verbo
847 1189 876 1240 et
925 1186 1005 1254 poter
1026 1184 1178 1239 duodecim
1202 1186 1426 1256 patriarcharum
1453 1188 1483 1242 in
1509 1188 1613 1243 Rachel
1638 1194 1667 1243 et
1693 1188 1740 1244 hia

58 1279 192 1350 exemplo
207 1279 312 1334 docens
330 1279 460 1350 diligitur
478 1285 507 1333 et
523 1279 691 1334 honoratur.
708 1278 874 1349 Quicunque
926 1277 1074 1350 utriusque
1087 1279 1162 1345 vitoe,
1183 1280 1532 1351 contemplativnescilieet
1547 1282 1695 1351 electivae,
1709 1281 1741 1337 ll·

57 1374 216 1445 igitursuee
228 1371 876 1440 malevolentiasrolenssatislaccre,canonico
927 1385 1028 1441 goram
1050 1387 1161 1442 gerens,
1184 1372 1252 1426 lacte
1274 1373 1309 1427 od
1334 1373 1437 1428 facicm
1463 1374 1617 1429 [lominum
1637 1374 1740 1432 vidisse

58 1467 153 1523 ordini
165 1468 194 1522 in
204 1467 259 1522 hoc
269 1466 422 1521 detrahere
433 1467 592 1533 tentaverit,
608 1465 677 1539 quid
691 1466 775 1535 dicat,
788 1482 876 1536 quare
926 1462 1031 1533 legitur
1047 1463 1135 1535 (Gen,
1150 1470 1244 1530 xxxii),
1260 1469 1289 1520 ct
1303 1466 1420 1536 angelos
1440 1484 1491 1537 per
1512 1468 1617 1523 scalam
1640 1485 1739 1525 ascen·

58 1561 147 1629 dicat,
160 1565 260 1616 contra
273 1576 360 1631 quem
376 1560 459 1628 dicat,
474 1575 592 1631 prorsus
605 1558 747 1630 ignorare,
761 1561 804 1613 rel
817 1563 877 1615 tan·
926 1557 1026 1611 dentes
1046 1561 1075 1611 et
1090 1558 1305 1626 descendentes,
1330 1560 1424 1629 ipsum
1449 1576 1563 1632 quoque
1585 1563 1740 1618 Dominum

57 1671 148 1728 quam
170 1653 300 1710 omnium
320 1654 526 1725 seripturarum
548 1652 795 1725 imperitissimum
816 1654 877 1709 sola
926 1649 1032 1705 coelesti
1052 1651 1133 1706 scolee
1146 1652 1274 1706 innixum
1290 1653 1632 1726 coelituscontemplotum
1654 1656 1740 1712 luisse

57 1747 248 1804 inridiaboni
259 1746 398 1802 malitiose
407 1751 564 1802 exaestuare
578 1745 718 1818 [constrati.
730 1750 876 1803 Cumrcro
887 1733 915 1806 B
927 1743 1016 1813 (sien,
1032 1746 1135 1815 xurur).
1149 1745 1266 1817 hloyses,
1286 1763 1352 1801 curn
1371 1751 1502 1817 pasceret
1519 1765 1586 1802 ores
1603 1749 1680 1804 tetro
1695 1766 1740 1804 so·
1817 1802 1820 1807 .

57 1844 256 1914 opportunum
279 1840 372 1908 luerit,
398 1841 432 1894 de
454 1841 509 1897 hoc
530 1840 615 1895 verbo
640 1841 752 1912 plenius
769 1842 877 1913 aliquid
927 1838 984 1892 ceri
1000 1837 1042 1892 sui
1059 1838 1212 1894 sacerdotis
1231 1840 1351 1907 Madian,
1369 1845 1397 1895 et
1411 1841 1548 1896 minasset
1567 1858 1687 1914 gregem
1706 1843 1743 1900 ed

58 1937 172 1993 [emulis
184 1934 374 2007 respondebo,
393 1935 469 2006 quod
484 1935 610 2006 desuper
628 1935 701 1990 mihi
720 1934 877 1990 insinuabi·
927 1930 1062 1986 interiora
1077 1932 1191 2001 deserti,
1211 1934 1287 1988 venit
1308 1934 1343 1989 ed
1360 1939 1486 1990 montem
1500 1933 1550 1989 liei
1566 1936 1668 2004 Horeb,
1689 1953 1740 2007 ap-

58 2036 117 2098 tur,
133 2033 166 2085 nt
178 2036 205 2084 et
224 2029 317 2084 dentes
338 2044 429 2083 eorum
450 2032 479 2082 in
496 2044 541 2083 ore
558 2032 680 2098 ipsorum
694 2034 879 2084 conterantur
927 2024 1076 2096 paruisque
1087 2026 1258 2081 eillominns
1271 2026 1299 2081 in
1313 2026 1431 2082 flamma
1442 2028 1516 2099 ignis
1526 2026 1562 2083 de
1574 2028 1744 2086 medioruhi

58 2123 148 2195 (Psoi.
164 2124 237 2191 uvir),
260 2125 289 2175 ct
309 2122 441 2192 deposita
460 2121 581 2192 ealigine
600 2121 712 2176 invidie
730 2123 773 2175 rel
792 2123 877 2192 igno·
927 2121 958 2172 et
967 2118 1077 2174 ridebat
1087 2120 1164 2191 quod
1174 2120 1262 2174 rubus
1272 2120 1399 2190 ardebat,
1411 2125 1506 2179 ctnon
1515 2121 1741 2181 combureretur.

59 2216 164 2271 raetiae
189 2215 365 2287 resipiscant,
387 2220 414 2270 et
435 2214 627 2286 corrigantur.
654 2217 741 2270 Porro
757 2215 878 2286 jamjam
927 2211 1003 2267 Dixit
1024 2228 1117 2283 ergo:
1140 2214 1255 2278 Vadam,
1272 2222 1297 2269 et
1312 2217 1440 2270 visionem
1460 2216 1530 2270 hanc
1550 2232 1679 2285 meipsam
1697 2219 1740 2271 ui-

58 2310 376 2383 proeedamns‚ettam
396 2309 431 2363 ad
453 2309 612 2377 rerbatua,
632 2325 718 2381 quam
739 2325 878 2381 quorum·
928 2306 993 2361 debe
1010 2307 1117 2370 (Erech,
1135 2306 1343 2378 rotomagus
1361 2308 1448 2363 visiol
1466 2309 1599 2380 cingens
1613 2313 1742 2366 contem·
1851 2372 1855 2379 ,

60 2404 128 2459 dam
153 2403 359 2458 monachorum
382 2404 616 2475 respondeamus,
640 2404 689 2474 qui
713 2419 743 2458 se
765 2407 876 2459 tantum
926 2398 1027 2472 platiot
1042 2401 1435 2473 quomodocontemplatirus
1449 2403 1585 2473 nonfuit,
1599 2404 1747 2475 quietor-

61 2497 303 2569 conlcmplatiros
314 2497 453 2567 jactitant,
467 2499 499 2551 ut
512 2496 612 2550 saltem
625 2496 680 2551 hoc
692 2496 788 2566 modo,
798 2496 878 2567 quasi
927 2493 1007 2547 dium
1023 2497 1129 2549 nostroe
1149 2495 1178 2549 in
1199 2494 1269 2549 rubo
1286 2496 1405 2550 ardente
1421 2502 1450 2551 et
1466 2513 1524 2551 non
1545 2497 1740 2566 comburente,

59 2591 179 2645 favente
195 2591 259 2660 sibi,
274 2590 346 2645 sicut
364 2590 404 2644 eis
420 2589 531 2644 videtur
551 2589 644 2644 diviua
662 2589 808 2660 Scriptura
826 2591 879 2645 ela·
926 2592 1066 2659 tanquam
1081 2587 1184 2658 inipso
1199 2586 1283 2642 beata
1297 2587 1406 2660 virgine
1420 2590 1505 2643 hieria
1519 2589 1582 2644 sine
1595 2591 1742 2662 concupis·

64 2684 132 2739 ricis
151 2701 227 2739 nunc
248 2684 277 2738 in
298 2684 388 2739 activa
406 2684 464 2738 rite
481 2682 660 2750 sudantibus,
684 2687 750 2737 tune
770 2683 799 2737 in
815 2700 879 2737 eon·
927 2681 1019 2735 centia
1030 2681 1136 2736 carnali
1148 2685 1317 2753 pregnante
1330 2685 1389 2736 tam
1402 2683 1487 2753 longe
1501 2683 1651 2754 praevidit?
1662 2686 1742 2742 Idem

60 2777 261 2849 templatirom
281 2778 368 2833 ritant
387 2794 417 2831 sc
435 2777 610 2847 erigentibus
629 2775 812 2849 superciliose
833 2776 877 2831 ni·
926 2774 1033 2846 Moyses
1051 2775 1232 2847 postmodum
1250 2776 1308 2830 dux
1324 2774 1422 2847 populi
1436 2776 1485 2831 ilci
1503 2776 1592 2831 laetus
1610 2778 1640 2833 in
1659 2795 1740 2834 mon·

60 2872 119 2926 mis
135 2888 163 2926 se
183 2872 344 2943 praeferant,
366 2870 414 2942 qui
440 2875 479 2936 ul,
501 2873 653 2941 praestaute
676 2870 805 2938 Domino,
829 2872 879 2925 eut
927 2871 985 2923 tem
1003 2869 1338 2925 vocaturacouteutioso
1356 2868 1462 2941 populo
1480 2871 1602 2942 caligine
1618 2872 1743 2945 interpo-

57 2966 101 3020 sie
121 2969 217 3020 essent
229 2965 321 3032 activi,
339 2968 370 3019 ut
388 2965 626 3036 contemplativos
646 2980 702 3019 non
725 2963 876 3032 calcarent,
927 2962 987 3031 sita,
1008 2963 1247 3035 contemplatione
1267 2967 1296 3018 et
1311 2962 1481 3018 allocutione
1502 2963 1600 3020 divina
1620 2966 1655 3021 de
1676 2966 1742 3038 lego

57 3066 110 3114 aut
136 3059 177 3113 sic
199 3064 293 3114 essent
317 3065 345 3113 et
371 3058 580 3128 contemplativi
606 3064 634 3114 et
659 3058 751 3126 activi,
774 3063 803 3112 ut
822 3073 876 3113 nec
927 3073 960 3111 ac
982 3055 1122 3126 regimine
1143 3057 1251 3128 populi,
1273 3057 1309 3111 dc
1334 3056 1517 3113 ordinatione
1541 3059 1690 3114 sacerdotii
1714 3064 1743 3116 at

56 3153 127 3209 illos
155 3170 207 3209 nec
235 3153 312 3224 ipsos
342 3157 525 3224 spernerent,
551 3152 599 3207 scd
627 3152 721 3224 potius
748 3105 1106 3224 temporecdispositione
1126 3150 1300 3206 tabernaculi
1318 3150 1433 3205 loederis
1452 3151 1614 3219 instruitur,
1635 3157 1743 3209 ettam

58 3253 169 3303 sanctie
189 3246 442 3318 contemplationis
460 3245 551 3300 bonos
570 3245 673 3300 seliros
692 3250 831 3313 amarent,
847 3248 877 3301 et
925 3259 1010 3313 quam
1023 3242 1145 3297 famulus
1160 3243 1189 3298 iu
1203 3248 1261 3298 tota
1274 3243 1359 3298 domo
1372 3244 1418 3298 Dei
1432 3259 1486 3316 per
1498 3245 1653 3301 coelestium
1672 3262 1741 3302 con-

58 3357 160 3396 rursus
173 3346 300 3413 tempore
318 3341 399 3395 bonas
414 3340 532 3395 aetionis
549 3345 661 3394 sanctos
675 3339 874 3412 contemplati·
925 3336 1146 3407 temptationem
1156 3336 1193 3391 ad
1204 3337 1382 3392 terrestrium
1395 3337 1536 3393 actionem
1546 3338 1740 3395 divinitusdo·
1760 3407 1763 3411 ⁴

57 3453 110 3491 ros
124 3435 287 3506 diligerent.
303 3435 357 3490 Sed
374 3439 432 3489 tam
450 3433 622 3505 mihiquem
646 3433 697 3488 tibi
715 3434 795 3489 valde
815 3449 875 3489 me·
926 3434 1014 3500 cetur,
1032 3436 1061 3486 et
1073 3434 1155 3502 aptus
1168 3433 1358 3502 preparatur,
1378 3447 1443 3486 cum
1463 3447 1520 3502 quo
1541 3432 1626 3487 etiam
1644 3433 1740 3488 Domi-

57 3529 202 3600 tuendum
215 3534 266 3596 est,
280 3528 366 3583 irater
378 3527 556 3596 charissime,
571 3544 606 3582 ne
622 3526 690 3582 dum
707 3526 875 3583 altrinsecus
926 3541 989 3594 nus,
1005 3524 1078 3579 sieut
1091 3523 1198 3579 amicus
1213 3522 1250 3578 ad
1263 3524 1387 3579 amicum
1401 3524 1511 3580 locutus
1524 3525 1611 3580 luisse
1623 3525 1740 3598 legitur.

58 3623 96 3678 de
123 3622 167 3677 his
189 3638 254 3694 queo
275 3621 358 3676 certis
380 3621 517 3676 limitibus
536 3637 552 3674 a
570 3622 673 3676 sanclis
694 3621 824 3675 Patribus
846 3621 875 3676 in
925 3617 1038 3686 Omnia,
1060 3617 1161 3689 inquit,
1184 3618 1229 3672 lac
1250 3618 1287 3673 ad
1310 3619 1454 3689 exemplar
1479 3634 1579 3674 eorum
1607 3635 1672 3691 quea
1698 3621 1740 3676 ri-

57 3731 175 3772 summa
188 3715 332 3786 theologia
349 3714 561 3785 proficientibus
581 3718 699 3770 tractata
713 3717 789 3782 sunt,
807 3714 875 3769 scri·
926 3711 989 3767 disti
1004 3713 1034 3767 iu
1047 3712 1263 3783 montellirod,
1280 3711 1593 3783 nossessiones
1609 3713 1740 3784 ejusdem

55 3808 156 3866 hendo
180 3809 367 3880 disputamus,
399 3814 427 3862 et
452 3808 670 3879 contemplativa
693 3808 767 3875 rita,
792 3810 821 3863 ct
845 3808 877 3864 in
925 3805 1023 3879 populi
1041 3806 1137 3873 duces,
1158 3806 1226 3861 dum
1245 3806 1280 3861 ad
1299 3809 1406 3861 terram
1426 3806 1622 3879 promissionis
1640 3808 1740 3879 explo-

57 3903 153 3959 actira
166 3903 220 3957 rita
233 3901 424 3971 otlendemns,
438 3906 467 3956 et
481 3902 657 3970 charitatem,
672 3918 760 3974 quam
776 3907 875 3958 mutuo
925 3899 1046 3956 randam
1060 3905 1088 3956 et
1100 3900 1349 3971 contemplandam
1368 3899 1485 3971 vadunt,
1504 3903 1738 3972 contemplativo·

58 3996 201 4052 aedificare
214 3995 416 4064 debueramus,
428 3995 550 4050 invicem
563 3995 744 4068 provocando
752 3995 876 4051 destrua-
927 4010 990 4050 rum
1002 3997 1106 4050 secreta
1117 3994 1238 4050 coelestis
1251 3994 1350 4066 patriae
1360 3993 1527 4050 rimantium
1536 3995 1657 4067 liguram
1673 4004 1740 4069 apto

57 4107 134 4147 mus.
157 4090 213 4146 Sed
233 4091 264 4144 in
286 4089 406 4145 Domino
428 4090 550 4156 confido,
574 4088 641 4162 quia
659 4091 790 4151 chorites,
811 4106 876 4162 quae
925 4092 1039 4159 rerunt,
1050 4088 1100 4162 qui
1110 4090 1196 4145 etiam
1206 4089 1242 4145 ad
1257 4089 1394 4161 populum
1407 4090 1570 4158 redeuntes,
1583 4096 1611 4145 ct
1623 4091 1739 4148 botrum
1846 4136 1849 4141 .

57 4184 164 4255 diffuso
178 4189 216 4240 cst
228 4186 258 4238 iu
271 4185 395 4241 cordibus
408 4187 508 4240 uostris
518 4201 569 4255 per
585 4184 792 4240 inhabitantem
811 4186 874 4254 Spi·
927 4182 955 4237 in
977 4189 1053 4238 recte
1069 4189 1246 4255 reportantes
1266 4183 1303 4239 ad
1319 4182 1514 4256 occupandam
1533 4184 1739 4242 fertilissimam

57 4282 144 4335 ritum
163 4281 262 4345 illem,
281 4279 320 4349 v),
334 4281 443 4348 potiens
456 4284 505 4345 est,
529 4280 646 4347 benique
662 4282 711 4344 est,
727 4292 779 4332 non
793 4293 874 4332 aemu·
925 4280 1032 4331 terram
1055 4277 1168 4332 animos
1187 4278 1317 4334 omnium
1340 4277 1458 4334 viriliter
1480 4278 1689 4347 excitaverunt,
1712 4286 1743 4336 et

57 4374 144 4435 latur,
160 4374 349 4439 contestatur,
363 4373 568 4435 nonirrttotur,
583 4371 873 4443 rroucopitatmctum
925 4374 1061 4441 tanquam
1092 4370 1161 4426 boni
1192 4370 1319 4427 doctores
1343 4371 1373 4426 in
1398 4370 1519 4427 Ecclesia
1549 4370 1598 4428 Dei
1628 4371 1741 4429 virtutis

57 4465 210 4535 conprendet
224 4468 345 4533 ueritati,
362 4468 453 4520 munio
467 4468 591 4531 sustinet,
609 4470 663 4521 etc.
684 4466 704 4534 (l
718 4464 791 4530 Gor„
805 4464 874 4537 rur).
885 4481 915 4555 D
927 4464 1090 4536 exemplum
1104 4464 1222 4536 seipsos,
1237 4465 1425 4536 praecedendo
1443 4466 1591 4537 populum,
1610 4465 1740 4538 praebue-

57 4558 140 4625 Quod
161 4559 184 4613 si
200 4562 240 4625 tu,
266 4559 332 4631 quia
354 4559 511 4614 monachus
532 4576 571 4626 es,
593 4559 764 4615 sacrificium
786 4563 876 4615 turtu·
926 4561 993 4612 runt
1009 4558 1111 4629 (Nem,
1129 4558 1199 4630 xm).
1217 4558 1305 4614 David
1322 4575 1371 4614 rex
1391 4565 1419 4614 et
1440 4559 1589 4631 propheta,
1607 4576 1659 4615 nec
1674 4576 1740 4631 reg·

56 4670 125 4709 rum
139 4652 242 4708 offerre
255 4652 414 4724 praesumis,
435 4669 493 4706 non
510 4653 561 4708 tibi
575 4653 642 4721 vile,
663 4670 715 4708 nec
730 4660 874 4725 contemp·
924 4667 1006 4722 num,
1022 4653 1068 4707 cui
1081 4653 1154 4708 bene
1172 4652 1296 4724 praeluit,
1312 4654 1428 4724 propter
1440 4653 1621 4724 prophetiam
1642 4654 1739 4726 negle-

58 4747 138 4804 tibile
151 4748 247 4802 minus
261 4747 402 4813 rideatur,
424 4745 447 4801 si
459 4763 525 4819 ego,
546 4747 595 4818 qui
618 4764 681 4803 sum
702 4748 822 4803 clericus
847 4751 877 4803 et
925 4745 975 4817 xit,
987 4762 1041 4802 nec
1053 4747 1242 4819 prophetiam,
1254 4763 1311 4818 qua
1322 4746 1465 4802 humiliter
1476 4746 1642 4818 abundarit,
1654 4765 1740 4821 prop·

58 4857 170 4915 pauper
183 4840 296 4909 Christi,
313 4842 439 4896 hostiam
453 4857 621 4913 pauperum,
637 4842 729 4914 pullos
747 4841 877 4898 videlicet
926 4845 970 4897 ter
990 4858 1112 4914 reguum
1132 4841 1206 4897 bene
1227 4840 1455 4896 administratum
1475 4841 1608 4913 perdidit,
1622 4842 1699 4898 unde
1713 4848 1741 4900 et

58 4936 258 4992 columbarum
273 4936 309 4990 ad
329 4935 467 5007 templum
486 4935 598 4991 Domini
616 4937 762 4992 humiliter
776 4935 876 4993 offero.
928 4935 1018 4990 multa
1037 4937 1098 4991 rice
1115 4936 1283 4991 succedente
1297 4935 1389 5005 gratio
1407 4936 1494 4991 modo
1514 4936 1658 5007 perfectus
1673 4954 1740 4993 con·

58 5032 146 5088 Proin
157 5031 219 5103 jam
240 5030 395 5097 rideamus,
412 5029 435 5084 si
451 5030 494 5084 vel
514 5029 620 5086 Veteris
633 5030 676 5085 rel
694 5030 763 5085 Novi
782 5031 875 5085 Testa·
927 5029 1117 5100 templatirns,
1137 5029 1223 5085 modo
1244 5028 1384 5100 perfectus
1402 5029 1507 5084 activus
1526 5030 1644 5097 exstitit,
1664 5032 1742 5105 quod

58 5125 150 5181 menti
164 5124 291 5195 insignes
310 5139 456 5195 praecones
470 5125 500 5179 in
519 5124 609 5179 activo
622 5124 679 5180 rita
696 5123 878 5179 laudabiliter
927 5125 955 5177 et
974 5122 1134 5177 testimonio
1156 5122 1250 5178 divino
1271 5120 1407 5193 probatur
1427 5140 1434 5175 ε
1455 5124 1558 5186 incessi,
1578 5122 1671 5196 inquit
1691 5127 1749 5200 llo-¹

59 5220 198 5288 virentes,
230 5220 301 5290 ejus,
334 5235 399 5290 que
431 5218 535 5273 dieitur
562 5217 790 5289 contemplativa,
819 5218 876 5272 ullo
927 5218 1032 5285 minus,
1048 5216 1540 5286 tlooidfitiumJessesecuodnmcor
1554 5221 1743 5291 mearmldct,

59 5312 146 5370 modo
160 5313 266 5368 tuerint
277 5318 416 5384 expertes,
432 5317 462 5367 nt
477 5312 516 5366 sic
533 5316 769 5383 nuncuparentur
784 5311 876 5380 activi,
926 5310 983 5382 xv).
1007 5310 1076 5374 Quis
1098 5310 1195 5365 credat
1215 5309 1361 5365 Danielem
1377 5309 1469 5363 virum
1488 5309 1696 5369 desideriorum
1712 5314 1742 5371 in

57 5408 133 5480 quod
149 5407 236 5462 etiam
253 5406 486 5463 manilestissime
501 5422 559 5461 non
573 5409 689 5477 possent
701 5407 797 5462 vocari
814 5422 878 5461 con·
927 5404 1023 5459 medio
1035 5403 1208 5476 Babylonisa
1218 5402 1459 5475 contemplatione
1468 5404 1746 5479 divinaluissepror·

58 5501 231 5574 templatiri.
243 5502 312 5556 Abel
324 5502 434 5573 primos
440 5501 537 5572 justus
546 5508 644 5571 pastor
654 5499 762 5568 orium,
777 5506 878 5572 typum
929 5516 977 5554 sus
993 5498 1140 5554 alienum?
1164 5499 1257 5569 (Dan,
1279 5497 1320 5570 u.)
1343 5497 1411 5563 Quis
1430 5498 1553 5554 estimet
1567 5503 1626 5555 tres
1641 5520 1745 5573 pueros

60 5613 165 5669 gerens
187 5598 333 5667 pastorum
359 5595 520 5649 animarum
537 5594 810 5666 aeontcmplatione
833 5594 878 5650 di·
928 5593 957 5647 in
971 5593 1116 5647 caminum
1130 5592 1313 5664 ignismissos
1326 5593 1565 5664 contemplativos
1575 5613 1639 5648 tion
1647 5597 1759 5657 tuisse,

58 5692 126 5747 rina
140 5690 219 5745 nullo
237 5689 320 5744 modo
340 5704 441 5760 expers
455 5688 541 5743 luisse
552 5687 713 5743 credendus
728 5692 779 5759 est,
798 5689 880 5763 cujus
929 5686 981 5761 qui
996 5687 1086 5743 etiem
1096 5686 1208 5743 iil'nlm
1216 5686 1274 5743 bei
1287 5703 1392 5741 seeum
1402 5686 1444 5739 ‘sn
1457 5686 1587 5738 tornaco
1599 5680 1790 5764 mosmos&

55 5786 132 5845 bona
148 5800 268 5839 munera
282 5800 298 5836 a
310 5783 387 5837 tono
404 5785 463 5837 Deo
481 5786 638 5841 narrantur
654 5788 775 5863 occepta
792 5786 884 5863 (lieu,
933 5784 1066 5845 baberet
1080 5755 1822 5861 illectant,etiaechhehdesancx'xsanissonios

208 5878 348 5947 Parnon.
370 5879 587 5953 CLXXXVIII.
1625 5857 1678 5911 Ὦ
