3750 6046
156 194 208 250 eoe
849 199 1009 256 causatur
1028 199 1157 255 urruns
1779 190 1831 246 ⁶04

156 322 382 389 perpetrataost,
402 320 491 375 saltus
505 321 615 376 Cunani
639 338 727 394 usque
749 321 779 377 in
799 323 969 379 hodiernam
980 335 1074 410 Aque
1094 321 1348 379 Normannicarum
1370 318 1520 377 historiam
1543 332 1642 375 rarum
1664 315 1759 372 adbuc
1783 314 1831 372 ali·

158 411 235 467 diem
250 412 386 468 vocitatas
401 418 452 468 est.
1019 411 1190 484 quantulum
1204 410 1347 483 protelare
1362 411 1500 482 satagam.

194 504 355 561 Radbertus
369 512 467 562 autern
485 508 553 576 dux,
569 515 600 564 ut
617 508 653 564 de
670 511 752 565 Pratu
772 510 807 566 ad
821 526 916 567 arcem
929 527 970 566 rc·
1019 519 1085 575 xvl.
1103 521 1290 578 asimensium
1307 519 1446 587 conflictus
1461 521 1488 572 et
1507 514 1607 571 caua.
1620 543 1656 557 -
1669 512 1830 570 destituturus

154 597 216 668 diil,
230 601 259 653 et
272 616 336 671 quoe
357 607 439 672 gesta
457 601 571 656 fuerant
583 603 732 674 comperit,
746 602 850 675 pietate
863 609 968 674 rnutns,
1054 602 1084 655 ire
1096 601 1294 657 damaratum
1311 599 1386 653 uenit
1403 600 1430 652 et
1446 610 1506 651 utrm
1519 596 1633 653 lieberto
1653 593 1722 650 duur
1736 607 1831 667 parma

154 690 312 748 infortunio
332 693 435 749 civium
457 695 617 765 condoluit3
633 695 683 750 sed
702 696 810 752 fortiori
823 703 970 769 magnato
1052 681 1134 746 imi·

154 801 219 840 rum
245 802 364 843 censura
384 788 574 859 praevalente,
600 789 656 844 reis
680 805 798 861 parcere
829 789 967 862 nequivit.
1052 786 1114 841 tam
1140 784 1290 857 descriptis
1312 784 1459 841 laboribus
1486 780 1697 840 Ebroioansiam
1723 785 1752 838 et
1775 781 1831 837 iac·

153 880 231 934 Tunc
259 879 297 934 ibi
330 881 488 936 Radbertus
518 881 721 945 belesmensis.
750 889 779 938 et
804 883 969 939 Guilletmus
1017 880 1143 936 tionibus
1164 878 1352 952 periculisque
1372 875 1656 949 Rothumsgensium,
1680 874 1830 947 expediam

154 973 335 1028 Brutuliensis
355 974 519 1043 adfuerunt,
535 980 564 1030 et
578 975 758 1031 ilodumanos
777 977 882 1032 incolas
895 977 970 1032 velut
1018 973 1167 1029 conflictus
1180 979 1209 1029 et
1222 973 1327 1028 damna
1341 971 1546 1029 oximensium.
1565 969 1728 1028 Radbertus
1741 968 1831 1027 autes

154 1071 264 1121 exterus
285 1066 434 1138 praedones
453 1069 577 1140 captivos
595 1068 784 1140 abduxerunt,
806 1075 835 1126 et
855 1071 967 1143 squalo-
1017 1067 1133 1136 mensis,
1146 1066 1176 1122 in
1189 1065 1330 1122 eminenti
1347 1066 1420 1135 loeo,
1434 1065 1484 1137 qui
1497 1065 1601 1121 Furcas
1613 1062 1700 1136 vulgo
1713 1061 1829 1131 dieitur,

153 1157 365 1215 ribnscarceris
384 1161 694 1232 grauiteralflixerunt.
709 1162 886 1232 Guillelmus,
902 1167 969 1219 ltns
1017 1161 1161 1217 castellum
1193 1159 1334 1229 condidit,
1363 1162 1393 1217 at
1421 1158 1488 1215 illuc
1512 1157 1689 1214 habitatores
1720 1154 1831 1212 Vinacii

154 1251 229 1323 gerii
247 1251 331 1323 iilius,
352 1254 577 1311 Rodumansinm
592 1255 759 1327 ditissimus,
781 1272 798 1311 a
817 1257 968 1314 Gulllelmo
1017 1253 1171 1321 transtulit,
1187 1268 1286 1310 omncs
1299 1252 1439 1308 finitimos
1451 1250 1603 1324 tyrannide
1617 1265 1668 1307 sua
1681 1248 1735 1306 sibi
1757 1249 1830 1305 subi·

154 1346 319 1402 Bretuliensi
333 1347 594 1420 duciturcaptirns,
609 1353 712 1422 etpost
733 1351 836 1422 longos
848 1351 969 1407 carceris
1017 1362 1086 1419 gere
1104 1346 1216 1419 sategit.
1239 1345 1320 1403 atiud
1337 1360 1451 1418 qaoque
1467 1344 1617 1417 oppidum,
1628 1342 1707 1417 qaod
1726 1341 1831 1401 Castul-

153 1439 294 1509 squalores
314 1438 430 1496 redimit
449 1457 478 1497 se
499 1442 639 1498 librarum
658 1442 750 1498 tribus
765 1442 900 1499 millibus.
921 1443 968 1499 Sic
1016 1441 1076 1496 inm
1088 1439 1216 1496 Gunterii
1230 1442 1422 1512 noncupatur,
1435 1453 1520 1510 super
1531 1436 1636 1494 Olnam
1651 1435 1783 1507 flurium,
1793 1436 1829 1492 ad

154 1531 302 1587 belesmici
324 1536 352 1587 et
380 1533 518 1604 aquilini,
544 1535 699 1607 caeterique
721 1534 801 1591 ducis
824 1536 968 1592 auxiliarii
1015 1533 1138 1590 curbam
1157 1532 1324 1600 construxit,
1337 1531 1478 1604 parquod
1493 1529 1664 1588 delmatiam
1677 1530 1829 1602 regionem

152 1629 250 1679 contra
269 1641 298 1680 se
314 1627 492 1682 truculenter
507 1628 638 1697 seviunt,
651 1629 784 1701 civesque
805 1629 967 1701 metropolis
1016 1627 1079 1697 sibi,
1106 1627 1172 1683 licet
1190 1626 1306 1698 injuste,
1329 1625 1442 1697 penitus
1467 1625 1619 1696 subjugere
1640 1623 1761 1697 putavit.
1784 1622 1828 1680 Sic

151 1717 290 1773 Nuustriae
316 1719 470 1775 vinculatos
501 1721 666 1790 attrabunt,
692 1723 858 1795 cuneusque
885 1699 1005 1779 rebusB
1016 1720 1090 1775 ultra
1110 1720 1217 1776 natales
1236 1735 1301 1774 suos
1318 1721 1349 1775 et
1367 1734 1483 1774 avorum
1500 1718 1531 1773 in
1548 1716 1670 1773 nimium
1684 1718 1780 1773 elatus
1790 1717 1830 1772 in·

152 1811 296 1882 spoliatos,
311 1815 341 1866 ut
354 1813 489 1869 barbarus
502 1814 608 1883 hostes,
623 1815 852 1888 maleallligunt.
1016 1813 1147 1881 surrexit,
1162 1817 1191 1868 al
1212 1829 1284 1885 pene
1304 1829 1357 1884 per
1375 1816 1467 1868 totam
1480 1811 1548 1884 justi
1569 1809 1730 1883 patrocinio
1747 1809 1830 1866 adro·

187 1905 258 1959 Ecce
279 1905 381 1977 quibus
405 1908 540 1962 arumnis
563 1907 683 1980 superba
707 1908 877 1981 profligatur
899 1910 969 1964 Nor·
1017 1907 1072 1962 cati
1095 1912 1240 1962 carentem
1262 1906 1466 1962 Normanniam
1488 1904 1604 1977 paribus
1626 1904 1685 1960 suis
1708 1903 1828 1973 obstitit,

153 1999 279 2067 mannia,
295 2015 359 2071 qum
376 1999 460 2056 nimis
481 2002 549 2056 olim
569 2002 643 2057 ricta
658 2002 837 2075 gloriabatur
851 2004 966 2076 buglis,
1017 1999 1267 2057 etcollimitaneus
1285 2016 1385 2056 omnes
1402 1998 1592 2070 comprimere
1610 1996 1707 2070 ompit
1721 1995 1829 2063 Quibus

152 2094 192 2160 et,
211 2093 387 2148 naturalibus
406 2094 490 2167 regui
509 2094 575 2150 tlliis
596 2095 745 2151 trucidatis
769 2096 826 2152 sire
848 2097 964 2169 iugatis,
1016 2093 1094 2160 risis,
1110 2093 1294 2149 Normannici
1309 2108 1440 2165 proceres
1459 2091 1566 2147 turbati
1586 2095 1665 2160 sunt,
1680 2090 1829 2163 nimioque

153 2185 311 2258 usurpabat
339 2202 440 2242 eurum
469 2189 660 2261 possessiones
685 2193 713 2246 et
743 2189 873 2263 imperia.
898 2192 967 2247 Ecce
1017 2203 1139 2244 moerora
1154 2185 1263 2253 afflicti,
1278 2186 1315 2242 de
1327 2186 1487 2242 resistendo
1500 2185 1551 2241 diu
1561 2184 1743 2257 multumque
1759 2189 1830 2241 trac-

152 2294 276 2335 massam
290 2279 453 2336 diuitiarum
469 2297 540 2353 quas
554 2282 617 2338 aliis
629 2282 734 2354 rapuit,
746 2282 843 2355 eisque
856 2283 968 2355 pollens
1017 2283 1160 2337 taremnt.
1181 2279 1338 2351 Praecipue,
1359 2279 1427 2351 quis
1444 2278 1594 2334 viciniores
1610 2280 1696 2335 erant
1713 2277 1829 2350 tyranni

151 2372 280 2428 adsuam
294 2373 453 2444 perniciem
468 2375 624 2432 insolenter
638 2376 753 2445 tumuit,
768 2392 845 2431 nnnc
860 2393 918 2432 nun
932 2377 968 2433 ad
1016 2373 1147 2430 terminis
1167 2375 1196 2428 at
1219 2371 1333 2428 conatui
1357 2371 1482 2440 nefario,
1507 2370 1721 2427 insurrexerant
1743 2368 1829 2442 primi

151 2465 392 2522 delectamentum
411 2467 465 2536 sui,
481 2468 530 2524 sed
552 2468 647 2540 potius
666 2469 701 2524 ad
723 2473 897 2526 tormentum
917 2470 969 2525 mi·
1017 2468 1098 2539 llugo
1111 2467 1146 2522 de
1157 2465 1414 2534 Grentemaisniliu,
1428 2468 1459 2521 el
1472 2463 1629 2521 Richardua
1641 2463 1827 2534 deCuroei03

151 2560 311 2615 serabilitar
333 2560 474 2616 distrahit.
496 2564 585 2630 Nunc,
607 2562 681 2619 sicut
700 2563 840 2635 babylon,
862 2563 898 2619 de
919 2579 966 2620 eo·
1018 2563 1048 2615 et
1066 2559 1223 2630 municipia
1240 2575 1291 2614 sua
1305 2559 1471 2613 munierunt
1484 2558 1572 2613 armis
1589 2562 1618 2613 et
1637 2557 1785 2613 alimentis
1801 2563 1830 2614 et

151 2653 216 2708 dem
231 2653 303 2708 bibit
317 2654 532 2711 tribulationum
550 2656 646 2724 calice,
661 2656 738 2712 node
756 2656 888 2728 nequiter
899 2656 968 2712 alios
1016 2652 1139 2709 militurn
1154 2651 1268 2708 auxilio.
1281 2651 1393 2708 Prmiati
1402 2650 1509 2725 qnippe
1520 2651 1574 2708 riri
1583 2654 1669 2709 astate
1677 2651 1827 2719 canebant,

151 2746 234 2801 sulita
255 2751 298 2802 est
319 2746 469 2803 inebriare.
483 2748 555 2804 Visis
574 2753 616 2805 tut
636 2748 728 2817 malis,
748 2765 859 2821 pauper
877 2751 967 2822 gemit
1018 2746 1135 2802 audacia
1148 2749 1177 2800 et
1196 2745 1345 2802 nobilitate
1358 2744 1513 2816 pollebant,
1527 2745 1669 2801 vicinitate
1687 2761 1722 2801 ao
1735 2761 1829 2801 noces·

151 2840 252 2907 clerus,
278 2841 488 2896 monachorum
517 2842 629 2914 plorant
652 2846 750 2910 oratus,
773 2846 802 2897 et
824 2842 967 2899 desolatus
1017 2838 1140 2895 situdine
1162 2838 1280 2894 connexi
1305 2838 1447 2911 rigebant.
1472 2838 1631 2895 Radbertus
1653 2838 1751 2907 enim,
1779 2838 1827 2895 lii·

151 2933 257 3003 ubique
285 2938 386 2990 moerat
406 2934 524 2990 inermis
544 2936 677 3006 populus.
694 2935 751 2991 Soli
766 2935 901 3007 gaudent,
918 2937 967 2991 sad
1016 2932 1116 2989 cbardi
1135 2932 1220 3000 iilius,
1237 2947 1358 2988 uxorem
1373 2932 1493 2988 duxerat
1507 2932 1594 2988 filiam
1614 2932 1754 3005 lingonis,
1765 2947 1829 3005 qam

151 3042 209 3080 non
225 3024 284 3095 diu,
305 3043 357 3082 nec
376 3025 508 3098 feliciter,
522 3028 572 3101 qui
591 3028 682 3085 iurari
697 3044 746 3084 seu
770 3029 891 3100 praedari
907 3045 967 3101 pos·
1018 3025 1122 3082 marito
1135 3042 1186 3082 suo
1198 3026 1324 3099 quinque
1334 3024 1407 3081 tilios
1421 3025 1542 3099 peperit.

150 3123 217 3175 sunt
241 3119 436 3190 pertinaciter.
459 3122 534 3177 Proh
562 3121 657 3177 dolori
681 3122 866 3178 sacerdotalis
891 3138 966 3195 pena
1052 3120 1248 3191 llagnanimus
1262 3121 1343 3193 llugo
1358 3120 1387 3176 in
1403 3120 1554 3192 juventate
1570 3135 1621 3175 sua
1638 3135 1745 3192 magna
1760 3136 1827 3193 pro-

151 3213 327 3269 annibilatur
347 3214 518 3283 reverentia,
537 3215 583 3270 eui
604 3231 676 3286 pene
696 3215 790 3270 omnis
809 3215 968 3287 denegatur
1016 3212 1103 3268 bbate
1117 3213 1715 3287 floruerat,ccnjugemquepulcherrimam
1731 3214 1826 3270 soub-

151 3305 322 3374 obedleotia,
338 3307 521 3363 vehementer
533 3308 700 3380 insurgente
714 3312 744 3363 et
755 3308 868 3365 taranta
881 3310 968 3364 malo-
1016 3306 1095 3376 dam,
1107 3307 1197 3362 illlam
1212 3307 1305 3363 tronis
1318 3307 1430 3363 comitis
1442 3308 1478 3364 de
1493 3307 1682 3376 bellomonte,
1694 3308 1825 3375 duxerat,

151 3415 215 3454 rum
230 3399 376 3455 uiolentia.
394 3400 500 3472 thaid
513 3401 543 3455 in
556 3401 687 3456 Naustria
700 3405 813 3457 tantum
827 3402 967 3458 effrenata
1017 3415 1081 3471 qum
1094 3400 1205 3472 peperit
1218 3400 1246 3454 ei
1258 3400 1445 3468 liudbertum,
1459 3399 1655 3468 Guillelmum,
1665 3400 1825 3472 llagonem,

149 3492 218 3547 furit
240 3492 371 3564 Erynuis,
391 3493 599 3567 indigenasque
621 3496 801 3551 Normannus
820 3496 968 3568 proculcat
1017 3495 1133 3549 leonem
1152 3495 1181 3548 et
1197 3493 1372 3563 ltlbericum3
1385 3493 1533 3551 adelinam
1553 3496 1583 3550 et
1599 3492 1762 3561 Hadrisam,
1776 3494 1828 3549 llo

149 3585 315 3659 subigitque
331 3586 441 3643 ruinisl
457 3587 531 3652 Quia
541 3590 571 3646 in
588 3587 689 3645 diebus
702 3589 757 3644 illis
770 3606 827 3645 non
844 3592 906 3645 erat
919 3605 967 3646 rex
1016 3587 1141 3642 ebesiam
1154 3592 1182 3643 et
1197 3586 1360 3642 ldatbitdem
1378 3592 1408 3643 et
1422 3590 1572 3658 Agnetem.
1587 3588 1709 3643 Tantam
1722 3603 1826 3660 proge-

149 3695 243 3752 neque
271 3680 328 3736 dux
348 3681 517 3751 Jerusalem,
538 3683 688 3755 aureisque
706 3683 803 3738 ritulis
819 3683 966 3739 terobuam
1015 3680 1093 3735 niem
1112 3682 1142 3736 et
1160 3683 1221 3736 tam
1240 3679 1396 3752 speciosam
1418 3679 1557 3736 multifida
1575 3695 1637 3737 sors
1653 3679 1783 3751 involvit,
1798 3686 1828 3738 et

149 3773 262 3830 rebellis
285 3773 367 3847 plebs
391 3775 557 3831 immolabat
579 3777 608 3831 in
630 3777 690 3832 Dan
713 3779 742 3831 et
763 3776 870 3832 Betbel.
886 3777 966 3833 Unda
1016 3774 1127 3828 nullum
1141 3790 1177 3829 ex
1197 3774 1241 3829 bis
1262 3776 1370 3846 prater
1390 3773 1567 3830 liudbertum
1581 3773 1619 3829 a'd
1634 3789 1721 3835 canos
1737 3791 1826 3847 usque

149 3871 373 3939 transgressores
388 3868 471 3939 legis,
487 3869 521 3923 ab
541 3880 627 3924 eruca
640 3872 670 3924 et
683 3869 793 3925 brucho
812 3872 841 3925 et
859 3871 967 3925 locusta
1015 3866 1109 3922 rivere
1122 3866 1263 3937 permisit.
1277 3867 1339 3939 lpse
1352 3865 1493 3922 nimirum
1512 3866 1723 3939 primogenitus
1741 3868 1826 3926 exsti·

150 3964 179 4016 et
191 3959 323 4032 rubigine
339 3977 479 4029 comesos,
496 3963 607 4033 plangit
619 3967 649 4018 et
663 3963 793 4018 bortatur
809 3963 879 4018 toul.
893 3963 965 4029 Qua·
1015 3961 1060 4029 tit,
1073 3960 1236 4031 cunctaque
1251 3960 1385 4016 fratribus
1399 3960 1501 4016 suiset
1517 3960 1664 4017 sororibus
1675 3961 1826 4031 detractis,

149 4058 217 4109 tuor
239 4052 283 4108 bis
307 4053 434 4108 cladibus
453 4070 469 4109 a
491 4054 631 4126 propbeta
652 4055 768 4127 prolatis
791 4055 966 4112 denotantur
1015 4053 1154 4125 trigamus
1166 4052 1326 4110 consenuit.
1340 4053 1436 4109 Primo
1449 4054 1532 4110 duxit
1544 4055 1698 4126 agnetem,
1714 4053 1827 4112 Ranalfl

151 4148 276 4217 quatuor
290 4144 380 4201 animi
394 4146 541 4218 passiones
553 4163 560 4200 :
572 4150 665 4202 metus
678 4150 706 4202 et
718 4146 870 4219 cupiditas,
885 4148 966 4205 dulor
1016 4146 1175 4218 Bajocensis
1201 4145 1304 4217 filiam3
1332 4146 1439 4204 deinde
1467 4149 1609 4217 Emmam,
1629 4147 1768 4207 liodberti
1791 4149 1827 4205 de

149 4240 179 4294 et
193 4238 338 4309 gaudium.
354 4240 443 4295 ltetus
456 4244 486 4295 et
508 4239 648 4312 cupiditas
661 4241 789 4296 bumana
807 4241 966 4312 precordia
1014 4240 1158 4296 Stotevilla
1185 4240 1288 4309 dliem3
1314 4240 1439 4312 deniqne
1469 4240 1602 4310 bucmar,
1626 4242 1751 4299 &rorici
1776 4242 1827 4299 iltii

151 4331 301 4388 stimulant
321 4336 351 4387 et
373 4333 538 4400 corrodunt,
560 4333 719 4407 eademque
737 4333 837 4389 lethali
859 4335 965 4407 gaudio
1014 4333 1084 4390 Cani
1096 4332 1197 4389 filiam.
1216 4333 1382 4389 Guillelmus
1400 4339 1496 4390 eutem
1517 4337 1547 4390 et
1562 4335 1607 4391 lvo
1626 4336 1764 4408 conjuges
1775 4336 1825 4392 ba-

149 4442 200 4481 san
220 4425 312 4481 dolori
332 4425 486 4482 subdentes
508 4426 653 4498 dejiciunt.
675 4429 753 4483 Laeta
773 4426 1152 4502 obsecundantDbueruot.
1166 4428 1294 4492 Quorum
1312 4427 1424 4500 primus
1442 4427 1474 4484 in
1493 4427 1596 4500 Apulia
1610 4427 1693 4485 duxit
1704 4445 1828 4487 uxomm

148 4518 273 4589 libidini,
297 4519 391 4575 tristia
412 4534 478 4576 vero
498 4519 641 4577 inhaerent
664 4521 833 4577 crudelitati.
857 4523 966 4578 lloram
1015 4519 1165 4590 biabiliam,
1179 4520 1332 4577 liodberti
1352 4521 1491 4592 wisgardi
1513 4520 1618 4592 liliam,
1643 4526 1674 4578 et
1700 4522 1776 4580 alter
1798 4524 1829 4580 in

151 4612 285 4668 meminit
300 4612 434 4685 Virgilius
446 4613 476 4669 in
490 4619 620 4686 poemate
634 4630 686 4670 suo
701 4614 822 4671 dicens:
1015 4613 1118 4686 anglia
1138 4614 1285 4672 Gislcberti
1303 4615 1339 4671 da
1360 4614 1460 4671 Gauda
1489 4615 1590 4671 illlam.
1615 4616 1737 4674 adelina
1761 4634 1828 4675 vero

1017 4707 1113 4780 nupsit
1135 4707 1258 4780 ltogeriu
1281 4707 1319 4763 de
1343 4707 1445 4776 lbreio,
1468 4711 1499 4765 et
1520 4709 1614 4767 Robes
1638 4709 1768 4768 lieberto
1792 4711 1828 4768 de

1016 4801 1131 4859 Gurceio
1141 4818 1149 4870 ;
1163 4800 1305 4857 ltatbildis
1324 4802 1438 4874 linguai
1458 4801 1494 4859 de
1514 4802 1608 4859 Monta
1627 4802 1781 4873 Pinciunis,
1800 4808 1829 4861 et

188 4941 351 5010 dispiciunt,
365 4940 453 4998 clami
471 4940 597 5004 tenebor,
612 4845 917 4997 “camimum
1015 4893 1275 5044 ssffifmssdm
1288 4894 1323 4951 de
1336 4893 1413 4953 Μ’
1427 4894 1547 4951 mm
1561 4895 1731 4969 mmm
1744 4899 1826 4956 'mhi'

705 5035 791 5104 (aa,
806 5035 824 5088 ι.
839 5050 876 5106 u,
890 5033 967 5106 ras.)

186 4754 259 4808 Hinc
272 4757 394 4809 metuunt
413 4754 591 4824 capiuntque,
611 4753 704 4810 dotent
722 4755 902 4826 pendeatque,
922 4770 967 4810 sre-

1052 5081 1213 5153 Pracipans
1231 5081 1329 5154 itaque
1342 5083 1432 5155 bugu,
1445 5082 1512 5139 llliis
1530 5083 1700 5157 generisque
1718 5090 1749 5143 et
1765 5087 1828 5158 plu·

151 5173 207 5240 Qui
231 5175 309 5231 enim
332 5177 583 5248 perturbationum
612 5176 739 5233 tenebris
764 5176 963 5246 involvuntur,
1016 5174 1095 5231 ribus
1111 5173 1212 5230 amicis
1225 5175 1325 5246 fretas,
1339 5176 1443 5232 acriter
1461 5176 1572 5232 bellam
1585 5179 1686 5235 contra
1701 5178 1828 5236 liudber-

151 5267 258 5324 clarum
279 5268 425 5340 sapientia
445 5272 542 5327 lumen
562 5271 624 5343 jam
646 5287 705 5328 non
731 5271 826 5327 valent
848 5269 964 5339 intueri,
1018 5272 1079 5324 tam
1098 5269 1193 5340 cucpit,
1214 5268 1416 5342 tyrannidique
1438 5268 1513 5327 illius
1536 5269 1697 5344 insigniam
1724 5272 1830 5330 virtum

150 5377 205 5417 nec
216 5360 353 5417 ritiorum
372 5362 483 5434 glutino
497 5364 573 5420 exui.
594 5363 680 5420 ltulta
697 5363 813 5420 intueor
827 5363 858 5420 io
872 5362 968 5420 divina
1017 5362 1215 5419 anulatorum
1233 5363 1346 5420 lortiter
1366 5362 1480 5421 restitit.
1497 5365 1535 5421 at
1546 5363 1605 5434 iile,
1624 5365 1750 5424 fratrum
1767 5382 1830 5424 suo-

151 5453 276 5525 pagina,
299 5470 364 5527 qua
389 5454 530 5512 subtiliter
554 5459 686 5529 coaptata
712 5455 804 5514 nostri
828 5456 968 5529 temporis
1017 5472 1082 5512 rum
1096 5456 1212 5530 Rugorii
1226 5456 1386 5528 etbranld,
1399 5458 1832 5533 multorumqussibisabieoto-

151 5547 282 5617 eventui,
316 5548 451 5605 videntur
482 5548 597 5605 similia.
630 5553 773 5608 catarum
803 5549 969 5624 allegoricas
1018 5565 1083 5606 rum
1097 5550 1203 5608 viribus
1219 5556 1343 5621 tumens,
1357 5550 1493 5609 finitimos
1512 5551 1661 5626 dexpexit,
1675 5553 1830 5629 multisque

153 5638 337 5712 allegationes
357 5643 387 5697 ct
403 5640 518 5699 idoneas
536 5642 671 5699 humanis
689 5643 818 5701 muribus
830 5643 969 5716 interpre·
1018 5643 1166 5701 comtibus
1183 5643 1248 5701 illos
1266 5645 1456 5718 pamundsra,
1469 5649 1500 5701 et
1516 5644 1713 5719 possessione
1728 5662 1830 5705 eurum

153 5733 278 5792 tationes
292 5734 426 5793 studiosis
444 5736 593 5793 rimandas
608 5737 781 5810 relinquam,
794 5736 969 5811 simplicem·
1019 5737 1166 5796 devastare
1190 5738 1285 5813 capit.
1304 5739 1347 5797 Ad
1371 5738 1521 5807 condictas
1537 5739 1670 5809 istorum
1685 5756 1830 5801 marane-
