3750 6046
21 194 24 201 ·
139 164 190 220 cie
609 215 612 223 ,
829 155 990 219 ohonuici
1008 156 1137 218 VlTllLlS
1174 150 1178 157 ’
1771 160 1815 219 eso

139 289 248 358 celavit,
264 288 374 344 vultum
391 289 419 341 at
438 303 468 342 os
484 284 519 342 ad
539 288 651 359 tempus
671 287 856 359 compescuit.
873 287 954 360 Opti·
967 289 1118 382 Anerent,
1134 287 1163 343 et
1178 283 1311 343 taciturni
1324 284 1503 344 confidenter
1515 286 1712 358 ascenderent,
1728 291 1757 342 et
1772 304 1815 343 re-

140 388 234 440 mates
258 381 363 437 deinde
390 381 531 437 allocutus
554 381 589 437 de
614 380 781 436 diiticultate
806 380 955 453 capiendas
1005 381 1095 453 liqna,
1109 397 1173 455 que
1193 380 1306 454 agenda
1323 384 1426 450 esseut,
1441 381 1528 438 armis
1546 382 1709 454 animisque
1729 382 1817 453 vegeti

139 475 227 545 urbis,
243 475 278 530 de
291 475 401 547 ingenti
416 473 503 530 taedio
517 475 609 546 lougae
624 473 788 544 obsidionis,
805 472 841 529 de
854 474 954 529 lauda·
1005 474 1161 546 prudenter
1183 478 1311 547 agerent.
1333 475 1535 546 langobardus
1557 474 1685 547 quidam,
1705 475 1818 531 nomine

139 568 190 624 bili
216 569 375 624 constantia
401 567 561 623 victoriosae
588 566 785 639 expeditionis,
811 567 899 622 suasit
923 569 957 622 ut
1005 569 1143 640 Paganus,
1159 585 1217 624 non
1236 568 1296 624 sine
1316 569 1416 640 grandi
1437 572 1527 639 metu,
1547 569 1659 641 primus
1678 568 1819 637 ascendit;

142 662 260 718 cuilibet
278 677 396 718 suorum
417 660 453 718 ab
476 661 607 717 omnibus
629 661 832 717 concederetur
851 659 955 732 princi·
1005 679 1091 735 quem
1108 661 1270 719 Fuicherius
1288 662 1480 730 Carnutensis,
1501 664 1530 718 at
1544 663 1686 735 hogerius
1700 663 1738 719 de
1753 663 1820 718 Bar·

139 759 224 830 patus
242 756 409 823 Antiochia,
431 754 480 827 qui
501 754 602 826 pretio,
623 771 674 810 seu
694 755 731 823 vi,
752 754 796 810 vel
816 753 953 821 amicitia,
1005 755 1117 825 nevilla,
1137 772 1169 811 ac
1189 754 1350 812 Goisiredus
1369 755 1518 825 Parented,
1538 756 1574 811 de
1592 760 1687 812 castro
1708 755 1822 827 Secred,

139 867 189 907 seu
212 849 339 922 quotibet
364 848 480 920 ingenio
506 854 602 921 posset
626 864 691 904 eam
714 847 853 904 obtinere.
876 848 955 902 Tunc
1005 848 1108 920 aliique
1125 849 1184 905 tere
1201 865 1235 904 nx
1250 849 1392 905 subsecuti
1409 853 1488 918 sunt,
1504 864 1577 921 quos
1589 849 1687 905 Pirrus
1700 848 1821 921 diligen·

140 943 263 1001 seniores
278 943 305 998 ai
319 959 377 999 non
397 942 606 1014 acquieverunt,
621 943 670 998 sed
689 957 873 998 communem
891 957 956 997 eam
1005 944 1049 997 ter
1063 943 1197 1015 suscepit,
1214 945 1243 998 et
1260 942 1290 998 in
1309 941 1436 999 turribus
1455 941 1513 998 suis
1535 942 1692 998 collocavit.
1714 941 1822 998 Deinde

140 1038 273 1093 omnibns
294 1053 354 1092 essa
377 1037 482 1092 debere
505 1037 647 1104 dixerunt,
669 1035 735 1108 quia
757 1035 882 1107 generali
906 1051 954 1090 co·
1004 1034 1110 1105 Pirrus,
1125 1038 1276 1107 postquam
1292 1035 1363 1092 vidit
1379 1036 1455 1108 quod
1473 1036 1569 1108 plures
1589 1051 1648 1091 non
1663 1050 1822 1107 sequeren-

141 1134 211 1187 netu
228 1146 328 1186 ornnes
343 1129 382 1184 ibi
396 1129 609 1186 laboraverunt.
623 1129 743 1201 Sapiens
763 1130 848 1186 heros
865 1128 955 1200 pluri·
1005 1130 1062 1200 tur,
1082 1129 1162 1185 valde
1184 1129 1281 1199 tristis,
1302 1133 1433 1187 materna
1455 1129 1555 1185 dixisse
1578 1130 1678 1202 lingua
1702 1130 1795 1186 iertur
1815 1147 1822 1184 ε

140 1226 193 1280 bus
224 1223 326 1280 auditis
353 1223 505 1291 conticuit,
532 1231 561 1279 et
591 1223 835 1296 opportunitatem
865 1221 956 1295 optati
1005 1226 1084 1280 Heu!
1104 1225 1170 1278 heu!
1189 1225 1290 1279 multra
1309 1225 1425 1280 Francos
1443 1225 1554 1287 ethome,
1575 1224 1630 1280 hoc
1650 1227 1705 1293 est,
1723 1240 1825 1294 pouces

140 1319 231 1375 exitus
261 1319 444 1390 exspectavit.
473 1319 557 1374 Paulo
591 1324 672 1390 post,
700 1319 793 1387 tama,
825 1332 956 1390 praesaga
1005 1320 1120 1374 straneas
1146 1319 1282 1374 hebenus.
1308 1316 1511 1389 Langobardus
1537 1333 1606 1390 ergo
1635 1334 1689 1390 par
1716 1318 1823 1373 scalam

141 1413 221 1481 mali,
250 1412 414 1485 percrebuit
444 1412 475 1468 in
505 1411 611 1480 castris,
637 1413 751 1480 Turcos,
778 1411 955 1480 Publicanos,
1004 1428 1144 1485 properus
1157 1410 1312 1480 descendit,
1326 1414 1356 1467 et
1371 1411 1542 1484 exspectanti
1563 1412 1732 1468 Buamnndo
1750 1412 1822 1467 emi-

141 1507 296 1579 Agulenos,
317 1504 461 1573 azimitas,
482 1509 510 1561 et
529 1504 668 1578 plurimas
689 1505 841 1577 gentilium
862 1504 955 1561 natio·
1006 1523 1060 1562 nus
1083 1505 1181 1562 dixit:
1204 1506 1276 1574 Quid
1299 1507 1435 1577 aqisian
1459 1506 1579 1561 dorneu?
1597 1507 1676 1562 lliitte
1698 1507 1823 1562 ueioeiter

142 1617 194 1656 nes
207 1600 368 1667 adventare,
383 1602 412 1656 et
423 1600 457 1655 de
469 1598 544 1655 bello
558 1599 587 1655 in
597 1599 771 1656 Christianos
785 1599 954 1655 condixisse.
1006 1615 1072 1671 quos
1083 1601 1214 1655 missurus
1228 1613 1265 1662 es,
1279 1601 1345 1669 quie
1359 1598 1497 1654 indemnes
1509 1599 1573 1668 iarn
1590 1598 1755 1655 obtinuissetis
1771 1607 1822 1654 tres

140 1695 202 1750 iam
216 1693 285 1749 certi
302 1698 457 1766 eruperant
471 1693 576 1762 nuntii,
590 1693 640 1766 qui
658 1693 695 1748 de
713 1692 881 1749 certitudine
901 1696 954 1748 tes·
965 1675 995 1748 Β
1007 1697 1104 1749 terrm.
1115 1692 1248 1764 Alioquin
1260 1696 1286 1747 et
1297 1707 1356 1756 nos,
1370 1696 1397 1746 et
1407 1693 1552 1756 deitatem,
1563 1697 1590 1747 et
1603 1694 1720 1748 [immun
1733 1697 1820 1756 tuum,

36 1768 40 1776 ¹
142 1788 279 1843 iubentur
290 1786 467 1842 imminentis
480 1787 606 1859 periculi.
621 1787 774 1844 Christiani
789 1803 858 1858 ergo
872 1786 957 1842 duces
1006 1789 1055 1858 qui
1076 1791 1161 1843 totam
1184 1801 1259 1857 spem
1285 1791 1310 1843 et
1334 1788 1453 1842 eninm
1477 1800 1555 1842 suiten
1578 1787 1607 1841 in
1630 1788 1723 1842 sinum
1749 1790 1822 1843 tanen

142 1881 178 1937 ad
199 1880 322 1937 invicem
342 1879 438 1942 lacerti¹
450 1885 527 1948 sunt,
547 1886 576 1935 et
595 1885 695 1952 sponte
716 1898 766 1936 sua
787 1880 956 1936 Buamundo
1006 1880 1150 1951 espundit,
1167 1881 1293 1936 emisisti.

142 1975 353 2030 subintulerunt
375 1991 381 2029 :
403 1975 485 2032 Vides
511 1975 583 2045 quod
605 1977 635 2030 in
661 1976 776 2031 articulo
799 1990 842 2031 res
863 1978 957 2031 nostro
1043 1973 1213 2043 llisauditis,
1225 1973 1416 2042 buamundus,
1426 1972 1514 2046 etqui
1523 1989 1588 2029 cnm
1599 1990 1634 2030 eo
1644 1975 1738 2043 erant,
1750 1972 1822 2030 dicto

140 2071 232 2138 posita
250 2071 295 2125 sit.
315 2068 346 2126 Si
364 2070 503 2123 ciuitatem
521 2083 583 2138 erqo
604 2070 684 2124 istam
702 2084 781 2139 prece
799 2069 842 2124 oei
856 2071 955 2139 pretio,
1006 2066 1087 2124 citius
1105 2082 1219 2123 cursum
1239 2066 1391 2138 arripiunt,
1410 2067 1493 2122 multi
1512 2083 1661 2123 ascensum
1676 2082 1822 2140 praeoccu-

142 2161 217 2217 nobis
230 2163 311 2217 etiam
320 2161 494 2231 juventibus,
507 2163 609 2232 poten's
623 2162 752 2225 obtinere,
766 2176 813 2217 nos
831 2176 890 2217 eam
908 2161 958 2216 tihi
1005 2166 1085 2234 pant,
1099 2163 1129 2216 et
1141 2164 1249 2233 septem
1262 2159 1342 2231 alias,
1355 2160 1436 2216 Pirro
1450 2159 1580 2230 docente,
1594 2165 1688 2217 turres
1701 2160 1820 2217 intrant.

142 2256 310 2310 unanimiter
328 2254 510 2322 cmcedimuss
527 2255 603 2311 satec
619 2258 651 2310 in
670 2256 802 2319 omnibus,
822 2255 894 2325 quad
908 2256 957 2310 ivn·
1006 2253 1110 2310 Occisis
1133 2253 1276 2322 omnibns,
1298 2269 1371 2327 quos
1394 2253 1470 2309 intus
1492 2254 1670 2324 invenerant,
1688 2253 1751 2325 jam
1772 2270 1822 2326 per

138 2350 262 2420 pectori
275 2352 300 2404 te
316 2347 490 2404 collaudante
504 2350 627 2416 iacimus,
645 2352 821 2405 tenemento.
835 2350 866 2406 Si
881 2349 957 2404 nobis
1006 2364 1104 2403 muros
1128 2351 1157 2403 et
1182 2347 1290 2420 plateas
1320 2350 1487 2419 personant,
1512 2348 1619 2419 passim
1647 2347 1821 2414 discurrunt,

141 2441 298 2513 imperator,
313 2446 345 2497 ut
354 2444 491 2512 promisit,
506 2442 619 2512 adjutor
630 2443 780 2507 odaeum,
792 2443 958 2513 juratasque
1006 2441 1171 2513 neminique
1185 2440 1309 2498 obvianti
1322 2446 1452 2512 parcunt.
1466 2440 1556 2512 Cives,
1570 2440 1717 2497 laboribus
1728 2441 1821 2513 longa

28 2546 30 2551 ·
138 2538 277 2608 punctiones
301 2536 469 2601 custodierit,
492 2537 598 2608 perjuri
621 2538 710 2593 uiuere
734 2537 876 2604 nolumus3
898 2537 956 2599 sed,
1007 2534 1159 2590 obsidionis
1176 2534 1296 2606 fatigati,
1310 2533 1354 2589 vix
1373 2534 1656 2607 expergiscebantur,
1676 2536 1707 2590 et
1727 2534 1821 2591 adhuc

140 2631 214 2700 quod
234 2645 303 2701 poce
329 2634 376 2685 tua
401 2631 504 2686 dictum
529 2633 574 2694 sit,
601 2645 650 2686 nos
677 2646 737 2686 eam
762 2630 807 2686 illi
832 2630 955 2686 concedi·
1007 2629 1176 2685 somnolenti
1202 2628 1300 2685 domos
1325 2645 1391 2684 snas
1421 2628 1546 2685 inermes
1580 2628 1820 2700 egrediebantur;

141 2738 212 2779 mus.
233 2725 282 2780 Sin
302 2727 403 2788 auten,
427 2729 479 2779 tue
498 2739 602 2795 semper
624 2724 734 2780 subdita
755 2725 790 2779 sit
807 2725 957 2793 potestati!
1006 2738 1105 2778 minuo
1128 2738 1253 2795 sonoque
1275 2721 1459 2779 clamantium
1483 2721 1643 2794 stupefacti,
1668 2723 1760 2778 cautis
1782 2722 1823 2778 in·

141 2813 203 2872 tior
216 2817 410 2888 buamundus,
425 2817 532 2873 iteretis
543 2815 731 2885 sermonibus,
745 2816 859 2872 Pirrum
873 2816 957 2872 inter-
1006 2816 1082 2872 cauti
1097 2816 1293 2886 occursabant,
1309 2818 1338 2871 et
1352 2831 1412 2872 rem
1432 2816 1610 2888 ignorantes,
1629 2815 1820 2887 adversarios,

141 2908 265 2982 pellavit,
282 2915 318 2966 et
340 2910 397 2978 iile,
423 2911 494 2967 nihil
521 2913 734 2984 percunctatus,
757 2911 847 2966 tilium
873 2927 956 2966 sunm
1007 2914 1104 2982 utpote
1116 2927 1180 2965 suos
1193 2909 1319 2979 clientes,
1333 2909 1536 2966 convocabant.
1550 2909 1719 2983 Ubicunque
1734 2910 1822 2983 igitur

142 3003 271 3059 obsidem
304 3004 391 3059 misit.
418 3007 521 3069 Preco,
549 3005 658 3077 inquit,
685 3008 772 3060 uester
802 3007 831 3059 in
860 3007 994 3119 cuslenc
1007 3004 1202 3074 obviabantur,
1227 3007 1365 3075 tanquam
1389 3020 1455 3061 oves
1476 2994 1702 3076 procumbebant
1724 3009 1753 3059 et
1776 3004 1823 3059 ob·

139 3100 237 3154 uestris
258 3099 363 3154 intonet
384 3099 442 3154 aitc
464 3114 527 3155 uoce
546 3104 578 3154 ut
598 3113 663 3169 qesta
683 3101 855 3162 mononem,
879 3098 957 3153 hodie
1007 3098 1219 3155 truncabantur.
1240 3099 1318 3154 Tunc
1342 3098 1429 3154 etiam
1453 3097 1615 3153 conterinus
1636 3097 1710 3154 Pieri
1733 3097 1823 3154 irater

136 3197 306 3271 preparata,
335 3206 396 3249 nas
420 3193 595 3264 inqsediatur
620 3194 816 3250 Saracenarum
844 3196 954 3256 teram,
1006 3194 1144 3249 mactatus
1157 3193 1334 3248 estlnterea
1347 3192 1419 3248 tanti
1432 3191 1602 3264 perseniam
1615 3207 1717 3264 repere
1730 3207 1822 3264 crepe·

140 3283 319 3358 depredandi
335 3301 430 3355 causo,
449 3292 475 3343 et
495 3289 534 3343 sic
552 3289 654 3343 uostris
673 3288 813 3343 stanteis
832 3286 956 3343 dusinu-
1005 3289 1080 3356 rant,
1100 3290 1130 3341 ut
1144 3287 1206 3358 ipsa
1219 3287 1293 3342 scala
1310 3285 1449 3342 dissiliens
1463 3284 1672 3354 dissolveretur,
1690 3301 1743 3342 nec
1758 3285 1821 3342 aliis

141 3374 246 3436 labitur
266 3395 349 3437 causa
372 3384 475 3437 nostro.
498 3382 645 3452 Postquam
667 3382 783 3437 bostium
805 3380 956 3436 multitudi-
1006 3379 1056 3452 qui
1073 3380 1171 3452 jusum
1192 3382 1310 3452 propter
1333 3395 1428 3436 muros
1448 3379 1577 3449 aderant,
1602 3378 1686 3435 sociis
1706 3394 1821 3436 sursum

141 3488 202 3530 nem
232 3475 337 3545 bnqius
369 3476 467 3531 urtinse
498 3476 586 3532 nostri
614 3477 791 3546 putaverint,
815 3476 957 3545 minusque
1005 3474 1200 3547 pugnantibus
1212 3473 1344 3530 auxiliari
1357 3477 1483 3546 possent.
1500 3474 1553 3529 Pro
1566 3472 1617 3530 tali
1630 3488 1701 3546 ergo
1715 3478 1821 3530 eventu

138 3565 249 3625 solliciti
273 3569 323 3624 sub
347 3570 433 3626 noctis
457 3570 565 3627 silentio
587 3571 753 3640 quimerints
777 3584 825 3625 uos
847 3570 957 3624 interim
1005 3566 1177 3624 contristetis
1189 3566 1281 3640 pietas
1294 3568 1346 3623 liei
1359 3566 1513 3640 suffragata
1525 3570 1578 3623 est.
1591 3567 1666 3623 Nam
1677 3583 1737 3623 non
1751 3583 1818 3641 pro-

139 3659 310 3728 ciandestini,
330 3664 404 3719 scala
424 3666 510 3720 muris
533 3663 652 3726 admota,
677 3663 829 3727 macerate,
852 3677 956 3718 omnem
1005 3660 1313 3718 culascalanutuiiei
1327 3660 1482 3734 quamdam
1495 3665 1616 3734 portam,
1632 3677 1719 3733 wem
1733 3663 1822 3717 retro·

138 3757 283 3813 tumultum
305 3758 470 3828 compescite,
493 3772 654 3829 murumque
675 3760 727 3813 cito
748 3763 773 3813 ct
794 3757 957 3827 confidenter
1004 3756 1073 3812 actis
1093 3756 1193 3812 diebus
1214 3756 1390 3828 explorantes
1409 3755 1549 3826 videraut,
1569 3772 1587 3811 a
1604 3755 1720 3812 sinistra
1738 3760 1820 3828 parta

139 3851 285 3915 incendite,
305 3857 443 3922 iussuque
461 3866 543 3917 meas,
559 3855 591 3906 ut
607 3853 732 3921 praeusi,
749 3853 867 3922 recipite.
883 3853 956 3907 Post·
1005 3850 1153 3924 palpantes
1181 3849 1366 3919 invenerunt,
1390 3850 1511 3922 ipsaque
1537 3849 1625 3905 tracta
1650 3850 1821 3921 quantocius

137 3942 244 4000 modum
263 3945 296 3999 de
309 3944 386 3999 rebus
403 3945 516 4013 agendis
533 3950 687 4015 macerate,
701 3944 954 4015 gladiisquereruvn
1004 3945 1124 4017 ingressi
1145 3947 1222 4001 suni.
1242 3945 1320 3999 Tunc
1339 3943 1445 3999 nimius
1465 3944 1563 4015 tragor
1583 3945 1697 4000 exortus
1718 3949 1773 4007 ast,
1793 3946 1822 4000 et

139 4045 247 4096 euentus
262 4042 391 4111 perficite,
409 4056 456 4096 nec
476 4040 585 4111 aliquid
604 4041 678 4110 quod
693 4039 829 4110 agendum
843 4043 889 4104 sit,
909 4056 956 4096 ceu
1004 4038 1121 4095 uberior
1148 4038 1301 4094 dimicandi
1329 4038 1439 4094 occasio
1470 4037 1636 4094 Christianis
1662 4038 1819 4108 succrevit,

138 4147 247 4202 seques,
276 4131 413 4202 mpiiqite.
441 4135 497 4201 Epo
523 4148 585 4188 uero
615 4135 744 4188 insomnes
772 4139 798 4188 et
824 4132 955 4190 sollicitus
1003 4132 1156 4205 Turcisque
1178 4148 1279 4188 somno
1298 4132 1421 4205 vinoque
1443 4131 1560 4205 sepultis
1579 4131 1723 4188 crudelior
1741 4130 1821 4189 necis

138 4231 257 4282 oestrum
268 4226 446 4298 prestolabor
459 4226 616 4282 aduentum.
1004 4227 1137 4299 angustia
1156 4226 1279 4283 obvenit.
1299 4225 1432 4297 Gentiles,
1453 4225 1523 4281 dum
1546 4225 1705 4298 periculum
1726 4225 1823 4282 immi·

174 4315 358 4375 buamundus
378 4319 475 4392 itaque
500 4319 623 4392 preaconi
646 4336 708 4390 suo,
730 4336 818 4393 φιθιιι
840 4320 955 4377 italam-
1003 4337 1074 4379 nens
1096 4320 1222 4393 elingere
1242 4321 1356 4390 sedent,
1376 4321 1406 4376 in
1426 4319 1600 4378 Christianos
1618 4320 1819 4393 impegerunt;

138 4410 281 4473 Coronam
312 4412 565 4486 cognominabant,
593 4430 644 4486 per
675 4417 767 4471 castra
797 4414 1033 4492 praeconariDet
1055 4414 1194 4488 impetum
1218 4415 1322 4473 evitare
1344 4418 1514 4487 satagentes,
1536 4414 1607 4470 dum
1628 4413 1770 4485 nesciunt,
1790 4415 1822 4472 in

134 4503 229 4582 jussit,
253 4515 284 4567 ut
305 4524 404 4564 omnes
424 4507 501 4564 irent
525 4509 649 4564 hostium
675 4513 763 4565 terras
784 4507 952 4581 depraedari.
1003 4509 1185 4581 repentinum
1195 4509 1295 4566 mortis
1307 4508 1460 4565 discrimen
1472 4508 1646 4564 ceciderunt.
1658 4507 1820 4566 buamundi

137 4604 227 4659 Omne
248 4619 316 4659 vero
337 4605 478 4660 secretum
501 4602 621 4659 credidit
644 4602 709 4658 duci
732 4602 902 4674 Gadeiredo,
925 4606 955 4658 et
1002 4601 1147 4671 vexillum,
1168 4602 1231 4675 ipso
1251 4602 1382 4675 jubente,
1406 4601 1436 4657 in
1461 4601 1562 4658 urbem
1586 4602 1692 4658 elatum
1716 4605 1770 4674 est,
1793 4605 1823 4657 et

137 4693 312 4767 Flaudreusi,
331 4699 361 4752 et
381 4697 552 4767 Normanno,
575 4701 662 4769 atque
682 4697 830 4765 Tolosano,
851 4713 883 4752 ac
905 4698 955 4751 Po·
1002 4702 1101 4753 contra
1117 4695 1315 4768 municipium,
1334 4695 1411 4769 quod
1431 4696 1494 4752 erat
1514 4695 1543 4752 in
1560 4695 1642 4765 urbe,
1658 4696 1688 4752 iu
1708 4695 1821 4753 editiori

137 4785 228 4846 diensi
248 4787 391 4862 episcopo,
411 4790 530 4864 aliisque
552 4788 726 4862 quibusdam
749 4789 952 4862 optimatibus;
1002 4791 1073 4847 colle
1088 4789 1256 4847 collocatum
1272 4796 1324 4847 est.

27 4906 30 4913 ·
136 4880 297 4940 Teneredus
316 4888 413 4940 autem
433 4884 533 4957 suique
552 4883 717 4952 consiliarii,
734 4899 794 4940 rem
813 4887 903 4940 totam
917 4884 953 4940 ab
1038 4884 1198 4953 Christiani,
1219 4901 1249 4942 ιιι
1270 4886 1361 4941 Nonas
1380 4885 1466 4955 iunii,
1486 4884 1560 4941 teria
1580 4900 1618 4953 ιν,
1638 4883 1822 4943 Antiochiam

135 4975 247 5050 origine
269 4981 413 5034 noverant.
432 4978 595 5050 Stephanus
614 4994 682 5034 vero
701 4978 883 5034 Carnotensis
902 4978 953 5034 ab·
1003 4978 1196 5046 obtinuerunt,
1213 4985 1242 5035 et
1259 4979 1426 5035 innumeros
1446 4994 1627 5052 paganorum
1645 4978 1753 5036 ibidem
1775 4980 1820 5036 in·

136 5076 206 5139 erat,
223 5072 271 5144 qui
290 5088 394 5145 magna
409 5071 542 5129 detentus
555 5071 738 5145 egritudine,
753 5074 785 5127 nt
798 5072 952 5141 asserebat,
1002 5076 1189 5129 teremerunt.
1205 5074 1261 5129 Nec
1275 5074 1361 5142 aetati,
1375 5089 1429 5129 nec
1445 5073 1532 5142 sexui,
1546 5090 1598 5130 nec
1616 5074 1705 5131 cuivis
1720 5075 1820 5132 condi·

136 5162 173 5219 ad
186 5165 407 5222 alexandretam
421 5166 607 5223 recreationis
622 5166 724 5238 gratia,
742 5165 832 5223 donec
849 5181 951 5223 conva·
1003 5167 1075 5224 tioni
1093 5171 1176 5223 nocte
1195 5167 1244 5223 illa
1257 5167 1399 5223 indultum
1417 5170 1470 5224 est.
1485 5169 1545 5223 Nox
1558 5168 1695 5240 ambigua
1707 5174 1778 5239 erat,
1793 5173 1823 5226 et

136 5255 244 5327 luisset,
270 5259 447 5316 discesserat.
471 5261 617 5317 Exercitus
642 5260 741 5332 itaque
768 5259 952 5329 Christianus,
1003 5261 1067 5317 ideo
1078 5261 1231 5335 promiscui
1243 5278 1327 5318 sexus
1339 5261 1449 5318 nullum
1463 5265 1626 5335 exceperat.
1638 5261 1706 5318 liies
1718 5262 1822 5333 illuxit,

136 5348 254 5423 hujusce
269 5351 311 5408 rei
329 5352 457 5424 ignarus,
473 5358 688 5428 vesperascente
706 5354 762 5423 die,
781 5358 876 5410 castra
892 5355 953 5411 exi·
1003 5358 1033 5410 et
1046 5354 1096 5427 qui
1108 5354 1296 5411 morabantur
1310 5356 1340 5411 in
1353 5354 1462 5425 castris,
1475 5355 1716 5413 tumultuantibus
1728 5372 1821 5430 popu·

136 5447 186 5515 vit,
201 5450 230 5502 et
250 5463 303 5519 per
319 5446 453 5520 quadam
471 5447 552 5503 devia
570 5448 717 5520 deductus,
732 5452 799 5506 ante
819 5464 953 5506 auroram
1002 5448 1037 5504 iis
1055 5453 1084 5504 et
1097 5449 1279 5506 reboantibus
1298 5449 1375 5506 lituis
1393 5448 1488 5522 exciti,
1502 5449 1638 5506 saxulum
1658 5451 1824 5508 Buemundt

136 5555 227 5614 prope
241 5541 342 5597 urbem
359 5555 412 5615 per
431 5540 633 5613 compendiosa
652 5542 817 5600 diverticula
831 5542 953 5616 repeda·
1002 5542 1136 5600 viderunt
1148 5547 1177 5599 at
1196 5549 1389 5616 agnoverunt3
1404 5553 1434 5601 et
1447 5544 1481 5601 de
1498 5548 1579 5618 capta
1598 5544 1715 5602 civitate
1732 5545 1824 5620 gavisi

136 5634 186 5692 vit.
203 5634 388 5693 buamundus
402 5634 516 5692 interim
535 5634 592 5692 suis
607 5636 954 5694 mandavitiamiiieribns
1003 5641 1079 5693 sunt.
1105 5637 1148 5695 lid
1174 5643 1272 5712 portas
1297 5637 1386 5711 igitur
1409 5641 1609 5709 cucurrerunt,
1632 5638 1821 5711 introierunt,

137 5734 169 5792 ut
184 5728 301 5804 udam,
322 5744 410 5805 quam
428 5733 647 5806 preparaverat,
666 5734 747 5788 caute
766 5747 850 5787 muro
863 5747 953 5807 appo·
1003 5730 1152 5807 sociosque
1172 5734 1233 5789 tom
1253 5732 1318 5790 nisu
1341 5732 1520 5807 adjuverunt.
1539 5734 1654 5809 rmus,
1673 5732 1821 5795 usurn·
