3750 6046
2 202 7 223 ³
87 200 140 262 ιιι
765 210 924 269 ouuamcl
942 211 1073 269 VlTALlS
1713 211 1764 269 cti

86 327 246 383 Decembris
260 327 291 384 ιιι
306 329 421 387 ecclesia
440 331 534 388 Sancti
544 333 619 390 Petri
632 334 751 406 apostoli
773 336 901 406 sepultus
911 350 940 423 Α
986 336 1058 390 llllll.
1076 335 1223 405 Sequentia
1235 336 1418 390 Romanorum
1430 335 1586 405 pontificum
1599 334 1729 392 historiae.

88 426 139 477 est.
154 423 188 479 Et
199 423 319 479 cessavit
331 425 509 498 episcopatus
524 428 622 483 diebus
633 445 685 482 ιιιι.
985 428 1145 500 Stephanus
1157 429 1275 496 Siculus,
1291 444 1323 483 ax
1337 432 1417 499 patre
1426 427 1519 498 Oliho,
1533 427 1607 484 sedit
1626 429 1710 484 annis
1724 445 1764 499 ιιι,

123 515 269 570 Zacharias
294 518 417 588 Gnaeus,
442 536 475 574 cx
505 525 583 592 patre
606 520 802 592 Polochronio,
829 522 901 577 sedit
949 521 1094 576 mensibus
1104 537 1130 589 ι,
1146 520 1247 576 diebus
1262 536 1356 576 ιιιιιι.
1370 521 1417 577 Vir
1430 524 1564 576 strenuus
1580 527 1608 577 et
1621 521 1715 578 bonus
1728 540 1762 578 ac

90 608 173 663 arinis
189 626 217 680 x,
230 611 374 667 mensibus
383 629 422 679 ιιι,
435 614 533 669 diebus
546 631 601 670 ιιι.
615 614 665 670 Hic
680 614 901 671 omnibusbonis
951 614 1073 685 sapiens,
1087 613 1216 670 Ecclesiae
1236 614 1285 670 Dei
1298 613 1452 669 admodum
1474 613 1591 685 profuit.
1605 617 1678 672 Ante
1692 616 1767 671 elec·

89 709 222 771 ornatus,
250 705 379 762 Ecclesiae
399 707 447 761 Dei
473 707 587 778 profuit.
615 709 693 763 Tunc
714 708 791 762 ltalia
817 707 901 763 nimis
950 709 1058 762 tionem
1081 708 1143 778 ojus
1163 707 1292 763 inaudita
1312 706 1419 762 malitia
1442 708 1542 763 Romae
1568 713 1686 779 peracta
1711 715 1767 766 est.

89 795 201 851 turbata
215 802 285 852 erat.
300 800 375 870 Papa
389 799 485 871 itaque
498 801 710 872 Liudprandum
724 817 822 873 regem
833 802 902 857 adiit
950 802 1021 855 Nam
1034 801 1104 856 Toto
1117 800 1272 871 Nepesinus
1286 800 1340 854 dux
1356 800 1578 857 Constantinum
1587 801 1693 857 laicum
1707 801 1765 857 lra-

92 893 120 942 et
135 905 235 959 pacem
250 891 279 944 iu
293 908 327 945 ιι
340 908 432 946 annos
443 893 576 963 firmavit,
587 894 765 966 captivosque
779 895 901 950 reduxit.
951 899 1026 948 trem
1039 910 1122 948 suum
1135 893 1170 948 ab
1188 893 1275 948 invito
1294 893 1416 964 Georgia
1429 894 1614 948 Praenestina
1633 895 1768 967 episcopo

90 979 291 1052 Lindprandus
305 1001 377 1040 ιιιιι
391 1002 465 1039 anno
488 986 568 1056 regui
583 986 626 1040 sui
647 987 727 1057 obiit,
747 991 775 1044 et
789 987 904 1043 llatchi-
952 1003 1056 1058 papam
1070 986 1229 1041 consecrari
1250 986 1343 1057 coegit.
1365 987 1431 1042 Post
1450 1002 1539 1058 quem
1557 986 1769 1044 ordinationem

88 1090 145 1140 sus,
156 1077 316 1130 pemmonis
328 1076 406 1132 discis
415 1079 666 1150 Forojuliauorum
681 1082 764 1149 filius,
776 1097 902 1152 regnum
952 1079 1089 1151 Georgius
1106 1079 1136 1134 ιιι
1152 1079 1353 1152 {egritudinem
1365 1079 1482 1150 corruit,
1497 1079 1678 1152 nimiumque
1691 1081 1772 1137 inthr-

91 1167 224 1238 suscepit.
237 1169 313 1223 Tunc
327 1170 394 1224 dum
414 1171 615 1227 Constantinus
632 1174 789 1244 imperator
803 1178 903 1230 contra
952 1177 1045 1228 matus
1058 1189 1206 1245 nunquam
1218 1179 1318 1244 postea
1331 1173 1448 1228 missam
1463 1173 1594 1228 caumrit.
1609 1174 1677 1245 Ejus
1690 1175 1769 1231 enim

89 1259 236 1329 Agarcnos
259 1261 337 1329 isset,
354 1263 468 1335 quidam
490 1266 605 1322 nominc
626 1269 787 1323 artavastus
811 1268 902 1339 impe·
953 1267 1070 1323 dextera
1086 1282 1188 1321 manus
1200 1266 1276 1322 aruit
1290 1272 1318 1321 et
1332 1270 1476 1322 contracta
1490 1271 1543 1334 est,
1559 1281 1650 1337 quam
1662 1283 1717 1323 nec
1735 1268 1771 1323 ad

88 1350 164 1406 rium
186 1352 284 1409 furtim
295 1355 408 1412 invasit.
429 1359 631 1415 Constantinus
650 1377 718 1415 vero
744 1360 904 1416 exercitum
954 1376 984 1415 os
999 1376 1081 1414 sunm
1095 1360 1168 1414 ferre
1182 1359 1281 1429 valuit,
1300 1359 1349 1415 sod
1362 1359 1465 1415 eodem
1480 1375 1555 1416 enno
1570 1360 1632 1432 ipse
1644 1360 1770 1432 pessimo

90 1443 212 1501 Orientis
225 1451 418 1521 congregavit,
432 1453 532 1508 urbem
545 1453 666 1508 viriliter
679 1470 845 1525 expugnans
859 1470 903 1508 rc·
954 1453 1093 1524 languore
1108 1453 1187 1508 obiit.
1206 1454 1273 1507 Post
1290 1468 1398 1508 annum
1415 1454 1505 1508 Roma
1517 1453 1697 1510 christoforo
1713 1455 1773 1525 pri-

91 1553 158 1607 gcni
174 1541 259 1611 cepit,
273 1549 301 1597 et
314 1543 450 1599 rebellem
464 1562 528 1600 cuin
544 1547 600 1601 suis
613 1547 800 1619 complicibus
816 1546 905 1603 oculis
954 1546 1073 1601 micerio
1086 1551 1115 1601 et
1130 1535 1226 1617 Sergio
1242 1545 1386 1601 sacellario
1404 1545 1508 1602 tradita
1520 1551 1572 1614 est,
1586 1552 1616 1602 et
1628 1547 1699 1602 Toto
1715 1546 1773 1601 dux

91 1631 221 1699 privavit.
241 1636 318 1691 Tunc
335 1639 552 1709 carlomannus,
567 1641 658 1698 caroli
677 1641 796 1697 hartelli
817 1642 904 1695 Eran-
955 1656 972 1693 a
994 1639 1139 1695 Demetrio
1163 1642 1192 1694 ct
1210 1639 1338 1695 Gratioso
1364 1639 1563 1696 fraudulenter
1583 1639 1691 1695 occisus
1719 1643 1772 1695 est.

91 1739 189 1779 corum
203 1728 279 1799 regis
292 1730 375 1801 filius,
392 1732 422 1786 in
436 1737 534 1788 monte
549 1734 663 1789 cassino
677 1735 835 1790 monachus
847 1725 941 1796 fac-B
954 1733 1019 1788 Post
1034 1733 1094 1788 luae
1107 1732 1265 1804 Stephanus
1276 1749 1360 1803 papa,
1373 1732 1500 1804 legitime
1513 1732 1646 1789 acunclis
1663 1733 1773 1788 electus

91 1821 136 1872 tus
151 1824 201 1875 est.
218 1822 366 1878 Ratchisus
384 1842 497 1898 quoque
520 1844 571 1882 rex
585 1828 717 1884 hortante
740 1844 824 1899 papa,
848 1829 904 1882 lto·
955 1831 1008 1880 est.
1022 1827 1083 1880 Non
1098 1826 1188 1881 multo
1203 1828 1267 1897 post
1280 1842 1297 1879 a
1310 1825 1480 1896 quibusdam
1495 1825 1629 1897 malignis
1636 1825 1773 1881 constan·

93 1928 170 1967 mam
184 1916 270 1985 venit,
286 1924 415 1991 nutuque
430 1921 479 1975 Dei
496 1921 624 1992 deposito
640 1920 798 1977 diademate
811 1921 904 1993 regni,
955 1919 1031 1974 tinus
1042 1918 1156 1974 invasor
1167 1923 1196 1973 et
1209 1918 1346 1973 Passibius
1367 1918 1456 1974 frater
1477 1919 1538 1991 ejus
1557 1935 1590 1974 ac
1608 1919 1775 1975 Theodorus

92 2010 251 2065 monachus
263 2012 354 2067 factus
368 2019 419 2068 est.
439 2015 586 2070 Zacharias
604 2031 679 2086 papa
697 2014 783 2070 libros
798 2032 822 2071 ιι
838 2015 904 2069 Dia·
955 2013 1101 2085 episcopus
1122 2017 1151 2068 et
1171 2011 1366 2068 vicedominus
1380 2012 1454 2083 capii
1476 2019 1504 2070 et
1524 2011 1615 2068 orbati
1637 2016 1724 2081 suut3
1747 2017 1777 2068 et

93 2103 227 2174 logorum
242 2103 316 2160 beati
332 2107 463 2177 Gregorii
475 2125 557 2180 papae
572 2109 607 2165 de
620 2108 718 2164 Latino
734 2109 764 2163 in
777 2110 907 2164 Graecum
955 2105 1145 2163 christoforus
1167 2122 1199 2161 ac
1220 2105 1335 2178 Sergius
1361 2105 1436 2161 filius
1463 2107 1534 2178 ejus,
1561 2105 1668 2178 aliique
1690 2106 1775 2162 multi

93 2197 248 2265 transtulit,
263 2205 291 2253 et
313 2215 399 2255 xxxxv
417 2202 567 2274 episcopos
586 2203 736 2258 ordinavit.
758 2202 823 2257 ldus
841 2217 906 2257 vero
955 2200 1021 2256 dolo
1036 2203 1065 2254 et
1084 2199 1246 2254 immisione
1266 2199 1401 2255 Desiderii
1420 2199 1498 2270 regis
1521 2198 1681 2270 perierunt.
1699 2200 1777 2256 luter

94 2289 184 2345 Martii
196 2291 230 2346 ad
253 2293 373 2347 Deatnm
397 2295 510 2350 Petrum
529 2297 687 2367 apostolum
710 2296 835 2366 sepultus
853 2298 904 2351 est.
956 2294 1018 2348 haec
1031 2293 1190 2364 Stephanus
1210 2309 1295 2365 papa,
1316 2292 1345 2346 in
1364 2292 1548 2348 ordinationis
1564 2308 1624 2347 suae
1644 2292 1775 2362 exordio,

93 2384 128 2438 Et
143 2385 264 2440 cessavit
276 2387 453 2458 episcopatus
467 2387 566 2444 diebus
578 2406 625 2444 ιιι.
957 2384 1088 2458 Sergium
1101 2385 1328 2441 secundicerium
1338 2385 1512 2440 adcarolum
1519 2385 1654 2457 ldaguum
1675 2402 1777 2457 regem

130 2478 292 2550 Stephanus
305 2480 461 2547 Romanus,
476 2497 511 2536 ex
526 2484 608 2552 patre
623 2482 817 2551 constantino,
835 2482 909 2538 sedit
958 2480 1129 2535 Francorum
1146 2479 1259 2546 direxit,
1274 2479 1461 2533 etconsilium
1474 2478 1673 2550 auxiliumque
1690 2479 1726 2534 ab
1741 2496 1777 2535 eo

94 2571 178 2625 aunis
201 2588 228 2641 v,
243 2572 341 2627 diebus
356 2589 448 2629 ιιιιιι.
460 2575 537 2630 Tunc
555 2575 717 2646 Stephanus
729 2575 876 2647 presbyter
891 2593 908 2631 a
958 2573 1094 2645 poposcit.
1108 2573 1158 2628 cui
1176 2575 1320 2644 gratanter
1337 2571 1384 2627 ille
1398 2589 1435 2627 ιιι
1448 2571 1595 2642 episcopos
1608 2570 1643 2626 de
1661 2572 1777 2627 Erarrcis

92 2664 201 2735 populo
217 2665 323 2720 electus
342 2667 406 2722 fuit.
423 2667 479 2723 Sed
492 2669 576 2724 tertio
602 2668 657 2737 die,
674 2668 742 2724 dum
764 2686 781 2724 a
806 2686 908 2724 sonrno
958 2665 1181 2738 probatissimos,
1195 2670 1223 2721 et
1235 2665 1264 2719 in
1280 2664 1383 2720 divinis
1404 2664 1568 2736 Scripturis,
1591 2669 1776 2720 sanctorum·

95 2758 270 2826 surrexisset,
288 2765 316 2814 et
332 2760 434 2816 sedens
448 2761 579 2817 alacriter
594 2779 639 2817 res
652 2779 715 2817 suas
733 2762 907 2833 disponeret,
960 2775 1016 2830 que
1030 2775 1174 2815 canonum
1187 2757 1413 2814 institutionibus
1428 2757 1554 2813 eruditos
1570 2756 1686 2813 direxit.

96 2850 189 2906 subito
214 2852 355 2908 alienatus
376 2854 518 2910 obmutuit
541 2860 570 2911 et
595 2855 624 2909 in
647 2855 802 2911 crastinum
828 2855 908 2911 obiit.
995 2855 1087 2909 llense
1101 2852 1192 2924 Aprili
1208 2852 1362 2906 multorum
1375 2850 1501 2923 synodus
1514 2852 1671 2922 praesulum
1687 2851 1718 2906 in
1731 2850 1782 2906 ha·

94 2945 201 3000 Deinde
223 2946 382 3018 Stephanus
402 2951 446 3003 est
467 2948 616 3004 ordinatus
637 2949 782 3016 diaconus,
801 2951 909 3004 cunctis
959 2947 1035 3002 silica
1057 2946 1153 3002 Sancti
1173 2944 1323 3000 Salvatoris
1344 2946 1426 3016 juxta
1450 2943 1596 3000 Lateranis
1621 2949 1781 3016 aggregata

95 3038 246 3095 virtutibus
264 3040 427 3096 adornatus.
445 3043 523 3098 Tunc
542 3042 690 3110 Aislulfus,
707 3042 907 3114 Langobardo-
960 3043 1018 3107 est;
1034 3043 1120 3112 atque
1133 3037 1340 3106 constantinus,
1357 3038 1406 3109 qui
1426 3038 1461 3093 de
1478 3037 1551 3092 laico
1566 3039 1687 3109 repente
1701 3037 1781 3093 cleri·

93 3148 157 3185 rum
174 3149 233 3200 res,
252 3140 383 3190 sanctam
398 3136 551 3190 Ecclesiam
569 3136 653 3191 nimis
667 3136 906 3208 persequebatur,
919 3089 947 3162 C
959 3150 1007 3188 cus
1020 3137 1049 3189 et
1061 3132 1188 3204 pontifex
1203 3131 1320 3185 allectus
1334 3131 1436 3198 fuerat,
1448 3131 1577 3185 omniurn
1589 3130 1701 3201 judicio
1714 3146 1781 3186 con-

96 3229 125 3280 ιιι
139 3227 260 3282 Romam
275 3227 377 3283 ditioni
390 3246 448 3284 suae
458 3230 576 3284 omnino
590 3229 742 3301 subjugare
753 3229 906 3285 nitebatur.
957 3227 1111 3281 damnatus
1124 3229 1176 3279 est.
1200 3222 1308 3278 Deinde
1327 3223 1468 3294 generalis
1482 3223 1625 3278 sententia
1639 3223 1694 3279 sub
1709 3240 1779 3279 ana-

96 3319 274 3391 Quapropter
287 3337 369 3393 papa,
386 3321 455 3377 dum
473 3322 512 3378 nil
530 3323 605 3394 apud
623 3339 689 3378 eum
710 3322 840 3393 precibus
863 3323 908 3376 vel
958 3319 1092 3374 thematis
1114 3317 1315 3372 interdictione
1336 3317 1447 3387 prolata
1468 3320 1557 3372 estut
1579 3317 1677 3371 nullus
1689 3317 1779 3372 laico·

97 3413 264 3469 muneribus
274 3414 388 3486 valeret,
404 3419 515 3471 coactus
537 3421 580 3472 cst
592 3433 645 3489 pro
658 3423 764 3472 sanctae
779 3417 908 3471 Ecclesiae
958 3427 1033 3479 rum,
1051 3428 1103 3467 nec
1118 3429 1150 3466 ex
1165 3409 1220 3465 alio
1234 3409 1346 3478 ordine,
1363 3408 1417 3464 nisi
1432 3426 1484 3481 per
1500 3408 1648 3465 distinctos
1669 3410 1779 3480 gradm

97 3505 264 3562 defensione
285 3508 407 3564 Galliam
427 3508 516 3565 adire.
536 3509 673 3582 Pippinus
687 3525 754 3567 vero
774 3526 823 3566 rex
844 3526 909 3564 cum
958 3506 993 3561 ad
1005 3504 1192 3577 praesulatum
1200 3508 1401 3575 promoveatur
1408 3520 1460 3572 ;ac
1468 3509 1501 3559 ut
1510 3503 1617 3567 omnia,
1627 3519 1694 3575 qnae
1703 3505 1778 3560 idem

95 3599 209 3655 Francis
219 3617 286 3656 eum
296 3601 449 3658 honorifice
464 3604 596 3676 suscepit,
606 3608 634 3660 et
645 3603 775 3660 hicmare
787 3603 908 3658 Parisios
958 3599 1159 3657 constantinus
1183 3598 1212 3652 ιιι
1235 3596 1429 3652 ecclesiasticis
1451 3597 1487 3652 ad
1508 3597 1638 3652 divinum
1667 3598 1779 3653 cultum

95 3691 909 3768 adsenctumDionysiumfecit.Postcacumexercitucal·
960 3693 1029 3765 egit,
1055 3693 1236 3759 iterarentur,
1263 3693 1369 3762 preter
1393 3690 1537 3762 baptisma
1557 3695 1643 3763 atque
1665 3706 1779 3748 sacrum

96 3786 190 3842 lorum
199 3789 313 3859 Papiam
323 3789 442 3859 obsedit,
460 3796 488 3846 et
496 3791 647 3847 Aistulfum
663 3790 797 3846 Romanis
808 3806 909 3862 pacem
959 3787 1093 3842 chrisma.
1110 3786 1269 3857 Stephanus
1289 3801 1364 3856 papa
1383 3783 1529 3854 episcopos
1552 3800 1606 3840 ιιι
1626 3800 1777 3842 consecra-

94 3881 194 3952 jurare
209 3883 313 3954 coegit.
324 3883 377 3939 Sed
392 3885 692 3957 postquamPippinus
706 3883 805 3939 adsue
819 3900 910 3939 rerer·
958 3880 1008 3948 ιιι,
1023 3884 1053 3935 et
1065 3879 1140 3951 apud
1157 3880 1274 3934 Beatum
1289 3879 1406 3933 Petrum
1427 3876 1553 3948 sepultus
1571 3883 1624 3932 est.
1638 3878 1674 3933 Et
1689 3893 1780 3933 cessa·

95 3991 142 4028 sus
160 3978 211 4043 est,
232 3977 368 4035 Aistulfus
384 3979 529 4049 pejeratus
555 3985 606 4033 est.
633 3980 752 4033 Romam
779 3977 859 4032 enim
883 3994 910 4034 ιι
959 3974 999 4028 ιιι
1013 3973 1192 4045 episcopatus
1205 3971 1305 4028 diebus
1319 3988 1377 4025 ιιιι.

93 4069 240 4124 mensibus
253 4070 372 4139 obsedit,
386 4078 415 4126 ct
428 4073 517 4127 multa
530 4075 695 4127 sauctorum
711 4087 829 4143 corpora
841 4071 910 4127 cllo·
996 4067 1136 4122 Adrianus
1146 4069 1343 4133 Romanus,ex
1353 4067 1434 4137 patre
1442 4062 1604 4133 Theodoro,
1614 4063 1650 4120 de
1660 4065 1782 4137 regione

97 4163 179 4218 diens
190 4165 350 4221 coeureteria
364 4165 484 4220 violavit.
496 4167 602 4221 lterum
616 4166 762 4236 Pippinus,
775 4165 911 4236 precibus
959 4161 1101 4227 illabata,
1115 4159 1189 4215 sedit
1203 4159 1285 4215 annis
1301 4175 1376 4227 xxm,
1390 4156 1535 4214 mensibus
1548 4174 1575 4226 ι,
1590 4157 1692 4214 diebus
1708 4175 1763 4213 ιιιι
1772 4194 1785 4218 ο

96 4274 178 4329 papae
193 4259 304 4326 ductus,
319 4258 435 4331 Papiam
454 4259 574 4328 obsedit,
589 4263 619 4314 et
632 4275 648 4314 a
663 4260 779 4331 perjuro
801 4261 912 4314 [taven-
960 4256 1010 4310 llic
1031 4254 1133 4309 nobilis
1155 4257 1184 4308 et
1207 4253 1334 4324 pulcher,
1354 4257 1497 4319 constans,
1523 4251 1586 4324 pius
1612 4257 1641 4308 et
1665 4259 1782 4309 sanctus

100 4356 211 4408 namet
228 4353 366 4408 Nerulum
383 4369 416 4408 ac
439 4352 600 4409 Ariminum
616 4356 645 4408 et
662 4353 752 4409 multa
771 4352 827 4408 alia
846 4369 911 4425 quse
959 4348 1024 4404 fuit.
1051 4350 1130 4403 Tunc
1154 4345 1325 4415 Desiderius,
1346 4345 1598 4417 Langobardorum
1625 4361 1685 4413 rex,
1700 4345 1783 4400 iunu-

101 4446 196 4502 ablata
219 4447 346 4517 fuerant,
360 4447 442 4503 beato
463 4448 544 4503 Petro
567 4446 650 4501 reddi
679 4447 826 4518 compulit.
854 4446 953 4524 Nonl)
966 4458 1044 4496 mera
1064 4441 1140 4496 mala
1156 4440 1255 4495 Romae
1275 4445 1303 4495 et
1319 4441 1461 4494 Ravennae
1476 4442 1505 4494 et
1529 4437 1650 4494 subditis
1678 4454 1781 4494 earum

99 4542 190 4596 multo
204 4544 268 4613 post
282 4540 417 4595 aistulfus
434 4540 462 4594 in
477 4546 593 4607 venatu,
608 4540 704 4595 divino
727 4540 783 4596 ictu
796 4554 912 4611 percus·
963 4535 1093 4591 faciebat.
1107 4534 1224 4591 carolus
1243 4549 1312 4603 ergo
1326 4534 1443 4603 blagnus
1456 4534 1561 4604 rogatu
1579 4548 1662 4603 papae
1676 4531 1706 4587 in
1727 4533 1781 4587 lta-

99 4651 157 4704 sus,
172 4635 266 4708 periit,
283 4640 311 4691 et
330 4634 491 4691 Desiderius
504 4634 559 4689 dux
576 4650 698 4706 regnum
723 4635 785 4705 ejus
801 4633 912 4688 invasit.
962 4629 1030 4685 liam
1055 4628 1141 4695 veuit,
1156 4627 1286 4682 Ticinum
1304 4643 1331 4681 ιι
1353 4625 1498 4682 mensibus
1520 4625 1644 4694 obsedit,
1665 4627 1783 4697 Deoque

100 4728 262 4800 Stephanus
276 4745 351 4801 papa
365 4746 399 4784 ιι
424 4727 568 4800 episcopos
591 4727 741 4797 ordinavit,
769 4744 801 4783 ac
823 4725 913 4797 Pippi·
959 4723 1076 4794 juvante
1092 4721 1176 4794 cepit,
1199 4720 1383 4792 Sabbatoque
1406 4719 1520 4775 Paschae
1541 4734 1608 4773 cum
1620 4718 1680 4774 suis
1694 4719 1785 4775 hono·

100 4837 171 4876 num
186 4838 287 4894 regern
308 4824 480 4878 Francorum
498 4826 584 4894 atque
599 4820 762 4877 Dertradam
780 4819 914 4891 reginam
963 4816 1041 4872 rifice
1056 4818 1153 4872 Romae
1171 4818 1318 4885 susceptus
1334 4819 1385 4869 est.
1400 4812 1577 4868 Desiderium
1596 4827 1666 4868 vero
1683 4827 1785 4883 regem

99 4920 127 4969 et
144 4914 217 4969 filios
232 4931 332 4971 eorum
347 4915 480 4972 carolum
495 4920 524 4971 et
538 4916 915 4972 carlomannumeonsecra·
965 4915 1081 4982 captum
1104 4925 1170 4964 cum
1193 4923 1347 4964 uxoresua
1368 4906 1516 4962 Franciam
1539 4905 1627 4973 misit,
1652 4910 1683 4961 ct
1702 4905 1784 4961 heato

100 5008 151 5063 ιιι.
183 5008 289 5064 Deinde
315 5025 380 5065 vero
409 5010 469 5066 ltal.
497 5009 560 5065 ldaii
587 5009 623 5064 ad
651 5010 769 5063 Beatum
798 5008 914 5062 Petrum
964 5007 1047 5060 Petro
1070 5019 1134 5075 quae
1156 5000 1210 5057 sihi
1227 5001 1322 5057 ablata
1341 5000 1456 5056 fuerant
1483 4998 1618 5055 restituit.
1643 4998 1786 5054 Adrianus

101 5101 262 5173 apostolum
283 5103 409 5175 sepultus
442 5108 495 5160 est.
525 5106 560 5161 Et
586 5103 702 5158 cessavit
734 5100 915 5172 episcopatus
964 5114 1040 5170 papa
1059 5096 1192 5152 ecclesias
1216 5100 1245 5150 et
1268 5099 1384 5149 ornatus
1401 5096 1429 5148 et
1447 5093 1539 5148 multa
1557 5092 1632 5147 mira
1653 5092 1735 5159 fecit,
1757 5096 1786 5146 et

103 5195 202 5252 diebus
215 5213 242 5252 v.
963 5190 1184 5250 constantinum
1200 5192 1361 5261 Augustum
1383 5203 1448 5244 ccci
1471 5187 1619 5259 episcopos
1639 5185 1672 5240 in
1692 5186 1785 5241 Niciae

137 5292 240 5348 Paulus
258 5293 413 5363 Romanus,
429 5292 564 5366 Stephani
585 5293 683 5360 frater,
697 5289 771 5346 sedit
784 5288 867 5344 anuis
886 5305 914 5358 ι,
964 5300 1139 5357 congregare
1151 5282 1209 5338 suis
1228 5281 1361 5354 precihus
1374 5278 1522 5352 compulit,
1537 5295 1625 5351 quam
1638 5276 1786 5351 synodum

99 5403 197 5444 mense
212 5404 231 5444 ι.
254 5387 302 5443 llic
316 5392 445 5459 tempore
465 5387 641 5445 constantini
657 5391 682 5442 el
703 5383 805 5441 Leonis
824 5384 916 5439 multa
965 5379 1000 5434 de
1022 5379 1118 5434 Graeco
1140 5377 1169 5431 iu
1198 5375 1329 5431 Latinum
1352 5373 1499 5430 transferri
1520 5371 1600 5428 fecit.
1623 5370 1715 5441 Tunc,
1742 5386 1781 5427 xx

100 5479 177 5535 bona
195 5486 328 5552 operatus
350 5485 401 5550 est,
418 5479 568 5553 Episcopus
584 5496 617 5537 nx
638 5478 791 5547 ordinavit,
806 5482 835 5533 el
852 5481 916 5549 post
965 5489 1040 5529 auno
1061 5470 1191 5543 ejusdem
1212 5471 1339 5542 papatus,
1360 5466 1469 5524 Tiberis
1481 5465 1585 5521 thurius
1606 5464 1644 5521 ad
1666 5469 1782 5538 portam

101 5573 164 5645 ejus
178 5573 288 5632 obitum
304 5574 423 5630 cessavit
441 5573 709 5646 episcopatusnono
724 5577 773 5629 ret
786 5586 914 5640 manser,
966 5566 1060 5623 Sancti
1081 5564 1158 5621 Petri
1173 5563 1250 5621 venit
1268 5569 1297 5619 et
1316 5561 1408 5618 mulla
1424 5560 1528 5616 damna
1547 5558 1658 5615 civibus
1677 5557 1786 5626 incdit,

98 5667 225 5739 quando,
241 5666 449 5725 Constantinus
464 5670 655 5739 transgressor
679 5665 863 5739 apostolicam
875 5680 917 5720 se·
967 5661 1021 5719 Sed
1043 5676 1115 5732 papa
1134 5657 1248 5714 litanias
1270 5655 1403 5724 institnit,
1429 5656 1460 5710 et
1482 5653 1619 5710 misertus
1645 5648 1785 5713 onmium

15 5751 19 5755 ⁹
101 5761 167 5817 dem
182 5760 295 5817 invasit.
968 5770 1075 5829 aquam
1088 5751 1203 5810 amovit.
1219 5750 1270 5809 llic
1291 5749 1440 5824 episcopos
1459 5762 1563 5807 ccxxxv
1580 5744 1739 5817 ordinavit,
1756 5746 1789 5805 et
