3750 6046
388 174 544 232 HISTORIA
563 174 829 233 accanstasrtca.
845 204 880 218 ··-
892 176 978 233 PARS
997 177 1043 231 lll.
1058 205 1092 219 -·
1112 178 1174 234 LlB.
1196 178 1229 235 x.
1593 180 1646 237 766

80 298 233 353 interimere
247 300 373 367 gestium.
399 299 613 370 omnipotentem
633 302 727 364 Deum,
751 307 821 394 utA
833 300 932 357 laniet
945 301 1114 372 Guascones,
1137 301 1240 374 aliique
1261 304 1449 373 contumaces,
1464 301 1642 374 qnijnrenili

72 396 182 459 ategm,
210 393 369 463 suppliciter
395 393 581 463 deprecemur,
608 397 672 465 quia
696 396 782 449 camis
832 394 1009 466 providentia
1021 396 1082 467 regi
1095 400 1244 469 appetunt,
1258 395 1380 468 protervi
1395 395 1474 452 discis
1485 396 1642 469 juvenilem

72 485 174 540 tinibus
197 486 317 556 undique
331 488 504 542 includimur.
522 489 588 542 Ecce
600 489 716 558 infidum
730 490 781 543 im·
833 488 1044 562 impudentiam
1068 489 1317 545 confirmaverunt.
1337 489 1495 546 Procaciter
1511 507 1579 563 ergo
1594 506 1640 547 ra·

72 594 120 636 um
134 597 194 635 crim
216 582 325 651 populis
347 583 404 636 suis
426 586 487 652 post
501 586 604 651 tergum
618 582 779 646 dimisimus,
832 583 902 638 versi
922 586 997 652 sunt,
1018 583 1169 655 triduoque
1193 582 1357 655 Byzantium
1372 583 1561 653 {obsederunt
1587 585 1646 640 lm·

72 675 212 730 abnuentes
231 679 366 746 suspectos
378 675 514 730 babemus.
535 676 582 730 Ad
599 676 724 731 deutrum
744 681 783 731 est
831 680 946 748 perator
957 679 1065 745 antem,
1079 682 1109 731 nt
1123 680 1240 732 conatus
1252 692 1354 732 eorum
1366 675 1482 745 audivit,
1499 680 1528 732 et
1540 677 1642 734 urbem

72 771 100 822 in
112 784 165 838 quo
179 767 258 824 Creta
271 774 297 823 et
310 768 414 840 Ggprus
430 774 456 823 et
469 770 546 824 clara
566 769 685 837 Rhodam,
708 770 782 825 uiiae-
830 774 944 825 econtra
964 770 1141 841 populosam,
1166 769 1270 842 triplici
1284 786 1367 825 marro
1392 774 1499 842 septam
1513 771 1642 828 conside·

72 862 127 917 tlte
138 867 200 918 suut
214 863 320 927 insulae,
345 878 405 933 qua
426 878 514 919 omnes
533 866 695 934 Imperatori
717 864 779 918 sub·
830 864 911 934 ravit,
927 863 957 919 in
981 863 1082 935 primis
1110 864 1243 919 hostilem
1269 864 1422 919 adrentum
1446 864 1636 936 parvipendit.

79 961 115 1020 et,
128 972 179 1026 pro
191 957 344 1024 malefactis
353 960 504 1012 nostratum
515 960 564 1027 qui
572 964 779 1027 praecesserunt,
831 959 944 1026 Verum,
955 962 1105 1031 postquam
1126 957 1309 1029 pertinaciam
1327 974 1425 1013 eorum
1439 958 1640 1031 persistentem

72 1049 215 1105 bbabent.
230 1050 275 1105 Ad
294 1053 423 1105 orientem
434 1052 477 1105 vel
489 1051 525 1105 ad
539 1051 702 1121 aquilonem,
717 1053 779 1106 bar·
830 1050 978 1120 intellexit,
999 1056 1055 1107 tres
1081 1051 1271 1107 ferocissimos
1291 1052 1389 1108 leonas
1411 1056 1440 1108 et
1461 1056 1573 1125 sepiem
1587 1053 1643 1108 leo-

73 1149 145 1199 entes
172 1143 259 1198 orbem
283 1145 425 1214 usquead
448 1147 513 1213 tinea
537 1152 614 1199 terrm
631 1145 779 1215 possident,
829 1143 933 1217 pardos
944 1145 1020 1201 inter
1033 1144 1161 1201 medium
1174 1162 1288 1201 murum
1303 1151 1331 1201 et
1343 1146 1520 1201 antemurale
1534 1145 1641 1202 dimitti

72 1240 254 1292 cristianorum
268 1241 424 1306 stinguinem
436 1240 573 1307 egundere
585 1239 781 1293 insatiabiliter
829 1238 974 1310 praecepit.
997 1239 1132 1295 Custodes
1154 1243 1251 1294 autem
1272 1255 1356 1311 snper
1375 1239 1493 1295 tertium
1512 1254 1638 1309 murum,

72 1373 77 1386 .
98 1335 148 1388 Per
171 1333 276 1386 inculta
303 1334 360 1387 loca
380 1334 512 1401 usquein
535 1333 707 1387 Antiochiam
729 1334 780 1387 iter
830 1331 874 1387 cui
888 1347 1041 1403 procorum
1056 1332 1162 1404 palatia
1181 1332 1352 1388 intrinsecus
1373 1333 1560 1403 inherebant,
1574 1349 1644 1389 con·

72 1441 86 1481 s
105 1441 188 1496 quam
209 1441 262 1481 xxx
278 1426 393 1487 dierum,
408 1427 456 1480 ubi
468 1426 544 1480 nobis
558 1442 633 1481 omne
647 1426 719 1481 deest
734 1442 778 1495 ge·
830 1425 933 1494 stituit,
953 1430 1052 1497 portas
1068 1442 1134 1481 vero
1157 1432 1296 1481 reseratas
1315 1443 1375 1481 esse
1386 1426 1541 1497 Jussitgsn
1554 1427 1640 1482 nimi·

72 1526 231 1583 mentorum,
248 1523 314 1590 qum
336 1522 457 1587 regiones
483 1520 562 1575 almar
577 1520 704 1575 desolate
716 1524 780 1575 sunt
829 1536 893 1575 rum
910 1536 959 1590 por
980 1520 1054 1575 teras
1069 1518 1202 1591 opinatus
1212 1523 1255 1574 est
1269 1521 1362 1576 Gallos
1376 1519 1576 1578 subsannando
1589 1520 1640 1577 de-

72 1629 165 1681 erram,
180 1629 239 1683 quas
246 1613 356 1683 jamdiu
372 1614 482 1668 duravit
496 1615 568 1668 inter
590 1615 779 1683 imperatorem
829 1618 947 1682 terrere,
962 1613 1121 1686 urbemque
1134 1613 1245 1684 regiam
1262 1613 1321 1670 sine
1336 1615 1462 1670 bumana
1480 1630 1568 1670 mann
1586 1614 1639 1671 de·

72 1708 209 1762 mundum.
224 1708 295 1774 Quid
318 1710 348 1761 in
362 1712 401 1761 tot
411 1708 539 1777 periculis
554 1709 707 1773 faciemus?
723 1708 777 1762 Ua·
789 1697 817 1769 B
828 1707 956 1763 tondere.
971 1710 1022 1763 Ast
1044 1708 1197 1762 hominnm
1212 1707 1252 1762 nil
1268 1708 1341 1763 valet
1365 1711 1477 1763 varsula
1495 1708 1638 1781 cogitatio,

72 1801 176 1856 meolati
184 1817 285 1857 snmus.
828 1800 883 1855 nisi
903 1804 1043 1873 qnantum
1065 1800 1160 1856 divina
1173 1799 1300 1856 deceruit
1315 1800 1496 1873 dispensatio.
1511 1802 1639 1874 Cumque

74 1911 130 1967 qne
147 1895 321 1950 diversorum
344 1894 489 1950 sententiis
514 1892 710 1965 multipliciter
733 1894 776 1949 in·
828 1894 926 1949 Franci
939 1894 970 1951 in
993 1895 1092 1952 castris
1111 1895 1215 1951 armati
1230 1895 1431 1963 constitissent,
1447 1900 1477 1951 et
1490 1895 1639 1951 neminem

72 1988 120 2055 tis,
132 1989 236 2043 darait
250 1988 446 2043 Pictaviensis:
461 1989 507 2045 Ad
523 1990 712 2060 imperatorem
737 1989 776 2043 le·
827 1987 880 2044 sibi
904 1989 1014 2045 obstare
1039 1988 1183 2060 vidissent,
1208 2005 1259 2061 per
1277 1989 1401 2061 primam
1420 1993 1546 2061 portam,
1568 2006 1637 2047 con-

72 2086 222 2151 mittamus,
251 2087 276 2137 et
299 2084 333 2137 ab
349 2098 377 2137 eo
392 2084 559 2138 unianimiter
577 2097 720 2153 poscamus
746 2088 778 2136 ut
826 2081 935 2138 ilicium
953 2088 1122 2155 querentes,
1146 2083 1334 2152 intraverunt,
1355 2085 1392 2151 et,
1409 2083 1476 2139 hinc
1497 2083 1564 2139 inde
1587 2100 1638 2139 cn·

72 2176 195 2233 nSancti
212 2177 315 2246 AEgidii
335 2192 396 2231 cum
416 2178 509 2232 lancea
534 2178 685 2234 saluatoris
706 2176 776 2230 diri·
827 2176 908 2232 riosis
932 2176 1088 2233 luminibus
1108 2180 1277 2249 spectantes,
1301 2177 1467 2235 defensores
1479 2177 1638 2249 praestolati

72 2273 157 2341 siper
173 2273 324 2338 incoquitur
337 2271 412 2325 nobis
421 2272 577 2340 prouincias
587 2285 672 2340 usque
686 2271 722 2325 nd
734 2284 776 2325 se·
827 2272 902 2325 sunl.
926 2271 1060 2326 Protinus
1078 2270 1172 2342 primo
1188 2269 1316 2342 ingressu
1338 2271 1405 2326 sevi
1428 2272 1524 2327 leones
1543 2286 1639 2327 occur-

72 2380 90 2419 n
111 2364 214 2420 Christi
234 2364 379 2419 salubriter
403 2365 543 2419 conducat.
566 2367 625 2435 lpse
647 2367 719 2420 enim
731 2379 776 2420 sa-
827 2367 937 2431 rernnt,
950 2367 979 2419 et
991 2364 1124 2420 dentibus
1138 2367 1222 2437 atique
1237 2364 1383 2436 unguibus
1395 2363 1542 2421 aurientes
1556 2380 1640 2436 quos·

72 2464 200 2526 tmagne
223 2460 394 2513 auctoritatis
416 2463 500 2524 estet
520 2460 549 2511 in
569 2461 661 2528 prima
673 2460 778 2528 prosec-
828 2456 894 2512 dam
918 2456 1062 2527 laeserunt,
1085 2461 1114 2513 et
1132 2457 1272 2526 incautos,
1296 2457 1475 2529 bestialisque
1489 2456 1637 2513 conflictus

72 2569 82 2606 e
107 2552 229 2606 amnibus
243 2553 316 2606 inter
335 2553 485 2621 praecipuos
508 2551 617 2606 babitus
632 2556 679 2606 est.
693 2553 775 2622 Dist—
827 2550 942 2623 ignaros
951 2550 1154 2607 laceraverunt.

72 2661 95 2699 m
110 2661 216 2716 quoque
229 2651 254 2700 et
277 2648 393 2706 uiarum,
408 2660 477 2714 qurrs
496 2646 664 2713 ignoramus,
691 2646 772 2716 longa
862 2646 966 2700 Verum
979 2647 1123 2700 sedamen
1145 2644 1308 2701 belluarum
1325 2645 1454 2702 humane
1470 2643 1517 2700 din
1532 2645 1637 2719 nequi-

72 2741 131 2794 ntia
153 2756 256 2807 gnarus
281 2745 327 2802 est,
351 2743 376 2793 et
385 2739 524 2809 probabili
538 2739 598 2808 jam
622 2740 686 2794 olim
712 2744 776 2794 stre·
827 2738 864 2794 rit
876 2736 1142 2810 ingenioresistere.
1158 2738 1266 2794 Armati
1281 2738 1356 2794 enim
1370 2738 1479 2811 pugiles
1492 2737 1638 2795 venabulis

93 2834 255 2891 Christianis
280 2840 304 2888 ct
323 2834 442 2903 paganis
452 2834 604 2888 notissimus
626 2838 674 2888 est.
701 2836 777 2889 Hunc
826 2832 910 2901 ieras,
926 2831 1108 2904 stridulisque
1133 2831 1288 2888 missilibus
1310 2831 1510 2901 confoderunt,
1526 2835 1555 2888 ot
1576 2833 1636 2889 leo-

75 2928 211 2982 ttaronem
226 2927 339 2983 reobtset
361 2928 545 2981 consiliarium
564 2929 774 2995 praefecerimus,
825 2925 909 2980 nibus
930 2925 1086 2994 exstinctis,
1112 2926 1267 2998 leopardos
1290 2926 1471 2998 fragraverunt,
1491 2928 1576 2998 atque
1600 2924 1637 2980 ad

72 3027 134 3077 rtem
147 3022 182 3075 ab
205 3022 331 3090 tergeste
355 3025 380 3075 et
403 3021 642 3074 coutelomcontra
658 3020 775 3075 ellanicus
826 3019 954 3075 medium
976 3036 1092 3075 murum
1118 3020 1261 3092 fugientes
1286 3019 1405 3075 insecuti
1432 3023 1508 3075 sunt.
1532 3021 1636 3089 Porro,

72 3129 126 3168 aus.
154 3114 399 3168 Nuntiiconsensu
425 3113 553 3168 omnium
580 3112 678 3168 directi
697 3119 773 3184 sunt,
825 3112 963 3185 leopardi,
989 3113 1116 3185 repando
1132 3114 1208 3169 velut
1229 3113 1373 3186 murilegi,
1394 3130 1511 3169 murum
1530 3112 1636 3169 transi·

72 3207 176 3263 tionem
194 3224 273 3263 suam
288 3210 414 3278 Augusto
425 3206 545 3262 iactanda
561 3213 773 3278 prompserunt.
825 3207 942 3275 lierunt,
955 3212 985 3262 et
996 3208 1140 3264 Gallorum
1150 3207 1232 3263 cunei
1242 3225 1295 3280 per
1306 3211 1419 3279 portam
1432 3207 1551 3263 secundi
1560 3207 1638 3262 muri

72 3318 110 3369 ro,
136 3306 167 3355 ut
192 3302 380 3357 ausoniorum
409 3301 543 3356 mandata
557 3301 692 3372 percepit,
709 3317 774 3355 mox
824 3300 1005 3370 introierunt,
1041 3301 1214 3373 tertiumque
1247 3300 1360 3356 sortiter
1390 3316 1554 3374 expugnare
1581 3291 1636 3356 nisi

87 3395 247 3450 Rainrnndo
271 3394 367 3450 comiti
399 3394 503 3450 retulit,
529 3394 636 3459 Quibus
660 3394 773 3462 auditis,
825 3398 899 3448 sunt.
914 3393 957 3450 Fit
969 3393 1072 3466 ingens
1095 3394 1209 3450 inurbc
1225 3394 1387 3449 vociferatio
1402 3394 1517 3461 civium,
1539 3393 1635 3449 horri-

72 3488 193 3560 ipondit:
217 3489 314 3544 Gratia
330 3491 386 3551 liei,
401 3490 438 3543 ad
451 3489 609 3559 capiendum
625 3489 774 3543 Jerusalem
824 3486 943 3558 bilisque
964 3486 1089 3543 turbatio
1116 3491 1143 3542 et
1165 3503 1319 3543 concursus
1344 3486 1483 3555 omnium,
1511 3487 1579 3559 quid
1605 3487 1635 3541 in

72 3583 222 3643 illaborati.
236 3585 372 3653 senioque,
387 3583 531 3652 multisque
544 3583 682 3636 laboribus
695 3583 769 3650 srac·
824 3584 881 3635 tam
897 3580 1049 3647 repentino
1076 3583 1179 3636 eventu
1193 3584 1323 3652 agerent,
1351 3580 1558 3652 ignorantium.
1582 3583 1636 3637 bu·

72 3676 127 3731 mdo
153 3679 243 3747 qatiete
266 3682 326 3747 opto
341 3679 459 3747 perfrui.
481 3676 526 3731 Ad
548 3677 654 3745 asglum
676 3676 775 3745 blig'es·
824 3673 904 3729 diens
919 3673 1074 3745 imperator
1087 3673 1193 3729 insoliti
1216 3674 1336 3729 assultus
1361 3674 1525 3743 tumultum,
1545 3674 1634 3746 perti-

72 3776 144 3833 strae,
157 3771 264 3825 domine
276 3772 409 3840 Auguste,
423 3771 542 3839 confugi.
562 3772 656 3831 Parce,
671 3784 771 3840 queso,
822 3768 905 3837 muit,
922 3772 951 3823 et
972 3767 1049 3839 quod
1061 3767 1131 3822 falsa
1145 3783 1194 3839 spe
1215 3767 1348 3840 deeeptus
1361 3768 1465 3837 isserat,
1481 3768 1632 3840 ingemuit.

72 3879 95 3918 re
116 3880 157 3918 me
178 3865 322 3934 compellas
341 3865 455 3934 ulterius
470 3865 652 3933 peregrinari.
679 3864 771 3936 lmpe-
822 3860 948 3916 Tandem
971 3877 1023 3933 per
1037 3861 1146 3933 legatos
1157 3877 1223 3916 snos
1238 3860 1379 3916 nobilibus
1392 3860 1551 3933 peregrinis
1566 3878 1633 3935 snp-

72 3958 158 4011 tutem
179 3956 279 4028 legatis
298 3956 351 4011 ait:
368 3957 494 4012 Gornitem
507 3958 601 4014 Sancti
614 3957 727 4026 AEgidii‚
742 3962 773 4012 ut
824 3954 947 4026 plicavit,
963 3954 1226 4028 multiplicibusque
1254 3954 1397 4027 promissis
1421 3955 1508 4011 iratos
1522 3955 1631 4025 lenivit,

72 4066 95 4104 m
108 4052 293 4113 comitaretur,
321 4050 460 4105 admonui.
484 4049 537 4105 Sed
559 4050 605 4104 ille
624 4051 728 4104 senium
748 4056 774 4106 et
823 4066 854 4104 ac
867 4048 902 4103 ab
926 4049 1136 4122 expugnatione
1160 4048 1247 4121 regies
1265 4048 1353 4118 urbis,
1375 4066 1463 4121 qnam
1483 4050 1633 4122 panajam

74 4150 132 4199 ates
146 4159 211 4198 suas
221 4145 379 4213 praetendit,
400 4145 496 4213 quibus
509 4143 656 4213 impeditur
671 4158 704 4197 ne
728 4160 772 4199 oo
823 4142 995 4214 irruperant,
1016 4143 1199 4214 compescuit.

86 4239 160 4292 enine
179 4239 273 4307 possit.
290 4240 328 4292 lte
352 4239 439 4292 securi
460 4252 528 4307 pace
541 4252 609 4299 men,
624 4239 771 4305 Egregium
833 4296 835 4301 ,
859 4236 974 4292 Francis
989 4253 1039 4291 sua
1064 4237 1188 4292 tentoria
1214 4236 1407 4309 repetentibus
1422 4254 1487 4294 cum
1507 4238 1632 4308 victoris,

72 4330 225 4401 r,adpocis
238 4334 334 4384 nostru
348 4330 460 4384 tutelam
473 4331 682 4399 confugientem,
707 4330 771 4399 effu·
822 4327 950 4400 lugubris
969 4329 1113 4400 Augustus
1139 4331 1309 4385 Tolosanum
1334 4330 1467 4386 conulem
1491 4330 1631 4401 accersiit,

72 4424 120 4486 clo,
143 4426 207 4493 quia
222 4440 275 4478 non
290 4423 379 4477 debeo.
408 4422 504 4494 Legati
520 4423 648 4493 protinus
663 4438 810 4512 remea-D
822 4422 904 4493 eique
918 4426 1035 4476 moestus
1049 4438 1081 4476 ae
1100 4421 1181 4477 valde
1202 4422 1328 4493 dejectus
1344 4422 1432 4478 dixit:
1455 4423 1599 4491 Confusus,
1617 4439 1632 4479 o

86 4521 114 4572 et
128 4532 192 4587 qum
204 4515 354 4570 audierant
366 4517 613 4570 renuntiaverunt.
821 4517 935 4584 gloriose
943 4516 1044 4577 consul,
1056 4515 1093 4569 ad
1104 4519 1128 4570 te
1141 4517 1276 4586 cousugio,
1291 4521 1317 4571 et
1329 4517 1397 4587 quial
1409 4518 1546 4587 agendum
1556 4519 1592 4573 sit
1602 4520 1633 4573 in

89 4609 264 4665 conturbatis
295 4609 427 4665 omnibns
452 4614 480 4664 et
508 4609 619 4664 divorsa
649 4608 771 4664 invicem
822 4614 879 4663 tam
891 4611 1030 4679 inspectata
1043 4609 1168 4678 strepitu,
1194 4611 1368 4665 omniliumu
1388 4610 1545 4681 tedeposco.
1567 4613 1633 4667 Ecce

72 4702 184 4770 iniibus,
212 4702 391 4758 pictaviensis
405 4702 672 4758 dixitGuillelmus:
690 4702 770 4758 Velo—
820 4701 967 4757 insolentia
991 4703 1154 4758 Francmum
1181 4704 1284 4771 regiam
1312 4702 1421 4766 urbem,
1460 4718 1521 4773 qua
1552 4707 1634 4774 caput

73 4813 132 4852 rrna
156 4799 272 4863 sumite,
298 4803 323 4851 et
342 4797 482 4851 redeuntes
509 4796 771 4867 Constantinopolim
821 4797 937 4852 Orientis
960 4801 1008 4858 est,
1032 4798 1142 4867 procurri
1164 4811 1249 4850 manu
1278 4812 1339 4851 cum
1361 4797 1445 4851 armis
1470 4799 1633 4867 impugnare

79 4908 87 4955 3
111 4890 229 4944 viriliter
256 4895 444 4959 repugnantes
467 4890 570 4951 urbem,
593 4904 646 4944 uon
665 4890 770 4944 recede·
821 4902 889 4944 ausa
901 4893 948 4945 est.
965 4889 1155 4947 celsitudinem
1174 4891 1263 4945 sancti
1276 4891 1385 4960 imperii
1400 4890 1525 4953 uiolauit,
1540 4897 1579 4953 et,
1599 4906 1632 4946 ne

72 4999 131 5038 onec
156 4989 204 5037 aut
224 4983 359 5052 perfidum
385 4985 574 5052 imperatorem
595 4985 768 5053 perimamus,
818 4983 914 5052 pejora
928 4985 1032 5052 Meni,
1051 4983 1087 5038 ad
1108 4985 1151 5039 sui
1161 4984 1385 5054 supplicationem
1399 4984 1554 5047 inclinauit,
1566 4984 1631 5053 etita·

72 5078 152 5131 inuito
165 5077 238 5146 qsecd
250 5077 365 5145 petitum
378 5082 425 5138 est,
438 5076 539 5130 uiribus
552 5082 769 5145 retorqueamus.
819 5091 900 5146 saque
917 5075 1038 5145 fidelium
1063 5078 1195 5145 sauguine
1210 5077 1348 5137 clientum,
1374 5078 1564 5147 omnipotentis
1585 5076 1632 5133 Se

72 5185 101 5224 ra
115 5171 171 5224 sarrs
193 5169 314 5239 fidelium
332 5169 419 5223 millia
432 5169 768 5238 srarrdnlentiisperenttt3
817 5170 891 5239 pitia
917 5169 1090 5225 iracundiam
1112 5172 1279 5240 pronomini.
1300 5171 1460 5241 Augustalis
1488 5170 1630 5241 majestas,

85 5267 194 5330 gratum
209 5266 273 5326 Deo,
290 5265 321 5316 ni
343 5263 438 5330 fallor,
454 5265 614 5333 sacrificium
637 5262 771 5318 enbibebit
819 5278 880 5332 guae
902 5262 970 5333 leges
997 5263 1061 5317 olim
1082 5263 1193 5319 aduenis
1218 5269 1243 5319 et
1263 5264 1360 5319 incolis
1383 5265 1451 5320 dure
1474 5265 1557 5320 solita
1580 5270 1629 5328 est,

73 5371 99 5410 m
114 5358 270 5425 occupantis
290 5360 389 5410 terram
404 5357 440 5412 ml
451 5358 596 5427 prcrruciem
610 5357 768 5419 crinitorum,
820 5357 872 5410 beu
882 5358 892 5409 ‚¹
904 5356 981 5411 modo
995 5371 1012 5411 a
1026 5359 1228 5412 contumacibus
1244 5359 1396 5427 peregrinis
1413 5359 1553 5429 impositas
1571 5373 1630 5415 ceu·

72 5451 148 5511 nauis,
165 5451 300 5503 sumserit.
321 5449 483 5520 Stephanus
500 5449 649 5518 blesensis,
663 5448 768 5519 aliique
820 5450 934 5506 ditiones
949 5448 1039 5506 subire
1058 5455 1151 5505 coatctu
1179 5455 1228 5506 est.
1251 5451 1427 5508 llairuundus
1452 5467 1547 5507 comes
1569 5467 1630 5507 res-

72 5541 221 5597 ibarones
247 5542 340 5597 edicto
361 5543 525 5614 hujusmodi
547 5559 604 5597 non
623 5542 770 5613 acquieve·
819 5542 934 5613 pendit:
960 5542 1151 5614 compatriotae
1175 5548 1228 5600 mei
1247 5561 1314 5617 sape
1338 5547 1423 5601 solem
1438 5548 1559 5615 ingerere
1583 5549 1631 5601 im·

72 5635 242 5705 id,'siocersn
260 5637 386 5690 veritatis
407 5636 625 5708 allegationibus
647 5637 769 5691 ratione·
816 5640 895 5707 petus
918 5636 1108 5707 huiuscemodi,
1137 5654 1279 5709 corumque
1304 5639 1485 5694 tumultuosas
1516 5640 1629 5707 intesta·

72 5729 194 5803 prolatis,
211 5730 318 5804 pariter
330 5730 569 5787 contradixerunt.
582 5732 668 5787 l'orro
681 5731 766 5807 ltqui-
819 5733 902 5791 tiones
914 5733 944 5789 in
969 5732 1070 5791 tualibus
1086 5748 1150 5805 erga
1164 5737 1307 5791 coementes
1332 5747 1394 5791 satos
1417 5734 1480 5791 bene
1494 5734 1564 5788 rioci·
1581 5730 1630 5787 Sa·
