3750 6046
853 242 991 299 scutati
1010 242 1041 298 tv
1062 243 1157 301 PAPAE
1794 244 1852 301 llil

522 364 609 421 tllllll.
655 374 660 379 '
983 369 1185 454 Anomiuibus
1199 368 1332 424 duximus
1349 367 1524 423 mactanda.
1544 366 1629 424 inira
1650 381 1760 421 muros
1775 366 1853 439 ipsius

318 457 399 513 Bulla
416 473 466 527 pro
489 457 610 514 Ecclesia
628 461 813 517 Nemausensi.
1025 462 1146 517 civitatis
1167 462 1315 519 ecclesiam
1338 463 1448 517 Sancta
1469 461 1565 518 hieria
1592 460 1793 532 ldagdnlenre‚
1814 477 1852 517 sc-

413 550 568 622 (haterani,
583 552 648 607 [lec.
667 552 721 623 lo.)
1025 556 1140 611 alesiam
1167 556 1278 613 Sanctae
1302 556 1448 628 Eugeniae,
1472 555 1628 611 ecclesiam
1661 552 1695 610 S.
1724 554 1852 625 Stephani

282 644 365 715 [Gall.
396 645 508 712 Christ,
537 648 558 700 t.
589 647 633 713 vt,
657 647 749 714 lustr,
779 648 851 717 lta]
1025 650 1099 704 inira
1118 649 1189 705 duas
1208 650 1352 715 ecclesias,
1366 649 1513 704 ecclesiam
1528 648 1634 705 Sancti
1654 647 1793 704 loannis.
1808 650 1851 705 [1-

193 742 330 795 hnntsucs
349 739 508 810 episcopus,
528 754 624 794 servus
642 755 789 795 servorum
810 740 869 808 Dei,
887 756 975 797 rene·
1025 746 1068 800 tra
1082 742 1227 799 civitatem
1240 743 1389 799 ecclesiam
1405 743 1440 797 de
1459 742 1631 815 Margarita,
1648 742 1805 798 ecclesiam
1823 742 1851 797 de

157 831 240 887 rabili
262 831 343 886 fratri
356 835 515 888 morenaco
530 832 715 888 Nemausensi
738 834 884 906 episcopo,
899 835 973 905 ejus·
1024 832 1147 908 agarna,
1174 837 1324 892 ecclesiam
1345 837 1380 891 de
1402 836 1626 903 costaballenis,
1645 836 1804 891 ecclesiam
1823 835 1851 891 de

157 942 214 997 que
227 925 434 981 successorihus
448 925 583 982 canonice
595 925 811 982 substituendis.
1024 932 1119 998 carto,
1147 930 1296 985 ecclesiam
1325 930 1362 985 de
1389 930 1492 986 Sancta
1515 931 1683 1001 Perpetua,
1714 930 1849 985 ecclesian

196 1020 227 1073 ln
242 1018 383 1075 eminenti
401 1019 651 1091 apostolicaesedis
669 1021 795 1092 specula,
808 1020 975 1092 disponente
1025 1024 1061 1079 ds
1076 1024 1250 1092 polvereriis,
1261 1024 1408 1080 ecclesiam
1423 1024 1459 1079 da
1474 1022 1644 1087 Bollanicis,
1657 1022 1849 1079 ecclesiamde

159 1112 289 1180 Domino,
309 1113 464 1181 constanti,
482 1113 586 1168 iratres
605 1120 721 1170 nostros
743 1115 892 1186 episcopos
914 1120 974 1171 tem
1026 1117 1114 1172 Fonte
1138 1123 1287 1188 cooperto,
1314 1118 1462 1172 ecclesiam
1486 1116 1523 1172 de
1546 1116 1690 1184 Liseriis,
1713 1115 1846 1171 ecclesian

157 1207 262 1263 vicinos
297 1223 383 1278 quam
414 1207 498 1278 longe
540 1207 646 1278 positos
675 1208 799 1263 fraterna
834 1209 974 1264 charitate
1024 1211 1059 1265 de
1076 1211 1222 1280 Brociano,
1237 1210 1387 1266 ecclesiam
1407 1209 1443 1265 de
1459 1210 1557 1278 Codol,
1574 1210 1741 1265 ecclesiam
1756 1210 1791 1265 de
1804 1210 1845 1265 hs·

158 1299 288 1372 diligere,
309 1306 337 1357 et
367 1300 504 1368 ecclesiis,
527 1300 558 1355 in
581 1301 683 1373 quibus
709 1302 828 1357 Domino
852 1302 974 1360 militare
1023 1304 1187 1375 lignanicis,
1211 1305 1357 1360 ecclesiam
1380 1304 1415 1358 de
1440 1302 1616 1371 Gsueiraco,
1647 1303 1844 1359 ecclesiausde

159 1399 326 1462 noscuntur,
355 1410 438 1450 suam
461 1394 604 1465 justitiam
630 1394 769 1451 debemus
795 1412 972 1452 conservare.
1024 1398 1213 1465 Bello-vicino,
1243 1398 1388 1453 ecclesiam
1424 1397 1459 1452 ds
1493 1397 1682 1467 Poscheriis,
1712 1398 1843 1453 ecclesian

159 1490 328 1560 Eapropter,
343 1487 446 1543 dilecte
460 1487 490 1543 in
514 1489 632 1544 Domino
646 1489 734 1544 frater
753 1489 903 1547 aldeberte
916 1490 975 1562 epi·
1024 1491 1059 1547 de
1079 1491 1250 1559 olodanicis,
1266 1490 1413 1546 ecclesiam
1431 1491 1465 1546 de
1484 1490 1694 1563 Carrugerih,
1711 1491 1843 1547 ecclcsim

159 1598 253 1654 scopo,
271 1583 420 1654 tuisjustis
438 1582 853 1655 postulationibusclemcuter
870 1583 973 1638 annui·
1023 1586 1058 1641 de
1079 1586 1254 1642 Galudanicis
1274 1601 1339 1640 cum
1368 1585 1483 1656 capellis
1509 1584 1582 1653 sais,
1612 1584 1647 1641 S.
1671 1584 1842 1641 Guiraldide

159 1692 234 1745 mus,
256 1680 285 1732 ct
305 1676 396 1732 beatae
420 1677 470 1732 llei
491 1677 638 1732 Genitricis
659 1693 831 1749 semperque
854 1677 973 1747 virginis
1023 1679 1170 1745 Villetella,
1190 1680 1218 1734 S.
1235 1678 1327 1733 ldariae
1348 1677 1384 1734 de
1404 1679 1495 1734 Ponte
1516 1678 1699 1745 Ambrosio,
1714 1682 1745 1734 ct
1766 1679 1842 1735 Sta

157 1770 252 1826 biania
273 1771 496 1826 Nemausensem
517 1770 679 1836 ecclesiam,
698 1771 754 1840 cui,
769 1772 826 1827 Deo
845 1758 1103 1841 auctorc,Bsmae,
1133 1772 1282 1828 ecclesiam
1311 1771 1347 1826 de
1375 1772 1542 1842 Carairaco,
1572 1772 1736 1829 ecclesiam
1764 1771 1840 1827 des.

157 1879 280 1935 preaesse
299 1863 486 1936 dignosceris,
500 1864 643 1920 suhbeati
657 1864 733 1920 Petri
753 1870 782 1920 et
796 1869 891 1920 nostra
905 1881 973 1937 pro·
1025 1868 1137 1933 Cosma,
1166 1866 1316 1922 ecclesiam
1345 1866 1381 1921 de
1408 1866 1435 1922 S.
1464 1866 1617 1938 Dionysio,
1646 1867 1843 1923 ecclesiamde

159 1957 283 2012 tectione
298 1958 479 2030 suscipimus,
495 1962 525 2013 et
546 1958 695 2029 praesentis
707 1959 803 2029 scripti
824 1958 974 2031 privilegio
1024 1961 1144 2032 anagia,
1159 1960 1309 2015 ecclesiam
1330 1959 1366 2015 de
1381 1959 1526 2027 bosseriis,
1542 1960 1707 2016 ecclesiam
1728 1961 1764 2017 de
1781 1960 1842 2015 aa·

158 2051 390 2119 communimus;
415 2055 570 2107 statuentes
597 2058 627 2107 ut
658 2068 840 2124 quascunque
865 2069 973 2124 posses·
1025 2071 1069 2121 co,
1085 2053 1237 2110 ecclesiam
1259 2052 1294 2109 dc
1313 2053 1477 2119 calvitione,
1490 2053 1659 2109 ecclesiam
1674 2054 1714 2109 de
1735 2054 1842 2119 hiseriis,

160 2144 264 2212 sioncs,
282 2161 462 2217 quacunque
484 2145 561 2201 hona
580 2145 828 2216 inpresentiarum
846 2146 923 2217 juste
946 2150 975 2202 ct
1025 2148 1173 2203 ecclesiam
1185 2150 1296 2204 Sancta
1308 2147 1403 2220 hieria
1417 2146 1454 2202 ds
1466 2146 1645 2218 congeniis,
1662 2149 1762 2204 locam
1774 2150 1842 2204 Sanc·

157 2238 293 2294 canonice
305 2239 441 2311 possides,
457 2241 508 2295 aut
522 2241 552 2294 in
563 2239 693 2295 futurum
706 2239 887 2295 concessione
900 2257 973 2312 pon-
1023 2246 1061 2296 tae
1073 2242 1166 2296 llariae
1188 2241 1223 2296 de
1238 2243 1362 2309 Bonaur,
1375 2239 1527 2296 ecclesiam
1542 2241 1667 2297 &notae
1690 2242 1842 2299 andana

158 2333 278 2402 tificum,
294 2333 447 2404 largitione
464 2349 566 2405 regum
581 2333 624 2390 sel
640 2333 813 2405 principum,
829 2334 974 2390 oblatione
1024 2335 1187 2407 congeniis,
1207 2334 1354 2391 ecclesiam
1376 2335 1412 2389 de
1432 2334 1632 2403 Sattmauicis,
1650 2336 1797 2392 ecclesiam
1816 2334 1841 2389 da

156 2430 296 2499 ucetiam,
308 2447 357 2485 seu
370 2431 431 2486 aliis
439 2431 522 2503 iustis
536 2431 636 2497 modis,
647 2431 707 2486 Deo
721 2430 856 2503 propitio,
870 2431 975 2503 poteris
1025 2428 1127 2495 podiis,
1142 2428 1289 2484 ecclesiam
1307 2428 1343 2483 de
1363 2428 1465 2495 Leuco,
1481 2428 1647 2484 ecclesiam
1668 2430 1706 2485 da
1729 2413 1841 2493 bordeto,

156 2523 284 2595 adipisci,
298 2523 383 2580 firma
397 2524 445 2579 tihi
467 2525 581 2596 tuisque
593 2525 804 2581 successoribus
823 2530 853 2581 et
866 2525 975 2580 illibata
1025 2521 1175 2577 ecclesiam
1194 2522 1231 2576 de
1251 2523 1385 2587 sumena,
1401 2520 1552 2576 ecclesiam
1566 2522 1609 2577 da
1631 2523 1840 2591 Randanum·

157 2621 365 2689 permaneant;
379 2618 409 2673 in
432 2618 537 2690 quibus
560 2618 621 2674 haec
637 2619 757 2691 propriis
771 2619 903 2675 duximus
924 2636 972 2674 ex·
1024 2616 1136 2671 clesism
1152 2615 1187 2671 de
1206 2616 1326 2681 Visseco,
1341 2614 1488 2670 ecclesiam
1503 2614 1542 2670 de
1562 2615 1697 2686 aulatis,
1711 2618 1840 2673 ecclesian

157 2711 480 2785 primeudasocabulis.
1023 2710 1059 2765 de
1090 2710 1209 2775 Darada,
1229 2708 1376 2764 ecclesiam
1392 2707 1488 2765 Sancti
1515 2709 1662 2766 Romani.
1684 2712 1718 2767 ln
1739 2710 1840 2767 Uticensi

193 2805 269 2863 lutra
301 2822 397 2862 muros
430 2806 519 2878 ipsius
550 2807 681 2875 civitatis,
708 2807 915 2863 monasterium
942 2807 972 2864 S.
1024 2802 1356 2875 episcopatu,ecclesiam
1373 2801 1407 2857 de
1423 2801 1785 2870 Calmatis,ecclesiamde
1799 2806 1838 2860 llo

159 2899 312 2956 Salvatoris
332 2900 366 2955 de
388 2899 485 2966 Fonte,
501 2900 647 2955 ecclesiam
668 2900 696 2956 S.
710 2901 822 2956 ldartini
844 2901 880 2956 de
902 2905 972 2956 Are·
1024 2897 1109 2965 veria,
1122 2897 1270 2952 ecclesiam
1284 2896 1319 2951 de
1331 2894 1555 2964 hloutiuianicis,
1566 2898 1838 2955 ecclesiamdefinil·

157 2994 213 3060 nis,
238 2994 386 3048 ecclesiam
411 2993 438 3049 S.
457 2994 585 3064 Thomoe,
606 2994 753 3049 ecclesiam
775 2995 804 3050 S.
824 2994 973 3064 Vincentii,
1023 2992 1103 3046 lano.
1116 2993 1146 3047 lu
1160 2989 1319 3046 ‚timatensi
1334 2989 1508 3062 episcopatu,
1521 2992 1686 3048 ecclesiam
1697 2993 1833 3049 deliciosa

158 3086 308 3143 ecclesiam
336 3088 363 3143 S.
379 3087 518 3158 Stephani
543 3086 579 3142 de
602 3088 751 3159 Capitolio,
772 3088 920 3143 ecclesiam
944 3091 972 3145 S.
983 3128 1011 3202 G
1024 3085 1250 3140 Pranomiuatas
1268 3084 1367 3155 itaque
1380 3082 1518 3139 ccclesias
1536 3101 1610 3141 cum
1624 3088 1745 3159 capellis
1757 3092 1835 3143 etone

158 3179 312 3249 Laurentii,
328 3186 451 3235 castrum
468 3180 544 3253 quod
565 3181 670 3236 dicitur
684 3189 766 3253 porta
789 3183 971 3251 Arelatensis,
1023 3180 1108 3234 nibus
1119 3194 1217 3234 earum
1230 3177 1416 3250 appendiciis,
1426 3177 1539 3233 eisdem
1550 3181 1720 3249 canossicis,
1733 3186 1834 3252 utsupra

157 3275 275 3331 tertiam
292 3278 403 3347 partem
414 3274 544 3330 omnium
565 3274 692 3330 ledarum
706 3275 770 3344 lori,
785 3280 814 3331 et
828 3276 970 3332 nundina·
1023 3273 1155 3340 diximus,
1171 3270 1472 3336 confirmamus,salva
1485 3276 1593 3328 tamen
1607 3277 1661 3330 tua
1676 3281 1706 3331 et
1716 3290 1833 3331 successo

157 3384 232 3433 rum,
254 3373 283 3423 et
304 3369 418 3424 tertiam
441 3372 549 3440 partem
571 3368 695 3437 sextarii,
719 3369 817 3438 corde,
840 3374 869 3424 et
888 3370 972 3441 quin·
1022 3383 1089 3422 rum
1114 3370 1228 3421 tuorum
1253 3371 1282 3421 et
1298 3365 1421 3421 aliorum
1441 3365 1669 3439 opiscoporum,
1684 3370 1715 3425 in
1735 3382 1833 3441 quonia

156 3462 205 3531 tal,
226 3461 339 3517 tertiam
361 3466 473 3533 partem
498 3462 629 3518 omnium
652 3463 824 3531 tabularum,
845 3464 920 3519 salvo
943 3464 972 3519 in
1023 3461 1165 3533 parochiis
1173 3460 1280 3515 eaedem
1291 3460 1416 3515 ecclesias
1427 3460 1489 3514 sitoe
1499 3466 1570 3515 sunt
1580 3462 1831 3535 canonicajustitia

156 3555 211 3610 hoc
221 3556 286 3626 jure
299 3554 509 3610 canonicorum.
527 3556 611 3610 Extra
630 3556 783 3623 civitatem,
798 3556 973 3613 cendracen·
1059 3554 1248 3611 Prohibemus
1267 3553 1353 3610 etiam
1374 3557 1407 3608 ut
1424 3553 1500 3609 inira
1525 3557 1710 3626 parochiam
1731 3557 1832 3613 eccleis

155 3664 217 3704 sem
240 3649 395 3716 abhatiam,
411 3650 589 3703 Tornaoenss
611 3650 828 3712 monasterium,
849 3656 973 3706 castrum
1023 3652 1134 3705 Sancta
1149 3649 1243 3704 blaciae
1263 3647 1463 3704 Nemausensis
1476 3648 1567 3717 sedis,
1586 3655 1619 3706 et
1636 3650 1830 3707 monateriis

156 3745 183 3798 S.
198 3742 329 3799 Martialis
356 3759 421 3797 cum
448 3744 577 3811 ecclesia,
597 3748 722 3798 castrum
745 3744 771 3798 S.
792 3745 885 3799 Boniti
907 3760 973 3799 cum
1024 3742 1146 3797 llaudilii
1160 3741 1477 3798 nullusoratociumvel
1489 3745 1701 3801 coemcterium
1715 3748 1831 3802 sineres

156 3837 282 3899 ecclesia,
312 3839 437 3891 castrum
463 3835 498 3891 de
526 3837 636 3907 baguas
663 3852 727 3892 cum
756 3838 885 3907 ecclesia,
913 3855 974 3894 cas·
1024 3853 1108 3892 sensu
1129 3835 1252 3908 episcopi
1277 3842 1306 3891 et
1329 3835 1537 3891 canonicorum
1558 3838 1661 3893 iacere
1687 3844 1830 3911 prasumat

156 3936 233 3986 trram
256 3929 456 4001 llontispesati,
477 3930 624 3985 ecclesiam
649 3930 676 3987 S.
701 3931 839 4001 Stephani
864 3931 900 3987 ds
918 3933 971 3987 Ga·
1022 3930 1170 3986 Sarsciusus
1183 3930 1270 3984 etiam
1293 3933 1326 3984 ut
1339 3929 1368 3985 in
1388 3929 1609 4002 parochialibus
1633 3934 1761 3990 ecclesiis
1779 3946 1830 4005 qua

156 4041 223 4079 rons
240 4040 305 4077 cum
323 4023 388 4078 villa
402 4029 431 4078 et
450 4024 594 4079 territorio
615 4041 677 4093 suo,
693 4025 842 4080 ecclesiam
863 4026 892 4081 S.
909 4027 973 4084 Ger·
1024 4023 1155 4079 monachi
1170 4026 1200 4078 et
1208 4012 1335 4078 canonici
1351 4028 1450 4078 teuent
1463 4028 1515 4078 tuo
1527 4040 1658 4081 assensu
1672 4028 1829 4100 presbytera

156 4117 225 4171 vasii
248 4133 313 4173 cum
335 4117 411 4185 villa,
435 4117 584 4172 ecclesiam
608 4118 643 4173 de
663 4120 795 4191 amiglau
817 4137 883 4175 casm
906 4121 972 4176 villa
1022 4117 1174 4187 collocent,
1190 4117 1294 4189 quibus
1307 4117 1330 4173 si
1344 4116 1441 4173 idonei
1460 4117 1573 4174 ineunt
1588 4136 1696 4176 curam
1711 4122 1828 4195 parata

156 4214 276 4283 quaest
292 4211 320 4266 iu
336 4211 431 4282 podio,
445 4212 595 4267 ecclesiam
617 4216 725 4269 Sancta
738 4212 830 4269 llasise
849 4215 885 4268 dc
903 4216 972 4269 Gau·
1023 4212 1194 4282 committes,
1210 4217 1241 4267 ut
1256 4211 1417 4283 huJusmodi
1437 4211 1609 4269 sacerdotes
1628 4215 1666 4271 de
1681 4216 1769 4289 plebis
1782 4212 1828 4287 qni·

152 4306 218 4377 jaco
241 4321 305 4359 cum
328 4305 402 4373 villa,
420 4305 568 4360 ecclesiam
592 4306 628 4361 dc
652 4307 754 4361 llorbia
775 4324 841 4362 cum
856 4309 973 4380 capellis
1022 4307 1088 4362 dom
1110 4322 1179 4361 cura
1202 4305 1254 4361 tibi
1276 4305 1487 4377 respondeant,
1503 4304 1682 4364 illisautem
1706 4308 1830 4382 prorebtt

156 4399 225 4469 suis,
251 4399 285 4455 de
313 4399 388 4453 Valle
414 4399 539 4471 garnita,
557 4400 592 4454 de
621 4401 775 4456 llocalolio.
794 4403 824 4456 lu
848 4402 971 4457 Uticensi
1022 4400 1229 4471 temporalibus
1238 4398 1586 4470 debitnmsubjcctionem
1600 4402 1829 4460 exhibeantur>

154 4494 328 4566 episcopatu,
350 4493 445 4548 villam
466 4494 501 4548 de
524 4497 674 4564 ltovoreto,
695 4495 767 4549 alias
790 4510 906 4567 quoque
929 4493 1156 4578 ec·1)bibemus
1172 4494 1259 4548 etiam
1275 4496 1306 4547 ut
1320 4492 1415 4548 nullus
1433 4492 1633 4563 parochianos
1652 4494 1831 4554 Nemausensi!

155 4586 263 4655 ctesias,
278 4586 469 4657 possessiones
490 4592 518 4642 et
538 4592 650 4655 catera,
666 4604 731 4659 qua
752 4588 793 4643 tui
811 4588 886 4659 juris
908 4605 970 4644 esse
1020 4588 1153 4643 Ecclesia
1174 4587 1281 4658 absque
1302 4590 1351 4642 tuo
1377 4592 1406 4641 et
1431 4587 1646 4645 canonicorum
1673 4586 1831 4649 amauit

154 4683 320 4747 noscuntur,
344 4678 393 4735 tihi
418 4680 531 4751 tuisque
553 4680 760 4736 successoribus
781 4681 970 4738 nihilominus
1020 4681 1217 4753 sepeliendum
1237 4681 1380 4753 suscipiat,
1396 4679 1451 4735 nisi
1471 4680 1548 4736 forte
1564 4682 1625 4754 ipsi
1638 4684 1671 4741 in
1686 4687 1781 4759 abono
1796 4698 1829 4738 se

153 4775 364 4831 confirmamus.
380 4774 568 4828 Concordiam
584 4790 650 4830 vero
669 4774 749 4829 illam
768 4792 833 4847 qua
852 4776 928 4831 inter
942 4780 969 4831 tc
1020 4774 1143 4831 uerabili
1157 4776 1219 4831 loco
1232 4791 1262 4830 se
1276 4773 1455 4846 sepeliendos
1468 4773 1671 4835 decreverint.

154 4875 184 4928 et
203 4888 356 4927 canonicos
377 4871 502 4926 ecclesia
525 4877 581 4926 tuae
602 4872 765 4944 sapientum
787 4878 816 4929 et
835 4874 969 4930 discreto·
1055 4871 1241 4925 Decernimus
1254 4868 1449 4941 ergoutnulli
1462 4868 1832 4930 hominumomninolieest

154 4983 218 5023 runs
242 4965 370 5021 virorum
392 4965 511 5020 consilio
532 4965 738 5021 rationabiliter
760 4968 835 5023 facta
857 4971 909 5036 est,
928 4984 972 5023 ra·
1019 4964 1169 5036 prietatem
1195 4964 1346 5019 ecclesiam
1368 4961 1550 5034 pseuurbare,
1576 4972 1631 5021 eut
1654 4969 1724 5039 eius
1744 4982 1831 5041 pomer

152 5068 212 5117 tam
239 5076 357 5115 manere
380 5058 532 5129 sancimus,
554 5062 584 5113 et
605 5059 676 5115 sicut
699 5060 862 5133 inscriptis
883 5078 970 5133 super
1019 5060 1116 5115 aiones
1136 5059 1261 5127 auterre,
1281 5058 1324 5113 vel
1351 5058 1458 5113 ablatas
1481 5056 1626 5130 retinere,
1642 5063 1833 5129 minuerem

153 5155 207 5209 hoc
230 5155 309 5210 lectis
333 5154 507 5222 continetur,
522 5153 666 5209 observari
690 5156 880 5227 praecipimus.
898 5158 970 5212 Pue-
1020 5156 1163 5229 aliquibus
1172 5155 1367 5211 uexationibus
1378 5155 1573 5226 seliganstad
1582 5161 1691 5218 omnia
1701 5168 1732 5219 et
1741 5163 1832 5231 aaut·

154 5251 229 5303 terea
257 5252 313 5304 tuse
336 5247 520 5304 iraternitatis
547 5248 677 5319 precibus
701 5248 840 5319 inclinati,
868 5266 969 5306 omncs
1019 5261 1226 5310 conserventur
1246 5270 1345 5309 eorum
1364 5270 1415 5325 pro
1429 5269 1556 5325 quorum
1580 5258 1833 5329 gubernationes

152 5341 283 5396 ccclesias
305 5342 350 5397 vel
379 5342 573 5413 possessiones
598 5348 627 5398 et
656 5344 742 5410 bona,
766 5360 831 5416 qua
853 5348 904 5400 tua
924 5346 969 5400 vel
1020 5348 1226 5404 sustentatione
1257 5364 1394 5404 concessa
1427 5350 1507 5415 sunt,
1535 5348 1640 5409 usibus
1677 5349 1832 5411 omnimode

154 5434 276 5490 alioruin
298 5434 346 5490 llei
360 5435 488 5491 fidelium
501 5436 686 5493 concessione
699 5438 777 5509 juste
791 5443 820 5494 et
832 5439 968 5495 canonice
1019 5443 1181 5515 protutura,
1207 5442 1286 5497 salva
1312 5440 1387 5498 sedis
1418 5441 1587 5513 apostolicus
1612 5442 1831 5505 auctoritatafi

153 5528 364 5601 possidontvel
378 5528 550 5585 inlaturum
564 5531 783 5587 rationabilibus
797 5533 897 5602 modis,
910 5534 969 5590 ileo
1020 5552 1085 5608 quire
1102 5540 1197 5592 umen
1214 5534 1406 5591 ecclesiastica
1423 5534 1607 5597 secularisve
1625 5556 1759 5613 persona
1774 5542 1832 5597 aaa

153 5621 289 5699 propitio,
313 5624 447 5694 poteraut
468 5623 597 5695 adipisci,
613 5624 681 5698 ipsis
692 5629 723 5680 at
738 5641 841 5682 eorum
861 5644 970 5683 succos·
1018 5635 1125 5686 nostra
1137 5628 1350 5685 constitutionis
1360 5628 1500 5703 paginam
1512 5629 1622 5703 wicus,
1636 5640 1698 5693 ata.

153 5716 265 5773 roribus
290 5714 451 5787 reputarem
477 5715 565 5773 sitam
589 5717 733 5790 protessis,
756 5720 832 5777 sedis
853 5726 967 5794 aposto·
1054 5724 1246 5794 borussipitti.

136 5810 390 5877 acaeueuelute
412 5810 579 5873 firmamus.
596 5812 628 5871 la
649 5811 755 5891 quibus
765 5812 829 5871 haec
848 5817 972 5891 propriis
1057 5820 1116 5891 Ego
1128 5817 1269 5874 Adrianus
1280 5816 1428 5877 catholicas
1440 5816 1577 5879 haud·
1590 5816 1760 5905 σήπῃ,
