3750 6046
16 148 19 153 ¹
89 199 143 257 379
778 192 940 253 canumet
958 189 1087 249 illatis
1716 182 1764 238 380

89 325 145 375 ates
160 320 238 392 llugo
253 318 405 376 collocatus
416 320 518 392 iacuit,
533 321 563 375 et
575 319 651 374 inter
664 333 767 374 manus
784 333 902 373 suorum
913 319 1021 402 Aerat,
1037 312 1088 368 sed
1108 310 1294 382 semetipsum
1306 308 1336 365 in
1356 307 1523 381 ponhlicatu
1535 321 1685 379 nunquam
1699 304 1766 360 salis

90 415 146 471 oeo
159 415 378 473 commendatus
391 431 438 473 uu
452 414 514 470 llal.
527 412 646 485 Augusti
659 411 820 484 exspiravit
952 422 1052 463 curare
1071 407 1193 478 poterat.
1211 403 1336 460 scientia
1347 401 1509 458 litterarum
1522 402 1553 455 et
1564 398 1699 455 facundia
1711 397 1768 471 pol-

182 520 225 570 Ss‘c
236 520 302 570 obiit
313 526 405 572 nostro
417 521 460 571 uir
470 532 524 569 nors
537 515 699 582 reparabilis
715 530 780 574 uuo,
953 499 1040 568 l⁰b³b
1051 498 1155 554 dllffiss
1176 501 1205 553 θῑ
1220 496 1329 553 delii&
1338 494 1535 551 inflammer
1545 491 1693 563 ⁸ffl⁰⁰b⁸b
1708 507 1770 564 ΡΝ·

183 588 718 654 Gtmmsswwdttltlmslmffmldffl
729 589 809 637 Pater
821 586 902 649 ⁸⁸9⁰·
954 593 1024 664 price
1037 590 1176 646 voluntati
1188 595 1218 645 et
1238 589 1331 644 caruis
1344 602 1420 645 cum
1438 586 1526 643 nimis
1539 584 1690 643 serviem.
1705 584 1767 643 ouo

89 683 225 742 Summus
237 684 364 757 pontifex
382 684 518 751 Christus,
540 682 621 753 cujus
649 680 722 738 vices
745 680 780 735 ad
803 680 904 735 horam
954 691 984 741 el
996 685 1086 758 quieti
1103 683 1212 739 affatim
1227 682 1367 752 studebat,
1380 680 1513 753 ludisque
1525 679 1659 736 alearum
1673 683 1767 736 elles·

88 778 118 834 iu
132 778 216 833 terris
231 779 328 850 gessit,
343 793 458 848 semper
474 777 501 832 ei
515 775 655 848 propitius
676 775 727 830 siti
754 772 905 844 Pons-Epi·
954 794 1081 834 semrom
1101 779 1272 849 plerumque
1285 773 1458 847 indulgebat.
1477 774 1510 828 ln
1523 772 1604 828 cultu
1614 770 1767 841 jecclesias-

89 871 166 942 scopi
181 875 304 943 quatuor
317 871 404 925 leucis
423 870 509 925 distat
523 884 541 923 a
555 867 685 924 Lexovio.
700 869 730 923 ln
744 882 846 938 campo
860 881 904 921 se-
954 872 1009 927 tico
1035 876 1097 926 erat
1126 869 1209 943 piger
1234 874 1264 925 st
1288 867 1454 941 negligens,
1478 865 1530 923 sod
1554 864 1594 920 ad
1617 868 1765 934 renatum,

91 981 142 1019 cus
157 965 241 1030 vum,
255 964 303 1019 ubi
314 962 419 1018 flamen
432 961 572 1031 occubuit,
588 977 656 1016 crux
670 963 765 1016 erecta
779 963 830 1027 eet,
842 974 906 1030 que
959 965 1114 1036 aviumque
1126 969 1273 1035 capturam
1284 963 1435 1034 promptus
1448 962 1479 1016 et
1490 958 1613 1016 fervens.
1627 956 1769 1014 Secutae-i.

91 1074 180 1128 usque
196 1056 281 1112 hodie
294 1057 367 1113 Crux
389 1055 519 1129 Episcopi
539 1059 702 1126 nuncupata
726 1057 778 1108 est.
796 1042 906 1124 Corpus
955 1058 1011 1113 hos
1034 1058 1129 1130 ltaque
1155 1054 1293 1112 exercitiis
1319 1059 1349 1110 et
1366 1052 1476 1108 oolibae
1493 1050 1645 1107 omnivm
1659 1065 1713 1107 sue
1725 1050 1768 1107 in.

91 1166 158 1205 vero
187 1149 249 1221 ejus
276 1149 430 1205 Luxovium
453 1149 580 1204 delatum
604 1151 656 1214 est,
682 1146 731 1202 sed
757 1145 905 1217 sepultura
955 1151 1048 1220 hesit,
1075 1155 1104 1205 et
1130 1149 1170 1204 eie
1195 1163 1283 1221 usque
1307 1147 1346 1203 ed
1372 1145 1550 1219 decrepitam
1562 1147 1679 1201 mtstem
1692 1144 1769 1201 sirit.

92 1244 155 1314 ejus
177 1258 268 1314 usque
292 1242 327 1298 ad
354 1258 402 1298 vsu
414 1241 485 1309 dies,
513 1257 565 1313 pro
587 1239 680 1312 litigio
703 1238 905 1295 canonicorum
955 1243 1038 1299 Plura
1056 1242 1092 1298 de
1109 1241 1218 1297 actibus
1230 1241 1293 1312 ⁰l¹¹⁸
1305 1238 1428 1296 scribere
1438 1252 1566 1312 possum,
1580 1237 1633 1294 sed
1646 1236 1770 1310 reprimo

91 1340 120 1392 et
145 1336 368 1405 monacharum,
396 1334 536 1407 protelata
563 1338 615 1389 cst.
637 1331 740 1388 Clerici
766 1331 845 1386 enim
876 1331 906 1386 in
956 1337 1108 1403 calamum,
1134 1335 1201 1408 quie
1222 1335 1259 1391 ab
1281 1335 1343 1407 ipso
1363 1332 1401 1389 ad
1414 1330 1639 1388 subdiaconatus
1652 1330 1771 1405 ffedum

91 1429 236 1501 episcopio
268 1445 334 1484 eum
365 1427 485 1500 sepelire
517 1426 650 1482 volebant
677 1427 726 1482 sed
751 1425 905 1480 sanctimo·
954 1447 1019 1487 oum
1032 1429 1104 1500 aliis,
1120 1432 1153 1484 ut
1167 1428 1280 1500 opinor,
1293 1428 1357 1500 plus
1370 1423 1605 1500 quamtrecentis
1619 1429 1768 1497 promotus

89 1522 181 1577 nieles
200 1521 284 1577 simul
300 1521 437 1577 acerrime
462 1518 654 1592 prohibentes,
675 1518 828 1574 dicebant:
851 1520 905 1573 Po·
955 1540 1028 1579 sum.
1050 1522 1130 1579 Unde
1143 1522 1217 1577 siout
1229 1520 1363 1594 quedam
1375 1518 1411 1574 de
1424 1518 1474 1576 illo
1486 1517 1609 1591 protulit
1619 1518 1770 1591 repreben-

57 1600 61 1606 ’
88 1621 128 1671 ter
157 1622 247 1671 uester
274 1619 353 1685 liupo
380 1615 518 1670 abbatiam
542 1615 646 1670 Sancte
664 1614 759 1668 illane
790 1612 906 1666 domine
954 1616 1059 1684 sibilia,
1086 1616 1127 1671 sio
1154 1615 1236 1670 decet
1261 1616 1292 1669 ut
1315 1611 1466 1668 laudabilia
1489 1627 1621 1684 promam
1643 1611 1766 1667 imitabi-

88 1713 187 1767 nostre
201 1710 359 1770 construet,
371 1723 417 1763 uos
429 1709 495 1762 illuc
508 1707 545 1761 ud
556 1709 606 1762 llei
616 1706 785 1774 famulatum
804 1721 900 1775 appre-
914 1695 1000 1766 Blia.
1028 1710 1228 1780 Eleemosynae
1241 1707 1414 1780 pauperibus
1441 1706 1563 1763 libenter
1589 1704 1765 1777 borrigebat,

87 1806 174 1872 paud,
192 1818 224 1857 cc
244 1808 275 1857 ul
294 1806 373 1873 poter
387 1802 460 1872 lilios
476 1802 506 1855 in
524 1803 618 1856 amore
640 1802 745 1855 liciuos
764 1799 901 1854 educauit.
951 1803 1083 1874 largitate
1103 1807 1131 1858 et
1148 1800 1308 1873 dapsilitate
1323 1800 1442 1856 solerter
1459 1805 1489 1854 et
1511 1796 1671 1855 bonofilius
1692 1798 1768 1870 vige·

88 1899 120 1954 lu
139 1897 248 1952 umbem
264 1911 347 1967 quam
355 1894 488 1958 condidit,
516 1894 602 1950 boum
615 1893 762 1964 sepulture
775 1892 837 1956 sibi,
851 1907 904 1946 me·
951 1896 1010 1951 bat.
1026 1897 1058 1951 ln
1077 1894 1185 1967 judicio
1200 1894 1351 1950 aeduum
1372 1891 1514 1949 subtiliter
1525 1890 1727 1964 investigabat,
1740 1895 1769 1949 ct

87 2004 145 2045 mor
157 1991 263 2057 erortls,
284 1990 373 2059 etegit.
392 1991 503 2044 AEtcmo
514 1987 812 2057 mortcpuaictur‚qui
828 2000 904 2040 somn
953 1988 1155 2044 rectitudinem
1174 1986 1333 2059 procaciter
1360 1984 1516 2042 defendere
1540 1983 1611 2042 satis
1628 1984 1769 2054 inhiabat,

89 2085 182 2141 Putris
196 2083 283 2138 nostri
289 2082 576 2152 ptiobussutsoutcrrc
590 2080 720 2135 conatur!
951 2081 1157 2154 justitiamque
1169 2080 1279 2137 cunctis
1291 2079 1499 2153 postulantibus
1512 2078 1602 2152 gratis
1613 2077 1768 2149 exhibebat,

124 2175 334 2247 Rotbomagum
354 2173 442 2246 igitur
459 2173 495 2228 ad
519 2171 627 2228 curiam
646 2170 722 2244 regis
741 2171 807 2239 itur,
826 2173 855 2226 et
868 2170 903 2225 ab
953 2177 1114 2231 Peccatores
1138 2177 1233 2230 renim
1247 2189 1315 2230 suos
1332 2172 1483 2229 humiliter
1493 2171 1666 2229 confitentes
1677 2171 1767 2228 dulei·

88 2269 216 2340 utrisque
233 2267 360 2339 partibus
375 2266 557 2340 querimonia
581 2265 759 2336 depromitur
766 2282 775 2334 ;
795 2263 845 2319 sed
860 2280 906 2320 re·
954 2274 999 2327 ter
1024 2267 1211 2341 suscipiebat,
1238 2272 1268 2323 et
1293 2283 1358 2323 vere
1385 2265 1590 2338 penitentibus
1616 2266 1727 2322 rectum
1741 2267 1770 2321 et

88 2361 159 2432 galis
187 2376 303 2416 censura
333 2359 472 2432 fragiliori
493 2359 584 2431 magis
609 2359 688 2414 serui
719 2357 903 2430 competitur.
955 2362 1071 2420 salubre
1094 2360 1244 2417 eonsilium
1266 2360 1386 2433 provide
1403 2357 1584 2432 suggerebat.
1614 2359 1767 2415 sacroscr-

88 2453 217 2526 lienique
243 2468 292 2509 rex
314 2452 449 2507 accersito
474 2452 575 2508 loanni
596 2451 808 2524 archiepiscopo
830 2466 906 2506 com·
955 2456 1037 2512 dines
1051 2459 1080 2512 et
1103 2454 1297 2511 dedicationes
1313 2459 1342 2510 et
1360 2454 1416 2509 alia
1429 2451 1596 2526 th'usmodi
1616 2451 1769 2509 ministeria

91 2546 208 2603 mandat
229 2549 260 2602 ui
283 2544 437 2601 lexovium
455 2545 584 2601 celeriter
607 2545 701 2614 adeat,
727 2550 755 2599 et
779 2543 907 2616 episcopi
955 2549 1089 2622 religiose
1101 2553 1130 2604 et
1143 2548 1261 2604 sollicite
1275 2547 1449 2620 peragebat;
1464 2546 1513 2603 sed
1525 2544 1563 2601 ad
1579 2546 1641 2602 baec
1660 2546 1769 2619 agenda

89 2655 192 2711 corpus
207 2639 236 2694 in
251 2638 375 2695 oratorio
389 2639 500 2695 Sanctae
521 2637 616 2695 itariae
631 2638 766 2693 decenter
777 2636 904 2708 sepeliat.
955 2642 1118 2699 lentuserat
1131 2640 1216 2697 alvia
1230 2640 1405 2713 assurgebat,
1420 2656 1484 2708 nec,
1498 2639 1563 2708 nisi,
1579 2640 1682 2695 multis
1696 2639 1766 2697 mul.

88 2735 124 2788 At
142 2732 200 2802 ille,
219 2732 285 2804 quia
300 2732 379 2787 ferox
393 2735 421 2786 et
433 2730 563 2802 turgidus
576 2733 646 2796 erat,
666 2735 695 2785 et
709 2730 826 2785 noxium
843 2745 907 2786 ran·
956 2742 1050 2792 torum
1077 2735 1211 2807 precibus
1227 2734 1361 2793 incitatus
1379 2733 1770 2807 cogeretur,iuehoeree010.

90 2842 183 2881 eorem
190 2825 361 2898 jamdudum
373 2826 472 2880 contra
484 2823 636 2896 prefatum
644 2822 795 2897 presulem
809 2822 905 2878 animo
955 2831 1013 2886 hat.
1031 2831 1061 2885 ln
1081 2829 1204 2886 Ecclesia
1218 2828 1381 2885 lexoviensi
1394 2845 1428 2883 eo
1440 2832 1571 2900 tempore
1585 2827 1769 2884 honorabiles

91 2923 229 2991 gesserat,
245 2919 320 2991 regis
346 2921 519 2990 preceptum
538 2915 707 2972 furibundus
726 2914 906 2987 contempsit,
957 2927 1040 2979 erent
1051 2940 1180 2995 persone
1206 2926 1236 2978 et
1245 2923 1370 2979 illustres
1379 2921 1570 2977 archidiaconi
1582 2923 1669 2993 alque
1688 2936 1768 2977 aeno·

92 3033 145 3071 nec
161 3016 198 3071 ad
222 3015 423 3072 tumulandum
434 3015 632 3087 coepiscopum
655 3030 739 3069 suum
754 3013 795 3070 ire
807 3012 905 3068 voluit.
958 3017 1025 3086 uici,
1041 3016 1211 3073 Guillclmus
1234 3016 1270 3071 de
1291 3015 1460 3074 Glandivilla
1484 3014 1611 3071 decanus
1630 3019 1660 3071 et
1676 3013 1767 3070 arabi·

90 3110 142 3175 Oui
165 3110 234 3165 dum
253 3109 288 3165 de
307 3109 386 3165 curia
406 3108 483 3180 regis
502 3124 554 3181 per
571 3107 672 3163 urbem
693 3122 779 3179 super
800 3059 1101 3181 mulamcdiaconus,
1121 3110 1279 3167 Richardus
1298 3106 1543 3180 detnsgeriivills
1557 3110 1587 3163 et
1604 3106 1768 3163 Guillelmus

90 3219 170 3259 suam
186 3202 299 3271 rediret,
316 3201 483 3275 tumideque
507 3202 627 3274 loquens
649 3201 684 3257 da
704 3200 795 3257 causis
814 3200 909 3255 immi·
956 3203 1113 3259 Pictavinus
1140 3202 1342 3260 archidiaconi.
1367 3201 1530 3259 Goisfrsdus
1555 3201 1592 3256 de
1613 3201 1768 3274 'tregavilla

90 3295 234 3364 uentibus,
247 3295 344 3351 domui
364 3312 422 3352 suas
442 3294 697 3367 appropinquaret,
712 3293 808 3349 divino
835 3296 906 3347 nutu
956 3296 1158 3364 thesaurarius,
1185 3296 1321 3367 Turgisus
1353 3297 1455 3351 cantor
1474 3299 1504 3350 et
1529 3292 1670 3350 liedulfus
1697 3294 1768 3349 lilios

91 3389 183 3445 subita
197 3388 288 3461 passio
314 3388 394 3445 illum
424 3389 573 3460 percussit,
598 3386 683 3442 turba
704 3388 797 3459 palam
824 3402 905 3457 spec·
956 3391 1028 3462 ejus,
1041 3388 1146 3461 aliique
1162 3388 1258 3461 plures
1272 3405 1345 3460 quos
1360 3390 1441 3459 llugo
1461 3387 1639 3458 educaverat,
1655 3386 1768 3443 olidis·

90 3486 177 3552 tante,
192 3482 229 3537 ad
251 3487 357 3539 terram
376 3481 491 3553 dejecit,
507 3481 681 3555 biennioque
705 3497 762 3554 quo
781 3484 906 3552 postmo·
956 3499 1011 3556 que
1032 3483 1105 3539 datis
1128 3481 1320 3539 ecclesiasticis
1340 3483 1540 3538 honoraverat.
1562 3480 1768 3537 llosnimimm

92 3576 161 3631 dum
187 3574 269 3644 viril,
295 3576 441 3648 elinguem
465 3575 600 3631 reddidit.
626 3576 705 3630 Tunc
723 3573 904 3637 Gislebertus,
955 3577 1089 3649 prefatus
1112 3592 1255 3633 successor
1280 3576 1342 3647 ejus
1368 3575 1421 3631 sibi
1449 3573 1598 3647 copulavit,
1629 3573 1769 3647 fertilique

91 3669 269 3726 Ebroicensis
289 3669 423 3743 epicopus
445 3685 510 3725 cum
534 3669 624 3725 mullo
646 3666 774 3724 fidelium
789 3667 905 3739 agmins
956 3672 1125 3728 documento
1138 3668 1592 3726 arithmeticaeetastronomioeet
1607 3666 1768 3740 multiplicis

90 3762 239 3819 lexovium
253 3763 339 3831 vadit,
353 3766 381 3819 et
394 3779 494 3834 corpus
513 3761 649 3833 episcopi,
660 3766 769 3817 astante
782 3760 905 3815 lloberto
953 3765 1087 3837 physice,
1109 3765 1286 3836 aliarumque
1305 3763 1516 3835 profundarum
1527 3776 1626 3817 rerum
1636 3759 1768 3828 erudivit,

88 3856 208 3913 dunensi
224 3855 337 3925 consite,
353 3855 402 3927 qui
424 3871 578 3927 germanus
598 3854 659 3925 eJus
682 3859 754 3924 erat,
766 3852 795 3907 in
819 3853 905 3908 choro
954 3861 982 3914 et
993 3857 1148 3914 familiares
1172 3857 1295 3930 collegas
1308 3855 1502 3913 conviviorum
1516 3858 1547 3911 et
1563 3853 1769 3930 colloquiorum

87 3952 351 4010 sanctimonialium
376 3951 579 4008 convenienter
600 3950 740 4024 sepelivit.
760 3949 903 4006 Mausoleo
955 3951 1007 4007 sibi
1020 3951 1182 4024 benigniter
1192 3950 1355 4024 applicarit.

91 4045 163 4100 tanti
176 4044 320 4116 pontilicis
335 4060 479 4116 congruus
492 4044 565 4116 lapis
580 4042 724 4115 appositus
737 4045 790 4109 est,
801 4045 831 4096 et
847 4042 906 4112 epi·
954 4076 985 4131 v,
1005 4077 1120 4133 hams
1133 4077 1350 4146 nmmum
1368 4074 1591 4146 mmmm·
1612 4073 1768 4131 ommim

91 4137 222 4209 taphium
235 4137 357 4193 adonico
374 4142 475 4205 metro,
492 4136 570 4208 quod
589 4134 698 4207 dactylo
712 4134 903 4206 spondeoque
1252 4159 1311 4229 epm
1322 4172 1464 4215 mmm..

90 4233 211 4301 constat,
226 4230 345 4300 editum,
360 4231 391 4286 in
417 4229 529 4285 laminis
541 4229 621 4301 cupri
637 4228 742 4286 litteris
755 4227 849 4285 aureis
863 4227 904 4284 sic

91 4327 237 4381 exaratum
254 4329 297 4381 „gg
313 4341 320 4379 :
988 4277 1071 4331 huno
1084 4274 1120 4329 ab
1133 4274 1329 4330 incarnatione
1343 4272 1458 4330 Domini
1484 4274 1563 4339 lora,
1582 4272 1707 4328 loannes
1723 4286 1768 4327 ar·

152 4433 201 4483 mc
209 4434 282 4497 pm,
295 4432 368 4497 ⁸⁰9⁰
380 4432 550 4484 mmm
563 4433 656 4483 cmm
671 4431 771 4483 mm
915 4367 1150 4503 Dchlepiscopus
1172 4371 1270 4472 oetam
1293 4383 1377 4472 annuo·
1389 4364 1536 4438 regiminis
1557 4364 1605 4469 sui
1622 4363 1770 4421 defunctus

151 4502 329 4567 pontificatue,
342 4501 441 4553 eopse,
452 4514 525 4567 ,φη
536 4503 666 4568 ,mmm
676 4508 793 4568 petrem.
957 4466 1009 4533 est,
1024 4466 1051 4516 et
1065 4478 1096 4517 m
1114 4461 1279 4534 baptisterio
1298 4460 1421 4516 basrlvcae
1441 4458 1477 4514 ad
1497 4459 1662 4530 aquilonem
1674 4463 1769 4514 tumu-

151 4573 281 4625 Praedstuo
293 4573 360 4624 idem
371 4577 507 4626 stemmate
517 4586 621 4624 morem
635 4587 689 4624 „oe
702 4576 759 4626 ge„
769 4576 831 4629 pem,
954 4557 1026 4611 latus
1046 4558 1104 4610 est.
1121 4555 1340 4611 Monumentum
1359 4553 1422 4625 eius
1438 4568 1472 4607 er
1485 4550 1549 4607 albo
1561 4550 1656 4623 lapide
1665 4551 1770 4607 factum

150 4647 372 4705 docueramus.
386 4642 724 4711 reltplomplors'ptcoadus.
955 4653 1008 4717 cst,
1032 4647 1062 4702 in
1088 4662 1145 4720 quo
1169 4645 1337 4719 hujusmodi
1352 4644 1533 4719 epitaphium
1546 4643 1669 4700 solerter
1680 4644 1768 4700 inser·

153 4717 292 4767 fremitus
306 4717 430 4780 siusrsps
445 4713 577 4780 Philippo,
593 4720 648 4765 lum
664 4716 801 4770 Gilielmus
956 4748 1020 4797 tum
1032 4745 1084 4797 esp·

151 4787 205 4836 lise
217 4791 276 4836 sral
288 4783 399 4850 Appius,
415 4785 471 4835 tuce
483 4785 602 4850 sequenti
614 4785 723 4838 Pbebua
734 4788 811 4839 inicit

152 4848 235 4912 steno
249 4847 351 4906 monis,
366 4847 409 4898 det
425 4848 493 4898 Deus
506 4847 665 4912 istipnudio
679 4849 745 4899 coels'.
759 4851 849 4901 lmen.
912 4913 914 4917 Ι
1014 4845 1183 4911 Metropolim
1192 4850 1253 4898 tuus
1262 4846 1336 4910 jncsl
1345 4844 1397 4908 hio,
1410 4843 1473 4895 urbs
1481 4842 1713 4909 Romamupsnsis,

235 4967 240 4978 .
463 4965 469 4977 .
672 4969 678 4979 ,
1047 4917 1168 4969 dulmine
1179 4917 1211 4968 da
1224 4928 1325 4969 summo
1340 4929 1393 4980 quc
1407 4915 1536 4966 moriente
1548 4914 1616 4965 ruis.

143 4966 187 5019 lv.
206 4964 371 5021 Gutebertua
384 4965 550 5020 dominetur
566 4968 689 5035 Hupouss
702 4983 844 5025 successor.
1016 4987 1136 5040 pm„
1146 4988 1305 5039 mmm,
1316 4998 1387 5051 Μ,
1401 4998 1478 5036 ,am
1490 4983 1556 5036 m,
1566 4983 1681 5048 mig,

123 5077 166 5133 hd
183 5078 339 5149 regendum
350 5076 551 5134 Lexovieusem
567 5078 753 5151 presulatum
765 5079 904 5138 Gisleber·
1015 5056 1687 5196 Hgaefqdlgoae‘fflffgmuffifflgltrlgpmm

89 5175 144 5239 tus,
158 5175 351 5241 cognomento
363 5171 542 5240 llaminotus,
561 5172 638 5245 regis
652 5173 792 5230 archiater
816 5177 844 5231 et
856 5191 902 5230 ca·
1046 5202 1162 5254 mmm
1174 5207 1244 5252 Μ,
1259 5201 1348 5251 ,ivm
1361 5198 1537 5265 pmppmog

88 5262 217 5336 pellaeus
242 5264 348 5319 electus
373 5269 424 5334 est,
452 5271 482 5322 at
504 5282 522 5321 a
547 5266 683 5322 llichaela
708 5266 903 5323 abrincatensi
1015 5273 1094 5324 Dona
1109 5272 1155 5322 Dei
1168 5272 1216 5325 sub
1232 5269 1382 5322 comantia
1396 5268 1473 5320 nullo
1485 5267 1571 5331 {uere

88 5357 231 5463 episcopo,
243 5357 272 5411 in
286 5356 436 5429 presentia
449 5359 550 5415 domni
561 5358 678 5416 loannis
686 5360 902 5434 archiepiscopi,
1015 5344 1234 5478 Lmffldwtg’
1248 5341 1343 5477 w
1352 5338 1606 5476 mmmm·
1620 5409 1678 5459 ma

89 5467 138 5524 qur
150 5451 221 5524 jem,
249 5455 279 5507 ut
303 5451 438 5525 diximus,
453 5453 647 5525 obmutuerat,
659 5458 837 5513 consecratus
850 5460 902 5512 est.
1045 5484 1111 5534 mm
1124 5482 1185 5545 sup,
1202 5451 1312 5548 ,ippum
1326 5446 1403 5546 {m
1416 5481 1477 5549 ugit
1487 5445 1536 5533 ξω
1550 5466 1631 5544 im,

90 5544 138 5601 llic
169 5544 243 5601 tilius
273 5544 389 5603 liuberti
407 5546 443 5603 de
472 5547 644 5620 curvaspina
670 5549 780 5605 suenni
804 5547 904 5604 militis
1014 5556 1092 5606 Noun
1103 5552 1159 5607 dise
1173 5552 1331 5619 Septembris
1342 5555 1412 5615 erat,
1424 5565 1484 5603 cum
1495 5562 1581 5605 coras
1590 5549 1712 5603 leuasse

89 5638 336 5707 fuit,sxn1annis
358 5640 554 5713 episcopatum
587 5639 687 5711 lenuit,
719 5647 747 5699 et
772 5641 903 5699 Ecclesia
1046 5624 1220 5691 Emittit
1231 5616 1703 5688 “llll-Slltl'lt'vlfsslltl'sslffl·

90 5749 134 5794 res
146 5735 278 5810 potenter
296 5733 427 5794 obtinuit.
452 5735 527 5793 Artis
546 5734 698 5795 medicine
715 5734 903 5814 peritissimus
988 5736 1128 5799 uetando
1145 5738 1253 5799 losum
1277 5735 1497 5812 metropolitano
1516 5733 1696 5797 oudetuus
1719 5731 1772 5795 Ca·
