3750 6046
117 189 153 247 idi
542 190 700 249 HlSTDltld
718 190 984 249 tecttsttsrlct.
997 218 1032 245 -.-·
1047 192 1135 249 raus
1154 192 1175 247 l.
1191 221 1226 234 -
1240 193 1304 250 [ιΙΒ.
1324 193 1357 250 il.
1741 196 1793 255 {82

112 315 178 372 horis
192 314 308 372 occulte
321 315 398 384 tulit,
415 320 442 373 et
458 315 487 372 in
502 322 609 389 crypta,
624 333 688 390 qtrae
703 318 772 374 olim
787 319 923 375 habitatio
934 331 964 406 Α
974 319 1059 390 ginno
1073 334 1186 391 quoque
1201 319 1296 391 Libyae
1317 319 1491 377 Marmorieae
1504 326 1531 380 et
1544 323 1732 392 ammonicae,
1746 323 1791 379 rel

60 410 63 417 “
109 409 302 466 lebasaeorana
327 410 432 479 tuerat,
457 427 484 465 ιιι
508 412 573 467 idus
599 411 673 466 lunii
698 411 858 468 collocarit.
883 413 924 469 Dh
976 413 1164 484 Pentapolim,
1178 429 1273 468 veram
1288 413 1372 470 tidem
1387 415 1577 470 annuntiavit.
1592 418 1691 474 Cuncti
1707 418 1791 472 niori·

109 505 174 558 hanc
191 502 293 576 itaque
308 504 532 559 occultationem
551 504 682 576 plurimis
700 521 843 561 annorum
860 523 925 562 cur·
976 522 1051 574 rum,
1071 506 1120 577 qui
1141 509 1209 560 tunc
1230 507 1259 560 in
1279 506 1323 561 his
1343 506 1428 563 terris
1443 508 1619 575 habitabant,
1636 509 1789 566 incircum-

108 596 199 652 rirulis
211 597 378 655 venerabile
391 614 493 670 corpus
506 598 597 666 latuit,
611 614 664 654 nec
675 598 796 655 inveniri
810 617 827 655 a
840 601 926 657 chris·
976 597 1025 653 cisi
1048 601 1076 652 et
1096 598 1253 653 idololatra
1275 605 1303 654 et
1323 601 1402 654 omni
1423 601 1555 672 spurcitia
1577 603 1677 674 repleti
1696 608 1788 660 erant.

48 718 50 735 ι
107 690 196 746 ticohs
213 691 315 746 valuit.
334 692 460 747 Tandem
479 697 607 764 tempore
627 694 749 748 Zenonis
771 694 924 764 imperato·
975 690 1046 745 Cum
1068 706 1136 762 ergo
1153 691 1261 747 lllarcus
1279 694 1432 763 Cyrenem,
1451 711 1513 764 que
1533 697 1576 749 est
1593 695 1667 767 apud
1687 697 1787 752 Penta·

107 786 140 838 ris
158 788 188 838 ct
208 785 300 839 macti
320 785 423 840 Gelasii
442 800 536 857 papae,
557 786 660 841 eodem
680 790 779 842 sancto
798 787 927 858 apostolo
975 783 1075 854 polim,
1098 785 1282 856 pervenisset,
1303 789 1333 840 et
1356 786 1505 858 indigenas
1528 789 1714 844 exsecrabiles
1735 807 1787 861 pro

48 900 54 919 ·
107 877 260 945 revelante,
275 878 424 933 inventum
438 883 482 933 est
500 882 529 933 et
544 894 609 934 cnm
628 878 742 950 hymnis
755 884 784 936 et
794 881 925 935 laudibus
974 876 1070 931 nimiis
1089 878 1241 934 sceleribus
1262 879 1425 947 invenisset,
1446 881 1595 937 exordium
1617 883 1723 938 iaciens
1743 883 1789 938 di·

106 971 136 1025 ad
150 973 297 1026 honorem
308 971 358 1028 Dei
375 971 494 1027 mirifice
506 972 676 1027 collocatum
694 976 745 1028 est.
762 975 816 1028 Pro
835 974 924 1030 sancti
974 971 1032 1025 vini
1046 972 1186 1026 sermonis
1204 973 1235 1027 in
1249 973 1364 1028 nomina
1378 974 1490 1028 Domini
1509 975 1652 1030 medelam
1668 975 1790 1032 contulit

106 1065 242 1120 Darnabre
268 1065 387 1138 apostoli
415 1065 526 1120 meritis
555 1066 644 1120 multa
671 1066 717 1137 pie
742 1068 924 1140 poscentibus
974 1064 1103 1118 infirmis.
1127 1066 1196 1119 Nam
1217 1066 1343 1137 leprosos
1364 1066 1531 1134 mundabat,
1552 1069 1717 1140 multosque
1736 1087 1788 1125 ne·

104 1157 313 1230 impenduntur
329 1159 479 1227 beneficia,
495 1175 618 1231 quorum
640 1160 727 1214 etiam
743 1177 796 1216 nos
812 1161 925 1232 partici-
975 1157 1125 1229 quissimus
1147 1158 1262 1229 spiritus
1284 1159 1345 1214 solo
1365 1176 1496 1214 sermone
1515 1160 1647 1231 pellebat.
1671 1162 1788 1218 Plurimi

104 1268 150 1323 pes
169 1252 258 1306 iaciat
273 1252 436 1307 exuberans
457 1252 505 1307 Dei
524 1252 613 1307 nostri
628 1253 731 1324 gratia,
746 1269 810 1325 que
828 1253 922 1309 inlati·
974 1250 1114 1321 siquidem
1134 1250 1194 1306 hac
1212 1252 1340 1307 videntes
1360 1252 1553 1322 crediderunt,
1569 1253 1646 1310 idola
1665 1271 1717 1310 sua
1735 1255 1786 1310 de·

103 1344 237 1415 gabiliter
259 1349 408 1417 operetur,
431 1345 558 1418 suisque,
581 1362 651 1418 quos
676 1346 714 1400 ad
738 1346 822 1401 vitam
848 1364 923 1418 prae·
974 1347 1147 1410 struxerunt,
1176 1344 1313 1417 lucosque
1344 1345 1535 1414 succiderunt,
1561 1352 1590 1401 et
1615 1347 1645 1402 in
1672 1349 1788 1405 nomine

102 1431 265 1507 destinarit,
280 1439 433 1495 efficaciter
446 1439 619 1511 suffragatur
631 1454 682 1511 per
695 1443 797 1495 cuncta
810 1441 922 1496 sacula.
974 1437 1098 1505 Domini,
1113 1438 1218 1510 quiesi
1231 1438 1321 1494 trinus
1333 1442 1362 1495 et
1376 1455 1459 1507 unus,
1473 1439 1608 1512 baptizati
1622 1449 1695 1496 sunt.

103 1536 207 1587 Amen.
1009 1531 1117 1588 Dehinc
1143 1532 1284 1587 revelatur
1311 1532 1338 1587 ei
1364 1548 1416 1604 per
1440 1533 1578 1604 Spiritum
1602 1537 1730 1590 sanctum
1756 1538 1789 1591 ut

419 1627 472 1680 xx.
492 1627 611 1681 Morcus.
973 1631 1108 1697 pergeret
1125 1626 1159 1681 ad
1176 1625 1355 1682 Alexandriae
1374 1626 1486 1682 fanum.
1502 1628 1610 1682 hlercus
1626 1627 1715 1699 igitur
1728 1628 1787 1684 tra·
1820 1680 1823 1685 ,

134 1721 246 1774 ltarcus
265 1719 453 1791 evangelista,
468 1718 543 1773 beati
561 1718 637 1774 Petri
657 1720 777 1790 apostoli
796 1703 1064 1792 discipu-Biribus
1090 1718 1238 1787 valedixit,
1263 1723 1292 1775 et
1317 1720 1394 1791 quod
1416 1720 1443 1776 ei
1468 1720 1603 1776 divinitus
1630 1722 1787 1779 revelatum
1817 1704 1820 1709 ’

99 1812 142 1865 lus
161 1817 191 1867 et
209 1811 353 1882 interpres
372 1814 403 1866 et
421 1811 450 1866 in
472 1811 641 1882 baptismate
659 1811 735 1867 lilius
749 1812 813 1880 luit,
829 1815 920 1869 Eran·
972 1812 1065 1867 iuerat
1079 1812 1196 1868 detexit.
1208 1815 1244 1868 At
1258 1812 1300 1868 illi
1314 1829 1403 1885 usque
1417 1814 1453 1869 ad
1467 1830 1569 1869 narem
1585 1814 1679 1885 ipsum
1693 1831 1789 1885 prose·

98 1905 268 1977 geliumque
291 1904 405 1960 Domini
424 1905 515 1959 nostri
528 1905 592 1959 lesu
608 1904 711 1960 Christi
731 1906 793 1976 ejus
813 1906 850 1960 ab
871 1923 920 1961 ore
972 1905 1028 1960 cuti
1049 1909 1123 1973 sunt,
1140 1910 1168 1960 et
1187 1921 1251 1961 cum
1270 1921 1425 1976 epponem
1443 1906 1650 1964 manducantes
1669 1906 1786 1964 dimise·

97 1998 222 2070 scripsit.
250 1998 319 2067 Oui,
344 1998 417 2054 sicut
444 1998 549 2066 fertur,
575 1998 707 2068 pollicem
732 1999 787 2053 sibi
813 1999 921 2055 abscidi
971 2001 1048 2052 runt.
1064 2018 1077 2049 a
1096 1996 1241 2065 Dominus,
1261 1999 1404 2070 inquiunt,
1423 2000 1503 2054 lesus
1523 2000 1650 2058 Christus
1668 2016 1785 2072 prospe-

93 2091 174 2161 t'ecit,
192 2095 225 2146 nt
239 2091 398 2146 sacerdotio
417 2089 556 2162 reprobus
574 2089 735 2159 haberetur,
752 2107 805 2146 nec
825 2095 921 2148 tamen
971 2107 1034 2145 rum
1049 2091 1200 2146 lacialiter
1217 2095 1309 2147 tuum.
1326 2113 1340 2141 ιι
1354 2093 1404 2147 Dic
1418 2099 1515 2147 autem
1531 2093 1652 2164 septimo
1663 2093 1786 2149 hieran·

96 2184 134 2240 ah
147 2184 289 2256 apostolis
303 2184 479 2256 repudiatus,
498 2183 569 2255 quin
584 2199 683 2239 eorum
704 2185 843 2240 electione
858 2186 920 2257 epi·
971 2184 1063 2239 driam
1077 2185 1217 2254 pervenit,
1231 2190 1260 2238 et
1278 2185 1312 2240 de
1330 2185 1461 2241 navicula
1479 2202 1610 2258 egressus
1628 2186 1663 2240 ad
1685 2187 1785 2242 urbem

95 2293 202 2350 scopus
221 2277 401 2333 alexandriae
422 2277 625 2348 praeficeretur.
646 2279 726 2333 tlunc
746 2276 848 2334 beatus
866 2280 919 2334 Pe·
970 2278 1140 2350 properavit.
1155 2278 1214 2333 ilex
1234 2280 1265 2332 ut
1281 2278 1422 2334 civitatem
1443 2279 1586 2350 ingressus
1604 2283 1655 2346 est,
1674 2279 1784 2335 calcea-

96 2377 170 2442 trus,
186 2387 255 2427 cum
274 2371 305 2425 in
323 2370 396 2425 urhe
416 2371 506 2425 Roma
526 2374 611 2438 esset,
630 2370 745 2438 vocavit,
766 2374 795 2426 et
813 2371 843 2428 in
865 2373 918 2427 lta·
970 2373 1100 2425 mentum
1123 2371 1184 2442 ejus
1207 2371 1369 2442 disruptum
1391 2376 1442 2426 est.
1466 2392 1480 2419 (ι
1503 2373 1584 2439 Vera,
1609 2372 1710 2444 inquit,
1732 2372 1785 2428 iter

96 2466 168 2521 liam
185 2464 223 2520 ad
238 2463 452 2535 praedicandum
471 2463 606 2534 gentibus
624 2463 796 2519 destinavit:
813 2485 827 2514 «
845 2465 918 2529 Quid
969 2479 1066 2519 meum
1080 2464 1245 2536 expeditum
1258 2468 1311 2520 est.
1326 2485 1340 2515 ιι

97 2558 154 2625 hic,
175 2558 282 2630 inquit,
302 2557 451 2612 nobiscum
473 2557 616 2612 moraris?
636 2559 707 2612 Ecce
729 2558 764 2612 de
787 2558 919 2614 omnihus
1004 2548 1110 2613 Deinde
1132 2558 1235 2613 beatus
1254 2558 1297 2613 sir
1318 2559 1540 2614 calceamentum
1559 2559 1671 2614 cuidam
1695 2559 1784 2616 sutori

96 2668 165 2725 quse
186 2650 258 2707 lecit
277 2652 357 2708 lesos
378 2651 539 2706 Nazarenus
560 2649 688 2706 eruditus
712 2667 752 2706 es.
774 2653 865 2723 Surge
889 2654 919 2706 et
969 2656 1095 2705 veterum
1111 2651 1226 2706 nomine
1237 2652 1345 2707 aniano
1358 2651 1559 2723 corrigendum
1574 2651 1690 2707 tradidit
1697 2669 1706 2721 ;
1722 2652 1782 2725 qui,

96 2745 257 2817 Aquileiam
273 2760 374 2818 perge,
387 2741 483 2817 ibique
502 2744 615 2816 populis
633 2744 768 2816 dogmata
781 2761 856 2800 rere
870 2762 918 2801 sa·
968 2759 1034 2799 cum
1061 2745 1220 2816 injunctum
1246 2761 1317 2816 opus
1344 2745 1466 2814 iaceret,
1491 2745 1633 2800 sinistram
1661 2762 1782 2801 manum

97 2840 164 2895 lutis
182 2854 297 2911 sparge.
312 2861 326 2889 ιι
341 2839 421 2894 Trrnc
433 2839 540 2893 llarcus
552 2837 677 2909 primam
690 2842 798 2894 sortem
812 2839 916 2910 praedi·
968 2855 1048 2893 suam
1069 2839 1182 2893 fortiter
1199 2838 1368 2906 vulneravit,
1389 2842 1418 2892 et
1438 2839 1568 2909 protinus
1588 2839 1756 2894 exclamavit
1773 2857 1780 2894 :

96 2932 219 2988 mtionis
232 2938 262 2988 et
273 2932 408 2988 baculum
420 2931 605 3003 pontificatus
617 2931 737 3002 accepit,
754 2931 917 3003 injunctum
970 2952 982 2981 a
998 2932 1075 2987 Unus
1092 2937 1134 2986 est
1148 2931 1231 2986 Dens.
1247 2952 1261 2981 ιι
1277 2930 1361 2995 Quod
1378 2937 1410 2987 ut
1427 2931 1525 2987 beatus
1540 2933 1648 2987 Marcus
1662 2931 1781 3000 audivit,

96 3028 152 3082 iter
165 3026 297 3098 arripuit,
313 3030 342 3082 et
360 3024 529 3098 Aquileiam,
545 3041 608 3097 qua
627 3040 661 3080 ex
682 3024 840 3081 civitatibus
859 3027 916 3082 lta·
927 3067 954 3142 C
968 3025 1094 3096 gaudens
1108 3024 1185 3079 intra
1194 3041 1224 3079 se
1236 3024 1323 3080 dixit:
1339 3045 1352 3072 a
1364 3025 1532 3096 Prosperum
1544 3026 1609 3080 iecit
1620 3025 1676 3080 iter
1686 3041 1782 3081 meum

96 3120 142 3175 lire
156 3120 252 3191 prima
266 3118 479 3188 est,venit.1bi
498 3119 653 3191 quemdam
669 3117 805 3189 juvenem
822 3119 915 3190 lepro·
968 3118 1115 3174 Dominus.
1139 3140 1153 3167 ιι
1174 3117 1317 3174 Continuo
1338 3118 1367 3173 in
1387 3117 1532 3173 dextoram
1555 3135 1636 3173 suam
1658 3119 1781 3190 exspuit,

97 3230 173 3280 snm,
187 3213 307 3269 nomine
320 3211 475 3280 ataulfum,
488 3212 573 3267 Ultini
591 3211 708 3267 illustris
728 3214 757 3266 et
773 3211 858 3283 primi
877 3213 915 3268 ci·
967 3228 1144 3283 manumque
1158 3211 1211 3266 viri
1225 3226 1389 3283 perungens
1408 3209 1498 3267 dixit:
1517 3232 1531 3262 ιι
1544 3213 1574 3266 ln
1588 3211 1704 3267 nornine
1717 3214 1781 3268 lesu

95 3307 190 3362 sitatis
202 3305 307 3373 lilium,
322 3305 438 3375 invenit,
453 3322 517 3360 eum
531 3321 586 3377 qno
600 3306 710 3361 locutus
723 3322 842 3361 manum
855 3307 916 3376 ejus
966 3305 1070 3360 Christi
1084 3305 1144 3360 Filii
1165 3305 1214 3359 Dei
1227 3305 1281 3358 viri
1302 3306 1418 3359 sanatur
1440 3321 1539 3359 manus
1557 3305 1622 3360 ista.
1637 3329 1651 3354 ιι
1666 3306 1700 3359 Et
1713 3323 1781 3361 con·

96 3404 125 3455 et
142 3399 295 3455 brachium
309 3399 509 3471 apprehendit.
524 3399 585 3454 llox
601 3398 682 3470 lepra
699 3399 734 3454 de
753 3415 839 3454 mann
855 3399 916 3470 eJus
966 3399 1060 3454 testim
1084 3403 1183 3454 sanata
1204 3404 1256 3453 est.
1277 3400 1363 3454 Sutor
1384 3398 1479 3470 itaqua
1502 3399 1687 3454 considerans
1710 3399 1781 3453 tarrti

96 3497 125 3548 et
139 3493 260 3549 brachio
276 3492 418 3547 mundata
434 3495 486 3548 est.
505 3495 563 3548 tloe
582 3492 681 3547 ridens
694 3492 816 3563 juvenis,
833 3492 916 3547 citius
966 3493 1015 3548 riri
1031 3492 1188 3564 potentiam
1203 3498 1231 3547 et
1243 3490 1321 3546 verbi
1333 3491 1395 3561 ejus
1408 3491 1574 3561 efficaciam,
1587 3492 1708 3564 vitaeque
1719 3509 1782 3547 con·

97 3587 131 3641 ad
144 3591 260 3658 patrem
272 3585 408 3652 cucurrit,
423 3591 452 3641 et
469 3585 568 3641 omnia
586 3600 651 3657 quae
665 3586 773 3641 llarcus
790 3584 816 3641 ei
831 3585 914 3641 iecis-
966 3586 1142 3656 ctinentiam,
1158 3584 1314 3640 obsecravit
1328 3600 1394 3639 eum
1408 3588 1439 3638 ul
1453 3584 1482 3639 in
1497 3584 1616 3640 domum
1632 3603 1712 3640 suain
1730 3586 1779 3641 de·

97 3686 137 3734 set
154 3680 236 3736 tetus
253 3678 406 3734 enarravit.
422 3679 531 3733 Uanus
547 3694 617 3750 ergo
633 3694 697 3733 cum
712 3694 816 3750 magna
831 3678 915 3734 turba
965 3678 1095 3746 clinaret,
1110 3693 1271 3749 panemque
1289 3693 1355 3732 cum
1369 3693 1402 3732 eo
1416 3676 1590 3732 comederet.
1606 3678 1699 3732 Latus
1711 3695 1780 3750 ergo

97 3774 214 3828 calenus
234 3771 325 3841 seuit,
347 3775 376 3827 et
398 3772 523 3827 Marcum
546 3771 724 3827 residentem
745 3772 781 3826 ad
802 3775 914 3844 portam
964 3772 1071 3827 Marcus
1093 3771 1238 3843 ingressus
1260 3770 1379 3826 domum
1400 3769 1631 3825 benedictionem
1654 3771 1732 3826 dedit
1752 3776 1781 3826 et

96 3865 305 3922 Occidentalam
324 3864 446 3933 invenit,
466 3880 591 3936 eumque
611 3869 642 3920 nt
659 3865 750 3919 illium
769 3881 853 3921 suum
873 3881 914 3920 sa·
964 3865 1125 3920 orationem
1139 3864 1223 3933 ludit,
1236 3878 1389 3936 veramque
1402 3863 1489 3919 iidem
1501 3863 1682 3918 audientibus
1697 3880 1781 3918 evan-

96 3964 176 4014 uaret
193 3975 298 4032 rogare
318 3958 412 4030 coepit.
427 3957 581 4014 Sanitatem
600 3974 668 4013 vero
687 3958 877 4030 promittenti,
890 3959 914 4014 si
965 3958 1105 4029 gelizarit,
1116 3962 1144 4012 et
1156 3956 1326 4029 sapientiam
1338 3957 1425 4028 hujus
1438 3956 1536 4012 mundi
1549 3956 1701 4012 stultitiam
1717 3974 1778 4013 esse

95 4053 237 4120 crederet,
251 4069 283 4106 se
301 4051 331 4106 in
346 4053 503 4107 Dominum
521 4054 617 4107 lesum
636 4051 752 4107 credere
771 4051 912 4122 perhibet.
963 4052 1040 4124 apud
1061 4051 1212 4106 Dominum
1231 4050 1361 4106 asseruit.
1381 4050 1530 4105 veracibus
1551 4065 1666 4123 quoque
1687 4050 1780 4106 verbis

95 4147 168 4202 Tunc
190 4147 302 4201 tlarcus
319 4145 455 4216 juvenem
476 4145 640 4216 baptizarit,
661 4151 692 4199 'et
711 4146 804 4200 omnis
822 4145 857 4201 ab
879 4162 913 4201 eo
963 4145 1046 4216 signe
1063 4147 1093 4199 et
1108 4143 1239 4215 prodigia
1253 4143 1282 4198 in
1302 4143 1420 4198 nomine
1440 4142 1551 4197 Domini
1571 4146 1780 4214 consequenter

95 4240 174 4312 lepra
189 4238 316 4295 recessit.
336 4238 386 4293 llio
404 4238 499 4310 itaque
517 4240 627 4307 sanato,
646 4238 755 4293 Uanus
772 4255 838 4294 curn
851 4245 912 4296 tota
963 4237 1085 4293 addidit.
1101 4239 1134 4291 Et
1147 4236 1283 4300 Ananias,
1297 4252 1362 4291 cum
1379 4238 1437 4290 tota
1449 4236 1534 4291 dorno
1547 4253 1599 4292 sua
1612 4242 1640 4292 et
1653 4237 1782 4291 multitu·

95 4334 201 4388 familia
214 4347 266 4387 saa
278 4332 440 4403 baptizatus
455 4337 508 4386 est.
523 4331 671 4388 Multitudo
686 4347 800 4404 quoque
815 4332 912 4403 populi
962 4331 1027 4386 dine
1039 4330 1211 4398 vicinorum,
1225 4329 1346 4385 credidit
1359 4334 1445 4400 atque
1460 4328 1615 4402 baptizatus
1627 4330 1657 4385 in
1671 4330 1780 4402 pradi-

96 4426 123 4480 in
133 4428 184 4482 ilia
196 4426 244 4482 die
256 4425 400 4496 baptizata
413 4431 465 4480 ast.
481 4426 547 4480 Post
558 4424 720 4497 aliquantos
732 4440 823 4480 annos
837 4425 909 4480 llar-
920 4431 951 4505 Ι)
961 4424 1074 4479 catione
1090 4423 1221 4495 magistri
1236 4423 1349 4493 adjutor
1363 4422 1481 4478 exstitit.

95 4536 141 4574 eus
162 4518 340 4574 desideravit
362 4519 476 4573 Petrum
498 4518 606 4587 videre,
631 4517 777 4589 voluitque
802 4518 911 4573 occulte
998 4519 1084 4572 Porro
1105 4516 1261 4571 idololatra
1274 4515 1468 4583 Alexandrini,
1484 4520 1636 4586 postquam
1655 4531 1707 4585 per
1724 4517 1781 4570 Ga·
1851 4548 1855 4553 ·

95 4613 205 4684 plebem
225 4611 371 4668 dimittere
388 4616 418 4667 et
437 4612 558 4667 Romam
573 4610 662 4666 adire.
678 4610 757 4674 Quod
774 4615 844 4666 nutu
864 4611 912 4666 Dei
962 4610 1069 4664 lilaeum
1083 4609 1300 4680 predicatorem
1315 4624 1380 4662 suos
1394 4608 1465 4663 ritus
1475 4607 1721 4680 ceremoniasque
1733 4607 1782 4664 de-

95 4704 302 4778 comperientes
316 4704 417 4776 populi
435 4704 560 4760 diluculo
579 4707 774 4771 cucurrerunt,
790 4709 820 4759 et
834 4704 909 4759 voci·
961 4703 1031 4758 strui
1046 4702 1187 4767 viderunt,
1204 4701 1285 4756 illum
1301 4700 1462 4755 interlicere
1474 4699 1662 4772 quaesierunt,
1676 4705 1705 4757 et
1719 4702 1782 4773 plu·

94 4800 218 4855 tenutas
244 4803 278 4855 ut
302 4803 447 4871 pastorem
473 4799 515 4853 eis
544 4798 625 4853 daret
650 4798 806 4868 petierunt.
834 4799 911 4854 Tunc
960 4797 1046 4852 rimas
1067 4795 1184 4851 insidias
1204 4795 1231 4850 ei
1254 4800 1420 4866 posuerunt.
1439 4795 1536 4848 Beatus
1558 4799 1654 4850 autem
1672 4795 1783 4852 tlarcus

95 4894 281 4965 Hermagoras
296 4878 431 4963 apopulo
449 4890 555 4947 electus
571 4895 622 4958 est,
636 4895 665 4946 et
682 4907 699 4946 a
717 4890 799 4946 beato
819 4891 911 4947 tlarco
960 4906 1120 4962 agnoscens
1136 4889 1254 4945 consilia
1266 4904 1376 4956 eorum,
1388 4886 1529 4942 hnanium
1543 4887 1650 4943 ibidem
1667 4888 1783 4945 ordina·

94 4987 213 5042 Romam
231 4984 387 5057 perductus
408 4989 459 5040 est.
479 4984 549 5039 lhia
569 4984 654 5040 beato
674 4986 758 5041 Petro
779 4984 911 5056 apostolo
960 4984 1000 5038 vit
1015 4984 1193 5056 episcopum,
1209 4989 1238 5038 et
1255 4987 1313 5037 tres
1331 4981 1521 5053 presbyteros,
1535 4980 1678 5049 Melinum,
1695 4982 1774 5039 Sari-

94 5079 324 5152 pmtoepiscopus
340 5079 493 5150 provincia
513 5077 602 5134 ltaliae
620 5078 712 5133 iactus
730 5083 782 5145 est,
799 5083 826 5132 et
847 5082 912 5150 post
960 5094 1029 5132 num
1056 5081 1084 5132 et
1111 5077 1281 5144 Cerdonem,
1307 5079 1334 5130 et
1361 5092 1398 5129 vn
1425 5074 1570 5141 diaconos,
1598 5074 1726 5146 aliosque
1753 5094 1783 5148 x1

93 5174 181 5228 multa
195 5171 344 5243 miracula,
359 5187 423 5244 quae
436 5174 509 5227 Deus
520 5170 550 5226 in
562 5171 667 5242 populo
680 5187 733 5242 per
745 5171 828 5225 illum
842 5188 911 5242 ope·
959 5171 995 5226 ad
1010 5170 1234 5225 ecclesiasticum
1261 5169 1456 5225 ministerium
1475 5167 1662 5239 pertinentes.
1677 5169 1783 5225 Deinde

93 5271 170 5321 ratus
183 5267 237 5332 est,
251 5266 364 5322 Narone
382 5264 556 5337 imperante,
571 5264 624 5319 sub
640 5264 755 5320 Sevesto
774 5264 909 5336 preside,
959 5263 1135 5335 Pentapolim
1151 5263 1255 5334 pergit,
1277 5269 1305 5318 et
1317 5262 1428 5318 ibidem
1448 5261 1558 5317 duobus
1577 5262 1660 5316 annis
1672 5262 1782 5333 deguit,

92 5374 155 5415 cum
170 5359 326 5423 Portunata
344 5358 544 5413 archidiacono
562 5374 592 5413 ιιι
610 5357 675 5413 idus
688 5357 754 5412 Jnlii
773 5358 909 5430 martyri-
959 5361 1044 5428 atque
1059 5357 1170 5422 tratres,
1182 5356 1230 5429 qui
1241 5355 1585 5412 anteailliccrediderant
1596 5354 1779 5425 confortarit,

93 5457 238 5508 natusest.
960 5451 1108 5522 episcopos
1130 5467 1183 5522 per
1204 5450 1334 5522 regiones
1356 5448 1418 5504 illas
1439 5452 1469 5504 et
1491 5448 1609 5503 clericos
1632 5448 1782 5505 ordinavit.

122 5547 227 5602 beatas
245 5559 314 5600 raro
334 5545 454 5613 iterem,
470 5547 569 5601 sancto
588 5546 671 5600 Patro
689 5545 819 5616 apostolo
834 5559 909 5617 pre·
959 5546 1066 5600 lterum
1087 5543 1288 5599 Alexandriam
1307 5542 1395 5611 venit,
1416 5547 1445 5597 et
1463 5541 1567 5597 fratres
1588 5541 1616 5596 in
1641 5543 1732 5614 matta
1755 5549 1784 5598 at

89 5641 226 5711 cipiantc,
242 5637 374 5709 regimen
388 5637 563 5693 Alexandria
575 5637 652 5694 sedis
664 5637 796 5710 suscepit,
811 5641 841 5692 et
852 5637 910 5710 pri·
959 5636 1016 5692 tide
1038 5636 1241 5707 multiplicatos
1265 5636 1385 5708 reperit.
1408 5634 1565 5693 Ecclesiam
1597 5651 1664 5691 vero
1689 5633 1787 5691 ridens

89 5746 154 5790 ιιιιιι
172 5732 204 5789 in
224 5736 304 5790 terra
323 5730 437 5805 AEgypti
455 5730 599 5791 Christum
614 5730 797 5806 predicarit;
812 5729 842 5789 in
860 5747 907 5790 re·
960 5732 1152 5790 conshuctam
1173 5728 1208 5787 ab
1227 5729 1266 5789 eis
1282 5729 1313 5788 in
1327 5729 1391 5789 loco
1409 5728 1458 5804 qui
1472 5728 1627 5788 recabatur
1645 5726 1768 5787 bucolia
