3750 6046
145 180 214 241 {407
856 181 994 239 annium
1014 181 1046 235 tv
1066 182 1161 237 PAPAE
1763 179 1827 237 lib8

142 315 185 366 tas
197 327 254 366 uon
269 307 413 381 relinquit.
424 311 590 382 Eapropter,
605 309 699 366 dilecti
715 311 744 364 in
759 310 951 377 Douiinoiiiii,
964 309 1141 394 Ailomanae
1151 304 1827 381 Ecclesiapresbytericardiualisetcsuceliarii,

143 405 243 460 vestris
263 403 347 474 justis
367 404 605 475 postulationihus
624 404 783 459 clementer
804 404 957 460 annuimus
1008 419 1034 456 vr
1049 403 1113 457 idus
1125 402 1210 471 lunii,
1225 403 1377 458 indictione
1393 419 1429 469 vv,
1447 401 1654 456 iucarnationis
1670 399 1826 456 [lominica

144 501 172 553 et
185 497 261 552 Beati
276 496 415 552 vincentii
434 497 567 569 martyris
585 497 742 564 ecclesiam,
758 497 793 553 ad
812 500 958 569 exemplar
1009 512 1084 551 anuo
1100 498 1178 563 ιι56,
1194 496 1374 567 pontificatus
1387 511 1453 551 vern
1476 494 1577 551 domui
1599 493 1727 549 Adriani
1748 509 1828 565 papae

143 589 390 661 praedecessorum
411 594 574 646 nostrorum
589 590 681 646 felicis
703 591 850 646 memoriae
871 592 956 646 iuuo-
1007 590 1050 655 lli,
1066 606 1140 644 anno
1155 590 1290 645 secundo.

146 683 233 738 centii
244 687 273 738 et
294 684 372 738 Lucii
385 685 576 740 Romanorum
592 684 759 756 pontificum
782 701 837 739 una
858 688 958 740 vestrae
1392 683 1434 738 ct.

146 777 377 849 congregationis
399 777 520 849 collegio
539 784 567 832 et
588 794 653 833 cum
668 778 800 833 omnihus
825 778 860 833 ad
882 794 959 833 cam·
1007 788 1123 855 fingenii
1144 788 1187 840 m
1208 789 1366 841 septemium
1390 785 1422 840 de
1444 786 1633 840 canonicorum
1654 785 1685 839 s,
1710 784 1827 839 ,qum

144 871 212 926 dens
235 871 381 926 ecclesiam
405 871 613 942 pcrtinentibus
633 872 685 926 sub
705 871 959 943 apostolicaesedis
1044 866 1089 920 dri
1102 871 1128 920 ct
1141 868 1168 922 S.
1189 868 1323 924 Vincentiv'
1334 867 1523 934 bergomatem
1535 865 1726 919 controuersia
1739 866 1830 932 corvfir·

142 965 263 1020 tutelam
285 951 552 1037 protectionemque
569 966 738 1036 suscipimus
758 971 787 1019 et
807 965 958 1036 praeseutis
1044 952 1111 1001 mai·

143 1057 239 1129 scripti
264 1058 369 1129 pagina
390 1059 610 1113 communimus.
635 1057 793 1113 Stetuimus
822 1061 852 1112 ut
873 1074 957 1129 quus·

145 1168 256 1223 cunque
282 1150 474 1223 possessiones
507 1151 536 1206 in
562 1152 697 1219 ecclesiis,
727 1151 848 1224 oppidis,
876 1151 957 1220 villis,
1127 1126 1715 1199 [LUPb0⁰d·d⁵i'³⁰m·ssif9⁰m·2limbi

147 1244 265 1300 decimis
288 1250 318 1300 et
337 1245 530 1300 nundinarum
546 1245 703 1300 redditibus
722 1261 773 1300 seu
791 1245 854 1300 aliis
876 1245 959 1300 rebus
1043 1246 1184 1301 Annrsuus
1201 1246 1360 1316 episcopus,
1375 1261 1470 1299 serrus
1481 1259 1634 1299 servorum
1650 1241 1827 1308 Dei,diicctis

146 1339 245 1394 eadem
264 1339 381 1394 ecclesia
402 1339 649 1410 inpraesentiarum
669 1338 745 1409 juste
769 1345 798 1394 et
819 1338 958 1394 canonice
1008 1337 1075 1393 liliis
1107 1340 1270 1395 Lssrntuco
1304 1337 1454 1410 praeposito
1485 1339 1659 1409 caterisque
1688 1335 1828 1390 canonicis

146 1432 280 1503 possidet,
303 1437 352 1487 aut
376 1432 552 1487 infuturum
573 1431 756 1487 concessione
780 1431 958 1504 pontificum,
1009 1431 1107 1487 Sancti
1117 1429 1828 1503 AlexandriPergaurensisejusqucsuccessoribus,

146 1525 314 1581 liberalitate
338 1542 439 1597 regum
462 1526 506 1580 vel
529 1525 701 1597 principum,
725 1525 868 1581 oblatione
889 1525 959 1580 iide-
1010 1525 1039 1579 in
1053 1532 1222 1597 perpetuam
1236 1525 1418 1579 memorium.

147 1616 227 1682 ilum,
240 1635 289 1674 seu
302 1619 363 1674 aliis
374 1619 563 1691 justismodis
576 1618 794 1688 rationabiliter,
808 1619 960 1674 auxiliante
1046 1619 1115 1683 Qua
1130 1634 1146 1672 a
1166 1618 1421 1690 praedecessoribus
1450 1618 1553 1672 nostris
1573 1633 1667 1688 supcr
1688 1632 1830 1672 causamn

146 1711 274 1780 ilornino,
290 1713 393 1784 poterit
406 1712 532 1785 adipisci,
549 1712 634 1768 firma
647 1712 724 1768 vobis
736 1712 891 1784 vestrisque
902 1728 961 1767 suc·
971 1724 1000 1795 B
1012 1711 1112 1784 litigiis
1128 1712 1335 1766 rationabiliter
1348 1714 1455 1766 statuta
1471 1728 1531 1766 esse
1546 1714 1714 1765 noscuntur
1727 1718 1831 1781 aposto

147 1807 303 1861 sessoribus
316 1806 344 1860 iu
359 1811 529 1878 perpetuum
543 1812 572 1861 et
584 1806 691 1860 illibata
706 1812 907 1877 permaneant.
1013 1805 1074 1860 firm
1094 1804 1168 1859 sedis
1190 1808 1303 1876 oportet
1324 1805 1480 1859 munimine
1500 1803 1645 1860 roborari.
1663 1805 1830 1875 Eaproptcr,

184 1899 367 1954 Deceruimus
390 1915 459 1971 ergo
472 1902 504 1954 ut
517 1900 641 1971 quaudiu
659 1899 689 1954 iu
712 1900 855 1954 canonican
876 1899 961 1954 disci·
1012 1898 1107 1953 dilecti
1121 1898 1149 1952 iu
1169 1898 1290 1953 Domino
1305 1898 1365 1964 fviii,
1379 1899 1440 1969 paci
1452 1903 1480 1953 et
1499 1898 1586 1969 quieti
1609 1904 1719 1952 vestrae
1741 1898 1829 1968 provi·

147 1992 234 2063 plinae
265 1993 444 2048 observantia
473 1993 708 2064 permanseritis,
738 1991 809 2047 nulii
843 1991 962 2047 omnino
1013 1991 1081 2046 dere
1098 1992 1232 2059 volentes,
1248 1992 1523 2063 sententiamquam
1539 1990 1687 2045 intervos
1704 1996 1734 2045 et
1752 2006 1830 2045 cauo·

147 2085 296 2140 hominurn
310 2086 393 2141 licent
410 2086 558 2141 ecclesiam
574 2092 695 2140 vestram
716 2091 827 2141 temere
848 2088 961 2157 pertur-
1012 2084 1090 2139 uicos
1122 2085 1215 2140 Sancti
1247 2084 1384 2140 Vincentii
1415 2100 1500 2155 super
1530 2084 1713 2154 quibusdam
1749 2084 1830 2139 caruis

147 2176 225 2248 bare,
239 2183 289 2233 aut
303 2180 363 2250 ejus
387 2179 579 2252 possessiones
595 2180 718 2246 auferre,
733 2179 778 2233 vol
796 2178 902 2233 ablatas
922 2195 964 2233 rc·
1013 2177 1088 2233 uude
1111 2179 1187 2232 iuter
1212 2195 1261 2233 vos
1284 2183 1312 2232 et
1335 2194 1383 2233 eos
1401 2177 1596 2233 controversia
1612 2177 1712 2233 fuerat
1737 2176 1831 2232 diuina

147 2272 249 2341 tinere,
274 2273 415 2342 minuere,
436 2274 477 2327 vei
500 2272 672 2344 importunis
694 2272 828 2345 augariis,
850 2289 898 2328 scu
918 2275 961 2327 te·
1013 2272 1121 2343 agitata
1136 2272 1227 2327 felicis
1243 2271 1443 2327 recordationis
1456 2287 1529 2343 papa
1543 2271 1710 2343 fingenius,
1728 2272 1830 2343 praede-

149 2366 283 2421 merariis
302 2366 499 2421 vexationibus
518 2367 650 2438 fatigare,
665 2365 715 2420 sed
734 2365 831 2420 omnia
851 2365 963 2436 integra
1013 2369 1232 2448 cessoruoster,
1247 2370 1308 2437 post
1323 2365 1509 2420 sufficientem
1525 2365 1554 2418 iu
1572 2366 1739 2435 praeseutia
1752 2372 1832 2420 suaet

1262 1016 1435 1087 (Beneventi,
1449 1017 1513 1071 lun.
1528 1016 1566 1085 9.)

149 2464 680 2531 conserventureorum,proquomm
703 2459 912 2531 gubernatione
935 2464 964 2514 et
1013 2460 1136 2514 fratrum
1165 2476 1283 2514 suorum
1308 2458 1433 2529 ejusdcm
1455 2458 1665 2514 controversiae
1691 2459 1832 2514 discussio-

149 2554 354 2609 snstentetionc
381 2570 512 2609 concessa
545 2558 632 2622 sunt,
662 2553 756 2607 usibus
791 2551 963 2608 omnimodis
1013 2570 1090 2620 nem,
1105 2553 1314 2607 curumunicatu
1328 2552 1541 2607 cumfratribus
1557 2552 1767 2620 suiscousilio,
1781 2570 1832 2624 pro

148 2647 308 2718 profutura.
340 2648 539 2703 interdicimus
573 2648 659 2703 etiam
687 2651 715 2701 nt
746 2664 797 2701 nec
819 2647 961 2718 episcopo,
987 2662 989 2666 ⁴
1013 2646 1294 2718 mulgavitctbeatae
1308 2646 1832 2718 memoriaspapesituastasiusasser·

149 2756 201 2794 nec
215 2740 429 2813 archiepiscopo
442 2742 535 2811 liceat,
551 2757 605 2795 nce
627 2741 713 2796 etiarn
730 2739 811 2795 alicui
831 2756 963 2811 persuum
1013 2740 1097 2795 tionis
1113 2757 1171 2794 sure
1186 2741 1291 2811 pagina
1306 2739 1495 2807 confirmavit,
1512 2756 1565 2793 nos
1578 2741 1740 2810 praesentis
1753 2740 1829 2811 scrip·

148 2833 266 2888 facultas
280 2833 316 2888 sit
336 2840 435 2890 vestrae
453 2833 667 2890 communitatis
688 2834 764 2888 bona
784 2835 812 2888 in
834 2831 964 2904 proprios
1014 2834 1035 2888 ti
1063 2833 1221 2887 numimiuc
1246 2834 1425 2898 roboramus,
1441 2837 1469 2886 ct
1490 2833 1646 2903 perpetuis
1665 2832 1830 2905 temporibus

151 2926 395 2996 nsusdcflectere,
416 2929 473 2983 sive
493 2929 523 2982 in
543 2926 716 2983 beneficium
739 2926 800 2982 aliis
820 2926 899 2994 dare,
919 2927 963 2980 vel
1014 2932 1105 2981 ratem
1139 2933 1168 2981 et
1204 2927 1398 2981 inconvulsam
1429 2925 1618 2980 decerminus
1655 2943 1828 2999 permanere.

150 3020 367 3092 quibuscunque
382 3022 443 3076 aliis
465 3021 559 3076 modis
579 3038 596 3076 a
611 3020 767 3092 praebenda
780 3020 900 3075 fratrum
921 3019 963 3074 vel
1015 3020 1167 3076 Constituit
1180 3020 1320 3091 siquidem
1337 3025 1367 3073 ut
1380 3018 1539 3090 presbyteri
1554 3020 1771 3090 pergamensis
1782 3020 1828 3091 epi·

150 3113 296 3167 communi
323 3114 446 3169 utilitate
469 3114 606 3169 alienare.
630 3112 794 3169 Locationes
824 3129 890 3168 vero
916 3087 1002 3167 senc
1016 3120 1156 3185 scopetus,
1171 3114 1221 3184 qui
1237 3120 1300 3185 post
1318 3113 1413 3168 datam
1437 3128 1453 3165 a
1477 3111 1570 3166 felicis
1596 3115 1755 3169 memoriae
1773 3130 1829 3185 papa

152 3207 401 3273 commutationes,
416 3211 466 3262 aut
478 3205 673 3262 investitiones
685 3206 888 3278 praedictumm
902 3206 965 3260 ubs-
1018 3211 1182 3267 innocentio
1203 3211 1415 3284 praedecessore
1437 3217 1534 3266 nostro
1559 3212 1747 3268 seutentiam
1767 3213 1827 3268 ordi·

151 3314 207 3369 que
226 3300 372 3355 communi
395 3300 513 3356 fratrum
536 3299 653 3355 consilio
675 3301 837 3356 nullatenus
860 3316 964 3374 perpe·
1016 3305 1075 3360 uati
1091 3309 1167 3372 suut,
1183 3304 1241 3359 sive
1255 3305 1305 3377 qui
1321 3304 1457 3376 deinceps
1479 3303 1718 3376 ordinabuntur,
1733 3306 1829 3377 utrique

152 3393 274 3463 trentur,
291 3410 344 3449 nec
359 3393 578 3467 hujusmodijus
588 3394 768 3467 abepiscopo
783 3394 825 3448 vel
838 3392 967 3465 personis
1016 3398 1142 3454 ecclesiae
1159 3398 1327 3453 fidelitatem
1344 3397 1517 3466 exhibeant3
1535 3399 1607 3454 etsi
1624 3401 1759 3455 canonici
1776 3400 1829 3455 San·

149 3486 324 3557 quibuslibet
339 3488 501 3556 invadatur,
518 3490 595 3544 saiva
610 3495 706 3544 tamen
720 3487 856 3543 canonica
868 3487 965 3542 catbo·
1016 3492 1053 3548 cti
1067 3492 1206 3547 Vincentii
1229 3492 1357 3564 recipere
1381 3492 1454 3547 forte
1476 3492 1632 3549 noluerint
1658 3494 1831 3550 nihilomiuus

147 3578 267 3636 licomm
283 3582 481 3654 episcoporum
495 3580 911 3654 Pergmneusiumreverentia.
1017 3603 1078 3642 carn
1101 3585 1228 3641 ecclesiae
1247 3590 1348 3641 vestrae
1371 3585 1497 3640 debcant
1519 3586 1678 3643 exhibere.
1694 3589 1734 3644 lle
1755 3587 1831 3659 puni·
1871 3606 1873 3615 ·

187 3674 214 3730 Si
230 3676 387 3746 quaigitur
401 3677 588 3748 inposterum
603 3676 840 3747 archiepiscopus,
861 3674 967 3746 episco·
1017 3680 1113 3736 tentiis
1128 3682 1224 3735 autem
1247 3680 1301 3734 boc
1320 3679 1393 3734 iuter
1413 3695 1463 3733 vos
1477 3679 1634 3735 observari
1656 3683 1793 3754 praecepit
1809 3684 1831 3733 ut

151 3783 214 3839 pus,
230 3768 399 3841 imperator,
414 3786 470 3838 rex,
488 3770 555 3839 dur,
569 3769 712 3841 princeps,
728 3784 825 3824 comes
836 3768 967 3823 autvice-
1017 3773 1179 3846 presbyteri
1195 3772 1281 3828 totius
1298 3771 1495 3844 Pergameusis
1517 3773 1723 3847 episcopatus,
1736 3776 1831 3847 quoties

152 3879 257 3931 comes,
273 3863 330 3919 sive
350 3863 486 3944 quaelibet
503 3863 690 3918 ecclesiastiea
707 3862 884 3920 saecularisve
898 3878 963 3934 per·
1016 3884 1067 3940 pro
1081 3867 1200 3940 publicis
1212 3866 1380 3921 criminibus
1390 3866 1644 3937 adpoeuitentiam
1655 3869 1832 3941 parochianos

152 3972 231 4026 sona,
246 3965 300 4014 ete,
1016 3978 1079 4016 suos
1100 3960 1284 4027 adduxerint,
1301 3962 1452 4032 utramque
1473 3966 1590 4032 partem
1616 3963 1758 4018 studeant
1779 3980 1830 4017 mu·
1871 3980 1873 3987 ·

186 4052 246 4121 Ego
259 4051 400 4106 Adrianus
411 4049 556 4105 catholicae
569 4048 695 4104 ecclesias
708 4049 867 4121 episcopus.
1015 4071 1126 4117 vocare,
1149 4058 1177 4108 ct
1197 4053 1361 4110 nullatenus
1383 4053 1490 4124 absque
1512 4056 1673 4126 praepositi
1695 4058 1782 4112 vestri
1801 4058 1832 4111 rei

188 4144 247 4216 Ego
266 4144 355 4200 Guido
374 4143 466 4215 presb.
484 4143 561 4198 card.
576 4143 618 4197 tit.
635 4142 729 4198 Sancti
743 4142 929 4214 Chrysogoni,
1018 4148 1100 4203 nnius
1131 4148 1358 4219 presbyterorum
1391 4146 1519 4202 ecclesiae
1548 4152 1658 4205 vestrae
1692 4156 1833 4223 praesentes
1871 4166 1873 4171 ·

189 4238 248 4310 Ego
269 4237 610 4309 Hubalduspresh.cssrd·
629 4237 672 4290 iil·
689 4236 799 4292 Sancta}
820 4235 964 4292 praxedis·
1016 4241 1176 4299 criminosis
1215 4241 1270 4295 iliis
1305 4240 1471 4313 punitentia
1506 4240 1703 4315 injungatur.
1739 4245 1834 4316 Adjeciv

189 4334 246 4404 Ego
260 4331 437 4386 ilnmhaldus
452 4330 545 4402 presb.
568 4330 647 4385 card.
671 4331 713 4385 tit.
735 4329 847 4385 Sanctae
870 4331 966 4387 Crucis
1016 4336 1105 4391 etiam
1120 4335 1192 4389 utin
1206 4351 1304 4389 mensa
1317 4335 1441 4407 episcopi
1457 4335 1484 4389 iu
1503 4335 1628 4391 sinistra
1644 4343 1733 4410 parte
1744 4355 1836 4412 praepo

152 4426 182 4481 iu
192 4427 361 4481 Jerusalem.
976 4430 1087 4528 Dsitus
1098 4428 1226 4484 ecclcsiae
1237 4431 1337 4483 vcstrae
1348 4427 1473 4499 primum
1487 4427 1584 4483 locum
1603 4430 1746 4490 obtineat
1754 4439 1782 4489 et
1790 4449 1838 4488 sues

188 4521 246 4593 Ego
271 4518 438 4575 Octavianus
463 4517 557 4590 presb.
581 4517 660 4572 card.
683 4516 726 4572 tit.
755 4518 864 4574 Sancite
889 4518 966 4575 Ceci·
1019 4539 1109 4596 penos
1124 4539 1153 4577 se
1169 4522 1286 4577 ciericos
1300 4521 1411 4576 babeat.
1428 4522 1535 4577 Statuit
1557 4532 1716 4594 praetcrea
1731 4531 1765 4583 ut
1781 4543 1838 4600 que·

154 4612 209 4668 liae.
1018 4617 1073 4672 tics
1104 4616 1134 4671 in
1166 4615 1308 4671 consuetis
1344 4615 1576 4687 processionibus
1621 4620 1661 4675 ad
1702 4623 1839 4679 missarum

190 4709 249 4780 Ego
263 4708 387 4762 ioannes
401 4706 495 4778 presb.
509 4704 661 4760 cardinalis
674 4705 841 4761 Sanctorum
855 4706 969 4761 ioannis
1018 4709 1156 4765 solemnia
1178 4708 1348 4764 celebranda
1371 4708 1499 4764 canonici
1520 4710 1627 4769 Sancti
1650 4715 1798 4773 Vincentii
1814 4715 1840 4771 ed

153 4806 180 4857 ct
196 4801 274 4856 Pauli
292 4802 335 4855 tit.
351 4799 506 4855 Pamnchii.
1018 4809 1141 4859 vestram
1162 4801 1312 4858 ecclesiam
1331 4803 1462 4858 venerint
1477 4820 1505 4857 tv
1521 4806 1659 4875 parietes
1681 4811 1767 4867 chori
1782 4811 1840 4883 pari

189 4897 248 4967 Ego
269 4894 402 4950 iicnricus
423 4894 518 4966 presb.
535 4893 613 4948 card.
636 4893 682 4948 tit.
700 4893 870 4948 Sanctorum
885 4893 968 4948 Nerei
1018 4899 1069 4953 sice
1084 4897 1113 4952 iu
1131 4897 1249 4952 ecclesie
1269 4896 1331 4968 ipsa
1354 4897 1510 4964 obtineant,
1526 4903 1555 4953 ct
1583 4901 1617 4956 iu
1637 4903 1753 4976 vigiliis
1776 4907 1838 4960 ilem

154 4996 182 5044 et
197 4988 326 5044 ilchiiici.
1018 4991 1138 5047 illatoris
1160 4995 1188 5046 et
1210 4991 1239 5044 iu
1261 4990 1333 5046 festo
1356 4990 1496 5061 ejusdem,
1521 5008 1579 5048 uec
1606 4999 1721 5055 nonin
1742 5000 1841 5058 tisana

189 5086 248 5154 Ego
268 5085 392 5139 ioannes
411 5082 505 5154 presb.
533 5081 610 5136 card.
637 5080 680 5135 tit.
708 5082 878 5136 Sanctorum
907 5081 964 5152 Syl·
1018 5084 1197 5157 Gregoriauis
1219 5101 1285 5139 cum
1302 5084 1417 5139 incenso
1440 5088 1469 5139 et
1487 5101 1568 5159 aqua
1588 5088 1765 5166 benedicta,
1780 5110 1840 5150 cau·

153 5177 237 5232 vestri
250 5182 279 5232 et
290 5177 413 5232 liartini.
1018 5178 1100 5252 panis
1121 5177 1248 5250 pulsatis,
1271 5194 1322 5250 per
1343 5195 1480 5249 personas
1502 5187 1619 5240 vestras
1635 5188 1763 5245 eosdem
1777 5203 1842 5244 cano

189 5272 246 5342 Ego
261 5270 322 5326 Odu
337 5271 409 5326 diac.
424 5269 501 5325 card.
516 5268 560 5324 tit.
575 5268 670 5325 Sancti
685 5267 799 5341 Georgii
817 5267 854 5323 ad
868 5270 969 5324 Veium
1020 5274 1097 5328 uiros
1111 5271 1265 5328 honorilice
1280 5272 1448 5344 suscipiatis.
1464 5273 1540 5329 Cum
1561 5283 1674 5337 autem
1691 5283 1729 5339 ad
1743 5283 1841 5339 ddunt·

153 5363 291 5419 Aureum.
1021 5371 1116 5422 iorum
1129 5365 1277 5438 exsequias
1293 5366 1335 5421 vei
1350 5365 1411 5421 aliis
1426 5365 1530 5423 diebus
1544 5370 1709 5433 vobiscum
1724 5377 1757 5433 iu
1769 5376 1841 5433 eccle

187 5456 247 5529 ligo
266 5456 358 5514 Guido
374 5457 451 5513 diac.
472 5457 516 5513 tit.
530 5457 641 5514 Sanctae
657 5455 750 5513 llarioe
764 5455 794 5511 iu
807 5456 933 5514 Porticu.
1021 5460 1061 5515 sie
1076 5460 1137 5532 ipsa
1152 5460 1337 5515 convenerint
1349 5462 1441 5515 totum
1455 5460 1586 5521 chorum
1601 5467 1744 5527 ecclesia
1760 5474 1840 5527 vestre

190 5550 249 5621 Ego
277 5549 337 5608 0do
360 5550 434 5607 diac.
455 5550 532 5608 card.
555 5550 650 5608 Sancti
671 5550 777 5606 Nicolai
798 5550 828 5606 iu
851 5551 969 5609 Carcere
1020 5570 1085 5610 cum
1102 5554 1143 5609 eis
1162 5553 1270 5626 pariter
1283 5553 1413 5610 teneatis.
1428 5553 1549 5621 Quoties
1571 5574 1647 5618 vero
1662 5579 1719 5621 vos
1736 5561 1840 5622 cumeis

152 5643 294 5701 Tvrllieuo.
1020 5648 1051 5703 tn
1072 5646 1303 5704 solemnitatibus
1324 5647 1367 5703 vel
1386 5648 1532 5722 exsequiis
1551 5657 1754 5717 mortuorum
1768 5658 1807 5714 vet
1818 5656 1838 5711 ιι

184 5739 291 5799 ortum
310 5737 468 5799 Beneventi
491 5753 544 5819 per
562 5753 683 5799 manum
707 5738 842 5813 lietardi,
866 5742 972 5799 sancte
1021 5742 1086 5802 eliis
1110 5740 1309 5813 conveneritis,
1323 5741 1493 5821 praepositus
1511 5746 1656 5811 smnio
1670 5758 1776 5813 roim
1791 5766 1837 5841 pu·
