3750 6046
76 224 129 281 ter
491 221 648 288 lllS'l'Oth
666 224 934 292 recensuerint.
948 261 983 276 -
996 228 1084 291 PARS
1102 236 1137 292 ll.
1153 265 1187 279 -
1200 236 1263 294 lle.
1284 228 1331 295 ul.
1707 235 1760 302 298

74 365 127 422 pro
150 351 241 408 natali
266 352 326 408 solo
348 356 456 411 certare
481 360 595 428 paratus
620 374 694 414 sum.
717 359 758 414 Tu
784 362 890 431 aulem,
902 359 1194 445 Acircumveuieutes
1205 360 1313 434 aliquot
1325 361 1413 419 millia
1426 363 1593 422 insecuisse
1607 370 1755 423 momento

75 444 168 501 irater
186 447 237 517 mi,
256 448 358 521 quovis
369 448 401 505 iu
418 466 486 523 pace
504 451 618 524 quiesce
636 456 665 509 et
678 455 814 510 eventum
827 455 894 511 belli
944 452 1118 510 deleverunt.
1143 455 1233 510 Simili
1258 456 1345 512 modo
1367 456 1411 512 bis
1434 458 1537 514 iterum
1561 460 1660 533 lugam
1684 463 1754 519 Nor-

74 540 255 612 prrestolare,
271 558 309 599 ue
327 542 404 599 clara
419 544 536 602 libertas
556 547 712 620 Auglorum
731 553 847 606 corruat
862 549 893 606 in
943 546 1041 602 manni
1069 547 1288 617 simulaverunt,
1317 553 1347 605 et
1371 550 1552 624 insequentes
1576 554 1680 627 huglos
1710 573 1754 613 re·

75 640 121 688 tua
135 635 279 706 pernicie.
295 658 309 688 s
942 644 1027 712 pente
1061 642 1168 714 gyratis
1201 642 1282 714 equis
1311 643 1541 717 interceperunt,
1573 650 1602 702 et
1632 646 1756 706 inclusos

107 729 158 784 llis
181 729 281 803 itaque
304 730 410 788 auditis
433 733 625 804 sermonibus,
645 736 783 793 lleraldus
805 737 890 794 vehe-
942 734 1070 807 undique
1102 740 1304 793 mactaverunt.
1333 738 1439 811 Auglos
1470 739 1566 811 itaque
1597 741 1756 813 periculosa

72 827 189 880 menter
203 824 436 896 estindiguatus.
451 827 608 884 Consilium
622 828 708 899 istud,
725 830 802 903 quod
818 831 890 887 ami·
942 828 1122 885 simulatione
1156 829 1349 903 deceperunt,
1378 831 1535 903 disjunctos
1566 834 1602 889 ab
1632 835 1755 892 invicem

70 916 109 972 cis
122 917 242 974 salubre
259 917 419 988 videbator,
433 919 546 993 sprevit,
563 924 592 977 et
609 937 780 995 germanum
795 942 889 995 suum,
941 926 1133 994 peremerunt,
1149 922 1303 996 multisque
1318 923 1444 981 millibus
1462 927 1608 983 trucidatis
1628 929 1755 987 residuos

71 1011 117 1082 qui
127 1010 257 1067 fideliter
269 1011 296 1068 ei
310 1012 523 1086 consiliabatur,
538 1016 672 1072 conviciis
687 1017 815 1088 irritavit,
831 1035 891 1076 ma·
940 1014 1059 1071 alacrius
1074 1016 1202 1088 aggressi
1218 1021 1292 1073 sunt.
1307 1017 1475 1075 Institeruut
1487 1019 1527 1074 eis
1544 1023 1755 1092 cenomannici,

71 1107 208 1177 tremque
228 1121 322 1175 suam,
343 1122 408 1178 quae
428 1107 513 1164 nimis
533 1108 628 1180 ipsum
647 1109 772 1168 retinere
792 1128 890 1169 secum
942 1108 1052 1177 Franci,
1066 1109 1203 1177 Britanni,
1218 1110 1363 1182 Aquitani,
1378 1115 1407 1167 et
1421 1111 1621 1170 miserabiliter
1635 1131 1758 1188 pereun-

70 1197 231 1271 satagehat,
252 1199 326 1272 pede
351 1201 512 1272 procaciter
533 1205 682 1274 percussit.
707 1204 811 1263 Deinde
838 1221 890 1279 per
940 1204 983 1257 les
996 1201 1138 1258 cadebant
1151 1203 1246 1276 Angli.

69 1308 115 1349 sex
135 1291 201 1349 dies
219 1293 349 1366 undique
364 1295 483 1367 populos
503 1296 539 1352 ad
555 1296 663 1354 bellum
678 1298 786 1368 ascivit,
802 1299 887 1356 iunu—
976 1296 1250 1353 interfuerunthuic
1266 1298 1366 1369 praelio
1385 1300 1552 1356 Eustachius
1571 1301 1692 1360 Boloniae
1706 1320 1754 1361 co·
1867 1369 1873 1377 ,

70 1400 182 1442 meram
199 1387 418 1445 multitudinem
435 1391 593 1462 anglorum
610 1392 761 1461 contraxit,
776 1409 887 1450 secum·
940 1406 1013 1458 mes,
1030 1389 1196 1446 Guillelmus
1210 1390 1344 1447 Riohardi
1360 1392 1536 1449 Ebroieensis
1548 1396 1659 1452 comitis
1670 1396 1753 1468 illius,

69 1493 121 1552 que
151 1480 303 1537 adducens
334 1482 364 1539 iu
392 1483 486 1542 hostes
511 1484 547 1539 ad
578 1501 706 1558 pugnam
732 1486 886 1544 festinavit,
939 1481 1088 1539 Goifredus
1100 1484 1234 1539 Retronis
1247 1485 1403 1541 deuteria
1418 1487 1529 1543 comitis
1543 1489 1626 1558 illiue,
1641 1491 1756 1548 Guillel-

69 1574 214 1631 Noctnrno
239 1575 385 1648 siquidem
408 1593 457 1634 seu
481 1578 633 1651 repentino
653 1580 766 1636 incursu
793 1581 888 1638 minus
938 1590 1004 1630 mus
1020 1576 1143 1632 osberni
1156 1577 1242 1645 illius,
1256 1577 1417 1634 llodbartus
1433 1581 1486 1635 tiro
1503 1580 1616 1654 llogerii
1637 1583 1671 1640 de
1689 1584 1753 1640 Bel·

69 1673 165 1724 oantos
179 1668 347 1742 opprimere
361 1671 515 1744 cogitabat,
529 1676 558 1728 et
570 1688 606 1728 ne
619 1673 750 1746 perfugio
765 1674 885 1745 abirent,
937 1666 1066 1725 lemonte
1100 1669 1192 1739 illius,
1227 1670 1403 1727 haimericus
1433 1673 1598 1730 Toarcensis
1630 1692 1752 1749 praeses,

70 1763 269 1836 „pungentes
288 1779 375 1820 nm,
392 1765 509 1821 armati,
529 1769 646 1823 musta,
660 1767 691 1822 in
707 1769 780 1824 mari
794 1785 884 1842 oppo.
896 1757 924 1830 Β
936 1763 1016 1836 lingo
1040 1763 1261 1822 stabulariorum
1287 1781 1397 1836 comes,
1424 1768 1563 1824 Galterius
1594 1767 1754 1841 Giphardus

10 1914 12 1921 Ι
69 1860 173 1914 guent·
188 1857 279 1929 Cujus
294 1858 528 1916 accelerationem
544 1860 699 1918 willelmus
714 1860 772 1918 dux
789 1866 819 1918 ut
836 1880 885 1920 flu.
937 1860 966 1911 Ob
983 1856 1147 1930 liudulphus
1159 1858 1302 1928 Toessltess,
1317 1859 1398 1933 Hllsso
1413 1860 1449 1918 (ιθ
1464 1862 1711 1919 Grenlemaisnilio
1725 1865 1755 1920 Oh

10 1932 13 2027 l
69 1950 144 2019 divit,
167 1967 271 2009 omnes
293 1968 358 2009 suos
378 1953 484 2009 armari
504 1970 589 2010 mane
611 1954 729 2012 sabbati
747 1956 841 2028 jussit,
858 1958 888 2014 et
938 1947 1104 2006 Guillelmus
1114 1951 1149 2007 de
1161 1951 1301 2020 Gareuna,
1312 1952 1418 2026 aliique
1428 1954 1612 2028 quamplures
1623 1955 1754 2013 militaris

10 2046 12 2139 q
68 2042 122 2118 59„
138 2044 264 2102 missam
281 2045 607 2115 audiviqgtnomjnicis
621 2049 806 2106 sacramentis
821 2067 885 2107 001».
936 2045 1111 2115 praestantiae
1124 2044 1201 2101 lama
1214 2045 1442 2115 celebratissimi,
1459 2052 1487 2104 et
1498 2064 1621 2121 querum
1635 2048 1755 2107 nomina

67 2156 114 2212 pus
127 2143 161 2196 et
174 2139 306 2196 animam
317 2140 449 2212 munivit,
459 2141 651 2215 reliquiasque
665 2147 787 2213 sanctas,
799 2160 887 2217 super
936 2135 1120 2194 historiarum
1133 2138 1327 2195 voluminibus
1341 2139 1416 2196 inter
1427 2140 1652 2199 bellicosissimos
1671 2160 1752 2200 com·

67 2249 133 2306 qq„
147 2234 292 2291 flemma,
301 2235 456 2307 jamme,
470 2235 542 2293 00110
555 2253 606 2292 ³00
618 2237 767 2294 humiliter
780 2255 886 2312 appan.
938 2230 1071 2287 mendari
1084 2230 1196 2288 deceat.
1211 2232 1368 2290 Willelmus
1381 2250 1446 2291 vero
1460 2235 1517 2291 dux
1530 2251 1628 2293 eorum
1643 2242 1755 2309 praesta·

15 2328 18 2333 ·
65 2326 110 2383 dit,
124 2327 275 2401 affligem}
292 2344 407 2401 quoque
424 2328 477 2384 viri
491 2334 669 2402 pugnaturos
682 2347 697 2387 θ
711 2331 885 2388 Nomannia
937 2322 987 2378 bat
1001 2324 1042 2379 eis
1059 2324 1225 2382 fortitudine
1245 2330 1275 2381 et
1290 2326 1451 2399 prudentia.
1467 2328 1536 2384 Nam
1554 2328 1602 2385 ille
1623 2328 1755 2388 nobiliter

65 2419 196 2478 mimi
219 2421 347 2478 fuel-ang,
369 2421 440 2477 Nam
461 2421 517 2478 (100
537 2422 696 2495 pontifices,
717 2424 777 2481 0d0
801 2425 884 2496 gajo.
935 2417 1094 2473 exercitum
1122 2418 1212 2489 duxit,
1237 2418 1374 2476 cohibens
1400 2420 1510 2492 lugam,
1536 2422 1607 2478 dans
1630 2425 1751 2481 animos.

10 2544 12 2577 ;
65 2515 153 2570 censis
182 2519 216 2571 et
246 2513 395 2572 Goiiredus
425 2515 642 2585 Constantinus,
668 2515 789 2573 aderant
819 2535 884 2575 cum
935 2510 1055 2583 Peliclffi
1071 2511 1174 2581 ⁸⁰⁰i¹¹b
1194 2513 1298 2587 Sael)ius
1315 2514 1488 2571 Clamafflul
1505 2515 1646 2586 Vflssiffflts
1664 2534 1753 2590 ΨΜ

64 2608 215 2664 monachis
235 2610 264 2664 et
281 2608 390 2664 clericis
409 2608 521 2676 multis;
537 2625 658 2681 quorum
681 2609 806 2666 officium
825 2616 885 2668 eret
930 2603 1037 2675 jub⁰ss⁸
1052 2604 1102 2660 ire·
1117 2606 1147 2660 1¹¹
1166 2605 1242 2662 bello
1259 2611 1317 2662 ires
1335 2607 1402 2680 equi
1419 2607 1471 2663 ⁸1¹1)
1487 2624 1522 2665 ⁰0
1538 2608 1661 2666 0011f⁰⁵³i
1673 2610 1748 2668 0001·

65 2718 195 2775 pugnare
209 2701 346 2775 ppgpihug
360 2703 390 2757 gt
406 2701 541 2758 consiliis,
555 2703 666 2758 Bellum
683 2720 702 2760 11
717 2703 783 2760 Idus
798 2705 882 2762 0020-
934 2696 1052 2768 detulil3
1073 2702 1118 2754 iel*
1137 2699 1184 2754 ille
1205 2699 1367 2772 intrepidus
1385 2700 1512 2772 desiluit,
1530 2718 1583 2759 llec
1602 2701 1652 2759 diu
1672 2721 1750 2762 mols

65 2793 126 2867 bris,
148 2795 228 2852 hora
248 2794 343 2865 tertia,
363 2797 547 2853 commissum
566 2802 619 2866 est,
640 2800 754 2870 totaque
776 2798 821 2855 die
845 2799 883 2854 ad
933 2790 1052 2846 rectoris
1074 2791 1165 2848 inulte
1188 2792 1335 2849 remansit.
1360 2793 1455 2863 Scuta,
1480 2794 1575 2867 galeas
1597 2800 1626 2853 et
1649 2797 1751 2856 loricas

10 2942 12 2963 Ι
65 2889 224 2947 multorum
253 2888 376 2945 millium
402 2888 560 2963 perniciem
590 2907 625 2947 ex
653 2896 773 2965 utraque
800 2897 883 2965 perte
935 2881 1008 2939 iram
1033 2900 1171 2940 mucrone
1194 2902 1364 2959 mmmmm
1386 2885 1560 2959 dedignante
1582 2890 1751 2962 penetravit,

10 2982 12 3007 ⁵
64 2983 202 3040 ,gemme
216 2987 378 3055 pugnarum
392 2985 444 3039 est,
458 2985 517 3040 Dux
530 2983 757 3040 Normannorum
775 2985 883 3058 pedites
933 2977 1088 3050 clypeoque
1106 2995 1158 3034 soo
1177 2979 1333 3036 nonnullos
1350 2979 1463 3048 collisit,
1476 2981 1639 3056 auxilioque
1654 2981 1752 3042 meltis

10 3068 12 3155 ζ
65 3076 171 3150 sagittis
189 3079 321 3132 armatos
338 3081 368 3133 et
385 3076 495 3134 balistis
516 3076 547 3133 in
567 3078 660 3135 fronte
681 3079 793 3148 locavit,
812 3079 882 3136 item
933 3087 1050 3126 ⁸⁰0r11m
1069 3074 1156 3143 atque
1176 3072 1270 3141 saluti,
1285 3072 1359 3129 sicut
1375 3076 1493 3130 econtra
1509 3074 1637 3132 hostibus
1650 3077 1749 3151 perni-

10 3168 12 3267 ἱ
65 3169 171 3242 pedites
190 3169 328 3226 loricatos
345 3171 469 3227 meando
487 3171 549 3228 loco
567 3170 723 3240 constituit,
737 3171 766 3228 in
782 3123 920 3228 ultimoC
933 3163 996 3232 ⁰505,
1011 3163 1075 3220 full·

65 3265 170 3320 turm„
190 3262 336 3336 equitum,
356 3262 387 3319 jn
408 3280 533 3336 quorum
553 3265 648 3322 medio
668 3264 723 3320 fuit
742 3266 803 3337 ipso
823 3264 881 3322 dux
966 3257 1008 3312 Ab
1032 3257 1102 3314 hero
1124 3257 1181 3314 diei
1204 3257 1289 3314 tertia
1309 3258 1418 3316 bellum
1440 3261 1542 3318 acriter
1563 3263 1748 3323 commissum

65 3367 120 3413 mm
144 3355 318 3413 firmissimo
339 3357 453 3427 robore,
477 3357 552 3414 unde
575 3357 604 3414 jn
629 3375 745 3416 omnem
768 3361 879 3432 partem
932 3353 985 3419 est,
1005 3356 1034 3406 et
1056 3351 1086 3407 in
1106 3351 1200 3423 primo
1220 3353 1344 3408 militum
1363 3368 1520 3426 congressu
1539 3357 1678 3414 lleraldus
1696 3373 1748 3417 rer

66 3449 226 3507 malms
239 3466 307 3507 ηοω
326 3456 354 3508 et
367 3467 469 3507 manu,
930 3448 1096 3518 peremptus
1113 3450 1166 3502 est.
1181 3446 1287 3503 Deinde
1303 3447 1463 3504 Leolwinus
1474 3465 1570 3505 comes
1581 3451 1670 3508 irater
1684 3453 1747 3525 ejus

92 3543 221 3602 neonem
242 3561 278 3601 ex
300 3543 434 3600 omnihus
455 3542 584 3617 undique
603 3544 768 3618 regionibus
789 3547 880 3619 copim
930 3554 994 3594 cum
1009 3539 1106 3594 multis
1118 3538 1246 3595 millibus
1261 3540 1348 3595 simili
1366 3544 1442 3597 sorte
1460 3543 1610 3600 defunctus
1623 3552 1674 3601 est.
1691 3546 1744 3602 De-

67 3638 225 3711 qngqomm
240 3637 278 3695 ad
289 3638 397 3706 locum,
410 3638 459 3711 quq
471 3639 572 3695 Serpa,
585 3638 744 3712 gurjqquug
757 3640 878 3697 vocabu.
929 3634 1019 3704 nique
1039 3632 1174 3689 inclinata
1191 3633 1254 3705 jam
1274 3632 1331 3702 die,
1346 3633 1475 3691 videntes
1495 3637 1577 3708 Angli
1598 3638 1675 3710 qued
1694 3652 1746 3696 rer

67 3733 116 3799 tur,
133 3732 343 3798 conuenerant,
363 3731 547 3805 studiumque
562 3749 645 3789 suum
664 3749 730 3804 pers
745 3734 878 3804 Haraldo,
929 3741 997 3781 silus
1010 3730 1039 3782 et
1052 3725 1186 3798 primates
1199 3727 1292 3798 regni,
1306 3727 1462 3800 multaque
1480 3729 1610 3801 legiones
1626 3748 1745 3789 suorum

67 3825 110 3881 ,gg
123 3820 222 3881 eumq
242 3822 342 3897 pmiae
361 3822 544 3896 pmgqabanq
559 3842 644 3899 quam
664 3829 766 3883 contra
784 3830 877 3883 exera.
929 3818 1097 3887 interierint,
1127 3824 1156 3875 et
1182 3818 1258 3890 quod
1285 3820 1443 3877 Normanni
1469 3822 1562 3879 adhuc
1588 3825 1745 3895 procaciter

67 3933 130 3974 ΜΟ,
162 3916 316 3974 defensam
341 3917 482 3975 volebant,
509 3918 550 3975 1hi
580 3917 711 3991 protinus
738 3936 877 3994 equorum
928 3910 1069 3982 steterint,
1089 3914 1119 3967 et
1138 3911 1305 3969 terribiliter
1325 3913 1412 3968 armis
1429 3914 1460 3969 in
1481 3914 1625 3972 obstantes
1645 3918 1743 3974 sarie·

66 4025 142 4083 opem
160 4007 354 4083 reliquerunt,
373 4011 524 4084 cunctique
544 4011 655 4084 pedites
672 4014 788 4070 densius
807 4030 876 4071 con-
927 4004 993 4073 rint,
1018 4004 1049 4060 in
1072 4005 1170 4077 lugam
1196 4005 1326 4061 conuersi
1353 4007 1523 4078 quantocius
1546 4008 1688 4080 abierunt,
1713 4013 1743 4067 et

10 4120 12 4125 -
65 4103 168 4176 gngffi
182 4104 384 4161 constiterunt,
397 4091 544 4161 'pampinus'
560 4105 635 4161 filius
648 4106 774 4163 poponi,
788 4107 875 4163 mir.
927 4102 1046 4156 eventus
1058 4098 1150 4156 varios
1169 4099 1278 4172 experti
1297 4103 1372 4156 sunt.
1385 4100 1438 4156 atii
1454 4102 1543 4175 raptis
1559 4104 1651 4176 equis,
1665 4121 1740 4162 non·

64 4197 117 4253 lum
150 4198 389 4254 normannorum
420 4199 555 4270 portavit,
583 4197 727 4256 Terribilis
757 4201 877 4274 clangor
926 4192 997 4249 nulli
1011 4190 1121 4266 pedltes
1141 4210 1206 4265 pars
1224 4209 1277 4266 per
1293 4193 1363 4261 vias,
1379 4194 1508 4268 plerique
1528 4212 1581 4268 per
1598 4198 1658 4252 avia
1678 4214 1741 4256 sese

62 4289 198 4347 lituorum
213 4307 320 4364 pugnae
333 4286 416 4364 ,lgna
430 4289 564 4365 utrinque
576 4292 688 4350 cecinit,
702 4294 877 4350 Normanno.
925 4286 1030 4341 salama
1048 4287 1143 4342 eonati
1158 4291 1234 4342 sunt.
1250 4287 1409 4343 Normauni
1424 4293 1531 4358 autem,
1545 4289 1613 4345 dom
1631 4291 1739 4365 Anglos

62 4399 120 4440 mm
133 4379 241 4440 ‚qm-1,
253 4380 376 4440 audacia
389 4382 782 4459 pugnaeprincquumquig
797 4386 876 4443 pedi.
925 4379 1025 4450 lugere
1046 4378 1188 4448 viderunt,
1210 4382 1269 4435 tota
1292 4383 1372 4435 nocte
1397 4380 1543 4436 bominiea
1565 4397 1614 4437 eos
1635 4383 1672 4439 ad
1696 4383 1740 4441 sul

61 4472 377 4550 tesitaqueliormanni
389 4478 800 4552 propiusaccedeutesllnglos
813 4485 913 4558 pren
924 4470 1130 4528 detrimentum
1145 4471 1248 4528 obnixe
1265 4471 1405 4545 persecuti
1425 4477 1501 4529 sunt.
1520 4473 1591 4529 Nam
1610 4491 1737 4533 crescen-

61 4576 167 4640 toeant,
181 4571 213 4627 et
224 4571 255 4627 in
268 4587 318 4628 eos
330 4567 481 4628 missilibus
496 4571 615 4629 uulnera
631 4586 790 4646 necemque
804 4573 872 4630 diri·
924 4568 966 4620 tes
986 4565 1083 4622 herbae
1103 4564 1254 4637 antiquum
1273 4580 1409 4637 aggerem
1427 4564 1574 4638 tegebant,
1591 4567 1640 4624 ubi
1658 4585 1735 4625 sum⁴

61 4670 138 4736 gunt.
153 4664 312 4722 illicentra
328 4663 509 4739 fortiterque
526 4661 647 4740 quisque
663 4667 739 4724 valet
756 4667 874 4740 ingenio
923 4674 1040 4732 mopere
1064 4661 1211 4714 currentes
1232 4657 1392 4714 Narmanni
1414 4674 1479 4714 cum
1500 4660 1580 4731 equis
1602 4664 1631 4716 et
1650 4660 1737 4720 armis

59 4759 203 4816 resistam.
222 4754 396 4832 Aliquandiu
409 4774 522 4816 summa
539 4759 567 4816 vi
586 4763 713 4818 certatur
731 4760 766 4818 ab
787 4761 871 4817 utris.
922 4752 1054 4822 ruebant,
1068 4769 1101 4808 ac
1118 4767 1188 4820 sese,
1205 4752 1275 4808 dum
1295 4766 1369 4806 unus
1383 4767 1471 4824 super
1483 4751 1604 4808 alterum
1617 4761 1736 4828 repente

59 4867 121 4925 que.
136 4845 283 4910 Pertinaci
297 4850 455 4925 Auglerum
472 4850 581 4911 sevitia
598 4854 741 4927 perterriti
760 4854 873 4928 pedites
922 4845 1052 4915 cadebat,
1073 4845 1194 4901 uicissim
1219 4843 1448 4916 exstinguebant.
1470 4845 1511 4900 lbi
1533 4845 1669 4904 nimirum
1687 4850 1732 4906 iu⁴

58 4941 165 5013 pariter
182 4933 349 5015 equitesque
364 4937 502 5011 britanni,
517 4945 546 4999 et
561 4946 703 5016 quotquot
720 4943 872 4999 auxiliares
923 4939 1065 5012 gientibus
1076 4938 1176 5011 buglis
1193 4937 1278 4994 rediit
1290 4936 1473 4994 confidentia.
1487 4941 1642 4997 Cemeutes
1655 4943 1734 5000 enim

59 5042 135 5091 enat
148 5032 181 5090 in
198 5031 315 5091 sinistro
335 5051 437 5105 cornu,
455 5039 631 5106 avertuntur,
645 5042 673 5093 et
692 5037 751 5093 iere
771 5039 872 5092 cuncta
921 5032 1162 5105 opportunitatem
1176 5031 1313 5105 praerupti
1326 5030 1391 5087 valli
1405 5036 1433 5086 et
1445 5032 1637 5104 frequentium
1649 5035 1734 5092 fossa⁴

58 5122 132 5185 ducis
150 5126 240 5197 acies,
256 5128 391 5186 eumdem
408 5129 471 5202 jam
490 5131 615 5186 occisum
636 5129 765 5201 credens,
783 5129 870 5186 cedit.
920 5142 995 5195 rum,
1011 5126 1041 5181 in
1062 5141 1151 5181 uuum
1172 5125 1279 5182 collecti
1298 5129 1374 5192 sunt,
1393 5124 1540 5196 inopinato
1556 5129 1732 5200 restiterunt,

58 5220 113 5277 box
136 5227 238 5279 autem
266 5221 442 5295 prospiciens
465 5223 585 5280 multam
610 5226 722 5297 partem
746 5222 870 5279 adversae
920 5222 949 5276 et
962 5220 1130 5276 Normannis
1144 5234 1279 5292 magnam
1296 5223 1422 5290 stragem
1437 5218 1548 5275 lortiter
1562 5220 1731 5279 intulerunt.

56 5314 184 5373 sadonis
205 5309 374 5389 prosiluisse
396 5319 426 5371 et
442 5316 554 5390 insequi
575 5322 658 5389 terga
677 5333 805 5387 suorum,
824 5316 869 5372 lu·
919 5311 958 5369 lbi
973 5313 1149 5386 Eugennllus
1167 5311 1327 5385 aquilensis
1339 5310 1512 5384 oppidanus,
1527 5313 1632 5386 aliique
1650 5307 1736 5372 multi

57 5408 200 5481 gientsnns
219 5408 353 5482 occurffl,
371 5414 400 5467 et
417 5409 497 5466 hasta
513 5409 665 5468 verberans
685 5413 734 5466 aut
755 5407 870 5466 minans
919 5408 1097 5476 corruerunt,
1117 5423 1160 5475 ac,
1176 5411 1205 5461 ut
1229 5407 1321 5462 fertur
1339 5404 1374 5459 eb
1396 5404 1441 5460 his
1458 5404 1509 5478 qui
1528 5405 1731 5479 interfuerunt,

56 5501 176 5560 semet
195 5501 310 5559 Nudato
328 5502 447 5576 insuper
465 5497 567 5576 capite,
587 5501 768 5577 detractaque
788 5503 871 5577 galee
919 5501 1147 5556 Normannorum
1159 5500 1218 5556 tera
1232 5497 1396 5571 quindecim
1409 5497 1499 5553 mlllia
1512 5499 1670 5570 perierunt.
1685 5502 1732 5560 Sic

56 5596 343 5665 neumanensis,
362 5590 467 5670 inquit,
488 5595 656 5670 conspicite3
675 5596 739 5654 rivo
758 5600 787 5655 et
806 5597 868 5655 vin·
920 5595 1103 5668 omnipotens
1120 5595 1202 5662 Deus,
1218 5589 1310 5666 pridie
1330 5591 1394 5647 ldus
1414 5591 1552 5662 Octobris,
1566 5593 1732 5651 innumeros

55 5704 124 5761 eam,
146 5686 309 5764 opitulante
334 5689 401 5746 ileo.
427 5711 441 5742 u
465 5691 597 5747 Protinus
618 5690 736 5765 prolatis
758 5707 775 5748 a
798 5688 869 5748 duce
918 5692 1081 5762 peccatores
1096 5686 1241 5759 utriusque
1256 5684 1407 5759 phalangis
1426 5685 1521 5757 puniit
1538 5686 1657 5743 dirersis
1671 5704 1734 5744 mo·

10 5784 18 5865 ᾗ.
55 5783 146 5842 serbis
171 5780 311 5852 cadmina,
338 5782 472 5840 cedentes
498 5784 608 5842 animos
634 5789 814 5858 receperunt,
840 5791 869 5842 et
919 5781 971 5841 dis.
989 5783 1070 5856 Nam,
1084 5781 1194 5842 senua
1206 5779 1431 5841 intolerabiliter
1444 5781 1762 5855 grassantebormau-

10 5870 38 6009 p
154 5880 297 5951 ernon,
321 5880 526 5945 curarem.
1573 5884 1617 5942 m
