3750 6046
60 190 115 247 705

483 186 639 246 ursromn
660 187 926 246 eeecnsnsncn.
940 215 975 226 -
991 183 1075 241 ems
1093 183 1136 240 m.
1156 184 1270 241 -nn
1292 183 1335 240 rx.
1404 162 1409 167 ’

1695 186 1746 244 tot

60 320 151 373 totam
164 317 347 374 Latinitatem
358 317 483 390 reliquit,
496 324 524 373 et
539 317 746 390 baptizatorum
763 333 880 390 gregem
930 313 965 369 de
990 313 1114 369 exercitu
1128 313 1256 368 Tolosani
1273 312 1447 368 Raimuudus
1462 312 1566 368 Piletus
1591 316 1619 368 et
1640 313 1744 370 dchar-

60 410 231 480 tcrmidans,
245 412 321 467 inter
338 410 486 484 allophilos
500 411 605 467 diutius
621 411 769 479 exsulavit,
785 414 813 466 et
827 428 879 483 per

60 521 94 562 ιι
117 521 210 561 anuos
233 505 305 561 ritus
323 521 424 561 eorum
447 509 530 578 atque
553 505 728 562 locutionem
748 504 876 560 edidicit.

60 598 213 671 Susceptus
234 615 303 671 ergo
318 615 336 654 a
354 599 547 655 Normannico
568 598 649 667 duce,
673 597 797 654 multum
820 596 878 653 suis

58 691 180 764 profuit,
195 697 225 747 et
244 708 337 748 mores
352 691 481 748 ethnicos
496 708 528 747 ac
543 691 792 764 tergiversationes
807 690 874 747 sub·

59 785 154 855 dolas,
181 787 210 841 et
231 785 360 854 fraudes,
387 785 489 859 quibus
513 790 610 841 contra
634 784 732 841 ildeles
758 784 876 854 callent,

57 878 229 934 enucleavit.
251 878 342 935 Cosan
369 878 467 950 etiam,
492 878 690 934 nohilishcros
712 881 741 933 et
764 879 876 950 potens,

57 973 94 1027 de
126 973 283 1028 ‘lurcorum
314 972 460 1044 prosapia,
486 972 660 1028 Christianos
687 973 762 1027 ultro
789 970 876 1039 adiit,

58 1065 216 1137 multisque
232 1065 324 1121 modis
340 1065 377 1121 ad
392 1065 560 1138 capiendam
576 1064 676 1120 urbem
690 1081 740 1120 eos
757 1063 875 1136 adjuvit.

56 1159 90 1213 lu
105 1159 250 1216 Christum
271 1159 350 1215 enim
374 1157 650 1226 fidelitercredebat,
667 1164 695 1214 et
711 1174 789 1213 sacro
808 1157 875 1229 bap·

56 1252 175 1308 tismate
182 1252 348 1325 regenerari
354 1251 533 1324 peroptabat.
552 1252 676 1324 ldeoque
692 1251 875 1320 nostratibus,

56 1349 91 1401 ut
113 1345 214 1401 amicis
228 1349 257 1401 et
272 1345 416 1415 tratribus,
437 1346 472 1400 ab
494 1344 681 1401 obtinendum
690 1345 775 1400 decos
788 1343 877 1399 Palae-

54 1439 140 1495 stiuae
150 1442 179 1495 et
189 1439 371 1511 metropolim
384 1438 506 1494 llavidici
518 1438 611 1511 regni,
623 1454 807 1511 summopere
818 1438 877 1493 eui·

931 408 983 463 dus
996 407 1031 462 de
1055 407 1221 462 llontmerlo
1235 412 1263 461 et
1286 405 1453 462 Cuillelmus
1466 406 1501 462 de
1516 407 1606 463 Sabra
1619 411 1647 463 ct
1662 423 1743 463 com-

928 500 1033 556 milites
1046 500 1185 569 exierunt,
1198 499 1353 570 etquidem
1366 499 1476 572 pedites
1488 499 1525 555 ad
1536 516 1616 556 mare
1627 517 1740 573 proces-

928 601 1037 650 serunt.
1056 594 1113 650 Sua
1123 610 1190 650 vero
1203 592 1300 650 conlisi
1312 593 1439 664 avrdecia,
1454 594 1489 649 ad
1505 599 1618 666 portum
1639 594 1744 650 milita-

927 692 1041 756 verunt;
1065 687 1114 744 sed
1126 688 1161 743 ab
1176 686 1298 743 invicem
1323 686 1403 743 divisi
1423 691 1506 756 sunt;
1527 687 1675 744 incertum
1695 688 1746 744 ha-

927 782 1028 838 bemus
1041 798 1077 837 an
1088 781 1239 850 industria,
1252 799 1288 837 an
1304 781 1357 836 vire
1372 781 1427 837 hoc
1438 781 1545 837 lactum
1558 781 1594 837 sit
1608 781 1742 853 ignoran-

927 874 976 930 tia.
989 875 1114 948 Triginta
1127 892 1231 948 nempe
1241 875 1349 930 milites
1360 875 1419 947 qui,
1433 874 1518 931 aliam
1527 875 1602 930 viam
1612 875 1742 947 gradien-

927 974 980 1036 tes,
995 984 1012 1024 a
1027 967 1109 1024 sociis
1122 968 1243 1041 sejuncti
1266 970 1342 1035 sunt,
1365 972 1481 1023 centum
1502 967 1620 1037 Arabes,
1639 969 1744 1024 ‘lurcos

928 1066 957 1115 et
973 1061 1142 1117 Sarracenos
1165 1061 1200 1117 de
1220 1061 1344 1117 exercitu
1371 1061 1533 1117 admiravisi
1560 1062 1742 1130 invenerunt,

927 1157 956 1210 et
967 1155 1102 1210 audacter
1114 1156 1242 1227 aggressi
1258 1159 1334 1221 sunt,
1357 1159 1386 1210 et
1407 1154 1436 1210 in
1455 1154 1585 1226 prelium
1601 1171 1741 1212 convene·

926 1253 1003 1303 runt.
1030 1248 1071 1303 llli
1096 1264 1161 1304 vero
1177 1266 1193 1304 e
1211 1248 1329 1320 regione
1352 1247 1536 1320 pertinaciter
1560 1249 1737 1319 restiterunt,

927 1340 1082 1413 confisique
1101 1341 1284 1397 multitudine
1308 1358 1368 1410 sue,
1395 1341 1479 1396 multi
1493 1358 1598 1414 paucos
1615 1341 1738 1398 circum·

928 1434 1088 1490 cinxerunt.
1103 1434 1264 1490 sarracenis
1277 1434 1353 1490 enim
1369 1433 1392 1489 is
1405 1434 1505 1489 modus
1522 1437 1565 1489 est
1581 1433 1740 1507 pugnandi.

55 1531 166 1604 fragani
187 1532 343 1605 satagebat.
360 1532 409 1588 llic
432 1532 514 1589 tertia
534 1532 696 1600 obsidionis,
715 1532 819 1587 milites
840 1546 876 1586 ex
925 1527 1167 1585 lamChristiauos
1177 1527 1359 1597 incluserant,
1364 1527 1425 1599 jam
1442 1527 1477 1583 de
1490 1527 1630 1584 mortibus
1641 1544 1741 1584 corum

54 1626 225 1682 Christianis
239 1626 370 1681 exierunt
391 1631 491 1696 castra,
508 1625 687 1683 Raimundus
701 1625 807 1681 scilicet
830 1625 876 1679 Pi·
929 1620 1089 1693 garrientes
1113 1620 1304 1689 confidebant,
1320 1637 1385 1676 cum
1409 1622 1528 1677 nuntius
1542 1621 1739 1677 Raimuudum

55 1718 142 1788 letus,
157 1724 186 1775 et
200 1719 377 1775 liaimundus
391 1719 425 1775 de
437 1720 569 1786 taurina,
583 1735 648 1774 cum
658 1718 720 1773 aliis
732 1717 873 1790 pluribus,
884 1723 913 1796 Β
925 1714 1044 1770 Piletum
1069 1714 1229 1770 vociferans
1250 1714 1289 1770 sic
1313 1713 1435 1770 excivit:
1460 1715 1522 1773 Nisi
1532 1717 1677 1772 citissimus
1703 1715 1742 1770 ud

56 1813 318 1884 circumspiciendi,
334 1813 377 1867 vel
398 1812 582 1885 depraedandi
597 1811 876 1882 causa;etinventos
927 1810 1120 1864 commilitones
1146 1813 1205 1864 tuos
1227 1809 1385 1872 mutaveris,
1417 1809 1554 1864 currilium
1574 1809 1741 1881 prebiturus

54 1905 165 1961 Arabes
179 1906 319 1962 ducentos
336 1906 509 1974 invasemut,
527 1910 732 1978 superaverunt
747 1910 777 1961 et
789 1904 873 1977 tuga·
925 1905 1077 1966 sisennas
1101 1917 1151 1972 pro
1165 1908 1234 1958 certo
1256 1905 1383 1959 omisisti.
1397 1904 1460 1958 lum
1476 1905 1545 1958 enim
1565 1903 1600 1958 ub
1623 1903 1742 1959 inimicis

56 2003 174 2054 rerunt.
189 1999 291 2055 llultos
308 2003 402 2054 autem
418 1998 593 2067 occiderunt,
608 1998 704 2070 ibique
717 2015 770 2053 xxx
785 2014 873 2070 equos
926 1995 1127 2052 circumuallati
1136 2001 1211 2059 sunt,
1227 1995 1316 2051 adhuc
1342 2001 1430 2051 tumen
1443 1999 1580 2067 rrtcunque
1601 2011 1628 2052 sc
1649 1995 1740 2062 defen·

56 2092 323 2165 apprehenderunt.
343 2092 391 2148 llis
405 2093 446 2148 ita
459 2092 555 2165 gestis,
572 2092 678 2148 alacres
691 2093 725 2148 ad
747 2108 811 2147 suos
825 2108 870 2146 re·
927 2089 1005 2144 dunt.
1025 2089 1073 2144 llis
1087 2088 1201 2157 auditis,
1215 2089 1340 2144 habenas
1352 2089 1460 2157 laxant,
1475 2088 1631 2144 calcaribus
1644 2089 1737 2146 corui·

57 2187 133 2241 versi
152 2189 229 2242 sunt.
928 2182 1014 2254 pedes
1041 2186 1155 2254 urgent,
1180 2187 1209 2237 et
1232 2183 1308 2238 dicto
1329 2182 1412 2238 citius
1425 2198 1524 2238 omnes
1547 2182 1688 2251 advolant,
1711 2185 1741 2239 et

93 2279 176 2335 seria
191 2280 325 2347 secunda,
341 2282 505 2335 constanter
519 2280 706 2352 impetierunt
720 2278 873 2348 civitatem,
927 2281 1012 2337 scutis
1026 2280 1188 2353 pectoribus
1208 2280 1346 2353 oppositis
1359 2281 1456 2337 turbas
1471 2280 1564 2337 contis
1578 2281 1736 2353 depellunt,

57 2377 86 2428 et
102 2376 180 2440 tuuc,
195 2378 227 2429 ut
238 2372 385 2445 putabant,
396 2389 497 2429 revera
508 2373 731 2446 prevaluissent,
747 2372 771 2427 si
786 2372 875 2427 scalas
925 2373 1068 2446 oppositos
1081 2373 1234 2445 disjiciunt,
1259 2374 1452 2448 uuusquisque
1473 2391 1556 2430 suum
1570 2373 1670 2430 sternit
1681 2374 1737 2430 hu·
1840 2419 1847 2429 ,

57 2465 234 2521 sufficienter
245 2470 460 2538 praeparassent.
473 2466 640 2524 straverunt
650 2470 746 2521 tamen
756 2481 870 2521 murum
925 2468 976 2524 mi.
992 2469 1028 2523 Ex
1055 2467 1210 2540 improviso
1230 2468 1323 2540 ignari
1345 2474 1507 2540 supersunt,
1521 2472 1552 2524 et
1572 2484 1635 2524 rem
1648 2472 1738 2525 totam
1806 2466 1809 2470 ⁸

59 2558 248 2631 exteriorem,
271 2562 299 2615 at
315 2561 417 2616 scalam
440 2577 525 2616 unam
543 2563 667 2617 erectam
684 2559 875 2615 admoverunt
924 2562 1027 2635 gladiis
1041 2562 1236 2635 committunt,
1251 2563 1362 2635 [leoque
1383 2562 1502 2635 juvante
1515 2563 1736 2634 prevaluerunt.

58 2654 95 2708 ed
117 2653 296 2709 interiorem.
319 2653 409 2726 Super
421 2654 499 2710 illam
514 2671 582 2710 vero
598 2653 720 2710 vicissim
737 2652 874 2710 ascende·
926 2656 1037 2713 Ethnici
1062 2656 1118 2711 duo
1140 2672 1237 2711 rursus
1257 2657 1373 2728 agmina
1397 2659 1533 2725 statuere,
1553 2661 1686 2729 putantes
1709 2671 1740 2712 se
1822 2702 1825 2707 .

59 2746 133 2803 bant
146 2746 298 2804 Christiani
311 2748 427 2817 milites,
444 2754 471 2805 et
485 2749 613 2804 cominus
628 2747 827 2820 preliabantur
844 2746 872 2802 iu
925 2766 1007 2822 posse
1029 2749 1172 2820 resistere,
1196 2765 1249 2804 uec
1275 2749 1423 2822 quidpiam
1447 2751 1604 2821 proiecere.
1636 2748 1738 2805 Franci

56 2857 144 2896 muro
159 2857 223 2896 crim
245 2841 417 2911 sarracenis,
442 2849 471 2898 et
485 2859 533 2897 eos
548 2841 745 2914 percutiebant
758 2840 872 2896 ensibus
925 2844 1019 2899 denuo
1034 2843 1167 2899 ferociter
1185 2859 1232 2898 eos
1248 2842 1421 2913 invaserunt,
1442 2859 1565 2915 suosque
1578 2843 1614 2898 ab
1627 2842 1737 2914 impetu

59 2942 87 2991 et
102 2935 217 2991 lanceis.
231 2936 261 2990 ln
273 2935 323 2991 illa
335 2936 535 3008 congressione
549 2935 630 2992 multi
640 2952 674 2991 ex
687 2941 808 3007 utroque
823 2951 873 3006 po·
923 2938 971 2993 illo
985 2937 1024 2992 sic
1038 2936 1243 3004 liberaverunt,
1260 2940 1376 3008 excepto
1392 2936 1469 3008 quod
1491 2936 1664 3006 achardum,
1686 2935 1740 2991 mi·

56 3029 126 3102 pulo
139 3029 282 3101 perempti
295 3035 368 3085 sunt.
392 3030 488 3085 Plures
502 3034 599 3086 tamen
621 3045 656 3085 ex
671 3028 803 3101 gentibus
820 3044 872 3100 pe·
926 3030 1007 3087 litum
1017 3029 1239 3086 audacissimum
1249 3033 1278 3086 et
1291 3030 1398 3103 aliquot
1411 3047 1445 3085 ex
1460 3029 1603 3102 peditibus
1615 3029 1656 3085 ibi
1669 3029 1740 3086 anri·

55 3124 179 3180 rierunt.
197 3123 301 3179 Audito
319 3125 481 3180 retrahendi
500 3124 581 3188 lituo,
600 3123 751 3181 Christiani
766 3122 801 3179 ab
816 3123 872 3178 im·
883 3088 911 3163 C
923 3129 1031 3180 serunt.
1049 3124 1204 3196 Fugientes
1215 3126 1319 3180 ‘lurcos
1333 3125 1393 3180 fere
1412 3125 1447 3180 ad
1461 3127 1587 3197 quatuor
1604 3123 1738 3180 milliaria

55 3217 185 3290 petnillo
193 3217 308 3273 taudem
317 3218 498 3288 destiterunt,
510 3223 538 3275 et
550 3217 585 3273 ad
595 3222 687 3273 castra
699 3223 871 3274 remearunt.

55 3311 194 3367 victualia
208 3327 284 3379 vero,
298 3328 361 3384 quae
383 3328 480 3368 secum
496 3312 667 3380 detulerant,
691 3310 805 3368 interim
821 3312 872 3368 do·

57 3404 196 3460 fecerant.
205 3405 260 3459 Nec
270 3405 331 3476 jam
348 3405 543 3461 inveniebatur
555 3405 636 3477 panis
655 3405 690 3460 ad
705 3405 872 3475 emendum,

58 3514 112 3554 uec
127 3498 168 3555 ire
184 3503 315 3570 poteraut
326 3499 544 3554 frumentatum.
558 3499 646 3571 Regio
656 3498 873 3555 illanullateuus

57 3596 102 3647 est
118 3591 237 3663 irrigua,
251 3591 309 3647 imo
324 3592 431 3648 torrida
445 3595 473 3648 et
492 3591 671 3666 perhorrida,
688 3592 809 3663 ideoque
822 3593 872 3664 ju-

55 3686 162 3742 mentis
175 3689 201 3741 ct
217 3685 391 3741 animalibus
410 3686 505 3741 miuus
521 3690 689 3758 opportuna,
708 3688 805 3757 utpote
820 3702 871 3758 pa-

56 3779 132 3835 scuis
145 3778 282 3853 inopima.
298 3780 385 3835 terra
399 3795 514 3851 quoque
527 3779 575 3835 illa
588 3782 697 3835 nonest
710 3793 871 3847 nemorosa,

924 3218 1041 3274 insecuti
1060 3221 1137 3286 sunt,
1155 3223 1183 3274 et
1197 3219 1292 3291 plures
1313 3216 1474 3291 cuspidibus
1494 3218 1583 3274 acutis
1602 3217 1737 3276 confode-

922 3318 1006 3368 runt.
1031 3314 1151 3369 Centum
1175 3312 1260 3368 etiem
1286 3317 1315 3369 et
1346 3317 1404 3369 tres
1437 3327 1526 3385 equos
1553 3312 1737 3368 retinuerunt

924 3411 954 3462 et
974 3423 1065 3462 uuum
1087 3407 1235 3463 homiuem
1257 3406 1367 3476 virum,
1391 3407 1439 3478 qui
1460 3409 1574 3461 coactus
1597 3406 1738 3462 enarravit

922 3517 975 3574 per
986 3500 1115 3556 ordinem
1130 3516 1319 3573 quaecumque
1333 3499 1501 3556 Christianis
1514 3500 1735 3572 opparabantur.

958 3596 990 3650 ln
1004 3592 1155 3650 obsidione
1174 3593 1288 3649 interim
1309 3592 1369 3649 sitis
1388 3595 1541 3650 vehemens
1555 3593 1737 3666 grassabatur

924 3690 953 3742 et
976 3687 1151 3759 perurgebat
1179 3687 1361 3744 Christianos.
1392 3687 1564 3743 [lucentibus
1591 3703 1680 3760 equos
1700 3687 1737 3743 ad

923 3786 1058 3854 aquatum
1071 3798 1123 3854 per
1135 3797 1184 3838 sex
1200 3781 1333 3836 milliaria
1347 3781 1467 3854 gentiles
1480 3780 1694 3850 insidiabantur,
1709 3783 1739 3837 et

56 3873 204 3930 etidcirco
219 3873 316 3928 minus
331 3873 488 3929 fructifera.
504 3873 631 3928 Palmam
645 3876 755 3929 tanturm
771 3872 821 3929 alit
845 3876 874 3929 et
923 3890 959 3932 ex
982 3877 1110 3931 locorum
1139 3874 1277 3949 augustiis
1299 3875 1422 3947 graviter
1435 3891 1482 3932 eos
1505 3874 1734 3931 adversabantur.

56 3967 175 4036 olisam3
192 3967 300 4038 patitur
312 3971 407 4021 autem
421 3968 451 4021 et
469 3965 593 4021 vineam.
609 3965 738 4023 iordanis
753 3982 769 4021 a
788 3966 868 4022 leru·
922 3969 1031 4026 Cedron
1048 3969 1133 4025 etalii
1149 3954 1289 4025 torrentes
1300 3969 1409 4026 enormi
1428 3972 1498 4025 aestu
1514 3971 1658 4025 aruerant.
1684 3970 1736 4024 Pa·

56 4061 145 4117 salem
159 4059 258 4116 stadiis
269 4060 330 4115 fere
343 4076 407 4130 xxx,
421 4063 454 4115 ut
467 4062 578 4132 putant,
599 4060 768 4133 sejungitur.
782 4063 873 4119 Lacus
922 4063 967 4119 uis
980 4063 1155 4120 hordeaceus
1167 4063 1197 4119 in
1212 4063 1310 4120 castus
1324 4065 1386 4120 erat
1408 4063 1557 4136 pretiosus.
1579 4062 1734 4135 indigetes,

56 4156 144 4212 habet
169 4172 217 4211 sex
240 4160 372 4211 remotos.
399 4155 502 4212 Civitas
528 4155 613 4211 habet
637 4172 700 4210 suas
724 4155 871 4223 cisternas,
922 4157 952 4213 in
969 4158 1097 4214 cavernis
1114 4158 1156 4214 vel
1171 4157 1312 4230 speluncis
1335 4157 1544 4228 delitescentes,
1559 4159 1737 4214 commeatus

54 4250 133 4306 unde
145 4249 239 4305 alitur.
255 4249 296 4306 nd
310 4249 417 4304 radices
443 4249 547 4304 montis
561 4248 628 4305 Sion
641 4248 713 4305 Siloe
733 4249 798 4305 fons
811 4255 870 4318 est;
923 4267 1021 4308 omnes
1031 4251 1242 4307 abdicaverant.

55 4344 105 4399 sed
122 4344 167 4399 vix
181 4360 286 4416 paucos
304 4346 416 4414 poterat
430 4346 588 4399 sustentare
601 4343 740 4399 homiues.
754 4343 874 4398 iuvabat
958 4344 1103 4417 Designali
1116 4344 1260 4417 principes
1273 4346 1308 4401 ad
1322 4344 1473 4401 consilium
1486 4349 1692 4412 convenerunt,
1707 4345 1737 4401 et

53 4443 165 4506 tamen,
182 4439 212 4492 et
224 4436 335 4492 modica
359 4437 469 4509 magnis
489 4437 620 4509 expensis
637 4453 711 4510 aqua
723 4452 870 4508 compere-
881 4465 912 4538 D
923 4439 992 4512 quid
1006 4439 1047 4494 eis
1068 4437 1097 4494 iu
1122 4438 1208 4494 tantis
1231 4437 1439 4495 calamitatibus
1460 4437 1627 4509 agitandum
1649 4437 1733 4508 soret,

53 4530 149 4587 batur.
166 4531 261 4602 Equos
274 4535 375 4603 potum
388 4531 540 4600 ducebant,
554 4547 612 4586 non
628 4531 688 4586 sine
704 4547 809 4604 pavore
825 4548 872 4585 m·
923 4532 1026 4588 elocuti
1040 4534 1117 4587 sunt.
1140 4531 1277 4588 Dixernnt
1299 4533 1539 4604 erg021tngustiae
1563 4535 1629 4586 sunt
1650 4530 1736 4587 andi·
1842 4532 1845 4543 '

54 4624 129 4694 mio,
143 4641 196 4698 per
214 4641 263 4680 sex
284 4624 427 4680 milliaria.
921 4642 987 4697 que3
999 4627 1082 4697 punis
1096 4627 1201 4696 densim
1227 4641 1301 4697 equo
1326 4626 1409 4681 deest.
1422 4628 1476 4686 Nos
1487 4627 1542 4696 ipsi
1560 4627 1682 4695 praviter
1693 4625 1737 4681 ob-

90 4718 209 4774 lnterim
233 4719 395 4774 nuntiatum
410 4721 452 4772 est
473 4717 502 4773 in
517 4717 614 4774 castris
636 4735 720 4774 naves
741 4718 872 4775 Christia-
921 4721 1049 4783 ridemur,
1065 4719 1131 4776 dum
1144 4722 1282 4776 civitatem
1298 4723 1379 4776 istum
1405 4735 1455 4776 nos
1472 4719 1601 4776 obsedisse
1619 4720 1738 4776 arbitru-

55 4828 163 4869 norum
179 4813 328 4868 onerarias
341 4812 370 4867 in
385 4817 468 4883 portu
483 4813 578 4885 taphi,
593 4829 679 4885 quam
693 4813 812 4884 antiquo
826 4830 872 4869 vo·
920 4830 991 4870 mur.
1011 4817 1099 4870 lictru
1112 4817 1201 4870 costra
1224 4816 1273 4870 uic
1293 4817 1367 4870 ccire
1390 4814 1528 4880 laudunus,
1544 4819 1569 4869 et
1582 4821 1645 4869 tunc
1656 4815 1738 4870 uacui

52 4907 159 4963 cabulo
182 4909 273 4979 ioppe
296 4906 399 4961 dictam
422 4911 564 4978 putamus,
588 4906 766 4979 applicuisse.
789 4907 871 4972 Quod
920 4909 1048 4965 redimus.
1062 4909 1107 4964 Ec
1122 4909 1287 4978 lonqomore
1297 4909 1442 4980 penuriam
1452 4909 1521 4964 nnnc
1533 4909 1735 4976 contruximusa

55 5001 141 5055 valde
165 4999 298 5056 omnibus
313 4999 485 5072 complacuit
507 5000 704 5056 castrensibus.
727 5000 869 5056 Consiliuti
920 5008 947 5059 ct
961 5004 1016 5057 nisi
1039 5004 1255 5073 praecurrimus,
1271 5004 1423 5072 macriorem
1436 5002 1630 5059 contrahemus.
1644 5002 1736 5059 Annis

52 5097 122 5150 sunt
135 5093 287 5166 principes,
302 5092 446 5165 quomodo
466 5100 566 5150 euntes
581 5097 610 5149 et
632 5094 782 5150 redeuntes
795 5100 871 5151 tutos
921 5102 946 5151 et
967 5096 1075 5152 brachio
1096 5098 1154 5151 sine
1170 5097 1304 5152 machinis
1323 5097 1393 5152 tunc
1406 5097 1499 5152 urbem
1520 5111 1735 5167 repugnarem·

53 5186 871 5261 facerentquenavibusnecessariadeveherent.ioppe
920 5193 1037 5262 quimus.
1065 5190 1181 5248 obstent
1211 5192 1284 5245 muri
1304 5196 1331 5246 et
1351 5191 1561 5265 propugnacula
1582 5195 1609 5246 et
1632 5197 1736 5258 turrecr

52 5280 197 5354 siquidem
227 5281 392 5336 allamula
414 5281 494 5352 quasi
522 5287 587 5337 octo
613 5280 700 5336 distat
721 5281 869 5338 milliariis.
921 5283 1038 5349 obstant,
1053 5285 1102 5354 qui
1123 5285 1286 5339 intrinsecus
1299 5284 1468 5349 redundent,
1483 5285 1647 5352 defensores.
1664 5284 1736 5352 nuru
1813 5264 1818 5275 ⁵

54 5377 145 5432 Porro
162 5374 328 5431 hscalonitoe
350 5375 393 5430 vel
408 5374 562 5446 indigene,
578 5375 626 5447 qui
647 5375 827 5447 vagabantur
840 5377 870 5432 iu
921 5393 983 5448 erqo
998 5377 1467 5449 censetisuqqrediomuruliquid,
1478 5379 1639 5449 quodnotis
1649 5381 1735 5434 omni-

55 5467 227 5538 moutaneis,
253 5469 298 5523 vel
323 5467 352 5522 in
378 5467 476 5523 excisis
489 5474 698 5541 preruptonrm
721 5470 869 5537 cuniculis,
922 5473 971 5527 tur
983 5473 1080 5543 prosit,
1095 5470 1292 5542 quodinclusis
1305 5472 1408 5528 numus
1420 5473 1501 5528 ebrit.
1521 5473 1737 5544 Liqnenstuccrc

55 5564 184 5618 viatores
206 5557 360 5635 aliquoties
381 5562 586 5618 incursitabant
607 5565 636 5619 et
651 5563 869 5620 obtruncabant.
920 5565 1059 5620 machinos
1085 5571 1254 5635 scthumus,
1277 5565 1374 5636 quibus
1395 5567 1496 5622 meniu
1515 5567 1558 5623 net
1578 5570 1667 5623 turres
1687 5569 1736 5623 im·

55 5657 148 5712 Motus
160 5656 213 5711 iste
235 5656 280 5712 vel
290 5672 389 5712 rumor
414 5657 812 5728 negotiatorumcommeatus
826 5657 871 5713 di·
918 5674 1081 5730 pugnemus.
1106 5660 1194 5730 liqna
1215 5659 1398 5724 dedomibus,
1422 5662 1489 5731 quio
1511 5665 1584 5716 terre
1606 5661 1661 5717 tae
1680 5674 1736 5716 non
1828 5712 1831 5719 .

55 5748 236 5808 sturbabaut.
251 5749 292 5807 Ad
307 5751 360 5807 hoe
374 5751 598 5824 exsequendum,
619 5766 732 5807 summo
746 5750 871 5808 diluculo
920 5757 959 5810 cst
984 5753 1149 5822 arborifera,
1177 5768 1340 5826 queramus,
1375 5754 1420 5810 uel
1444 5754 1535 5810 nubes
1559 5754 1594 5809 dc
1618 5753 1741 5808 ecclesiia
