3750 6046
104 141 157 199 961
508 140 664 205 HISTORIA
684 138 949 206 ecclesiastiea.
965 173 1000 187 -
1019 140 1106 204 PARS
1125 145 1169 201 nl.
1183 173 1219 188 -
1237 144 1301 202 tls.
1321 134 1391 203 ltili.
1736 144 1789 205 bib

101 272 222 337 nerunt,
237 268 370 343 dirosque
388 286 518 329 mmures
533 274 563 328 in
578 273 701 329 occiduo
716 274 828 329 climate
841 288 918 344 spor·
930 272 1059 366 Aigitur
1072 288 1122 328 eos
1135 271 1173 327 ed
1188 275 1303 343 portum
1317 271 1494 342 applicantes
1511 270 1697 342 exspectavit,
1712 271 1789 327 etde

100 367 214 432 serunt,
229 363 305 419 unde
319 365 406 421 eorda
417 366 554 434 fidelium,
570 384 633 438 qnae
648 384 746 422 amore
762 368 810 421 Dei
828 367 921 439 proxi·
971 364 1086 421 navibus
1104 365 1283 437 egredientes
1294 369 1460 420 reverenter
1473 364 1613 420 salutavit.
1633 365 1788 421 Productus

99 456 203 527 mique
231 457 364 529 flagrant,
390 459 475 515 nimis
503 461 669 516 contristata
693 464 770 516 suut.
797 462 920 517 Narrant
968 464 1066 514 autem
1078 458 1109 513 in
1123 458 1243 513 liberam
1258 458 1410 531 planitiem
1422 458 1462 513 sic
1480 457 1559 514 attari
1571 458 1679 529 coepit:

99 548 181 604 enim
208 549 285 622 quod
310 553 441 619 Peneius,
469 553 657 625 Tripolitanae
684 570 789 622 eomes,
817 555 919 611 eodem
1007 553 1074 608 Vere
1098 552 1171 608 beuti
1190 556 1217 608 et
1240 554 1321 607 amici
1344 553 1392 607 liei
1412 554 1484 615 estis,
1507 567 1573 622 quos
1593 556 1624 607 ut
1644 566 1702 607 sue
1723 552 1786 609 bea·

100 658 181 698 anno
193 647 294 698 contra
308 645 436 700 ethnicos
448 647 624 717 pugnaverit,
639 653 667 703 ct
684 647 744 718 ipse
759 663 825 703 cum
843 646 916 703 mul·
969 645 1096 701 titudinis
1115 648 1262 716 participes
1285 646 1460 716 prestolatur
1481 646 1560 701 euna
1580 644 1702 701 caleatis.
1722 646 1787 701 lices

97 735 137 791 tis
153 736 216 791 aliis
230 738 306 792 terro
325 739 477 808 gentilium
495 740 668 796 occubuerit.
688 741 756 797 ltine
776 742 919 796 animatus
961 740 1023 808 jum
1037 741 1063 794 si
1075 740 1177 808 tlaqrut
1188 741 1218 793 in
1233 738 1308 795 uobis
1319 738 1385 807 fides
1396 739 1515 807 interra,
1527 738 1620 795 eadem
1632 740 1690 794 siue
1702 738 1785 794 dubio

97 829 337 903 dmm-sanguim
364 847 412 889 rex
436 833 526 905 Alcph
553 833 666 889 bellicas
688 834 762 889 vires
786 834 916 905 collegit,
966 830 1040 887 uobis
1064 834 1231 903 propinatur
1255 833 1385 901 marturii
1410 846 1507 895 cama,
1532 847 1584 902 pro
1610 848 1666 902 qua
1696 834 1786 889 sancti

98 922 173 978 etin
187 926 327 979 aummno
339 941 403 981 cum
417 925 526 996 ingenti
539 927 665 982 exercitu
677 928 834 983 lurcorum
847 928 918 983 lines
966 925 1076 981 altstete
1095 924 1209 993 curuli,
1227 926 1355 995 demptus
1375 931 1401 981 et
1417 924 1578 988 stemma,
1594 927 1744 982 Denetrius
1758 930 1785 981 et

96 1015 328 1073 Christianorum
349 1018 487 1087 introivit,
506 1024 593 1092 atque
613 1021 649 1076 ad
669 1020 779 1077 bellum
800 1025 918 1092 paratus
966 1022 1153 1085 Sebastianus,
1168 1029 1262 1078 contra
1276 1025 1408 1080 Saturium
1426 1023 1538 1093 ejusque
1556 1024 1687 1079 satellites
1706 1023 1783 1079 labo·

96 1110 274 1166 Christianos
288 1113 460 1183 provocavit.
475 1115 554 1178 Quod
572 1115 691 1169 audiens
713 1115 795 1169 l'utco
815 1115 915 1170 lliero-
965 1118 1035 1171 riose
1048 1115 1253 1177 dimicaverunt,
1272 1118 1372 1171 aeriter
1389 1122 1524 1171 satiantes
1538 1116 1652 1186 qlortose
1669 1131 1782 1188 supero·

96 1203 274 1273 solymorum
295 1222 345 1261 rex
366 1222 418 1278 per
440 1210 532 1262 toturn
556 1225 640 1263 suum
663 1224 785 1280 reguum
806 1208 917 1280 legatos
965 1214 1073 1271 uerunt,
1098 1215 1122 1265 ct
1147 1224 1292 1279 perennem
1315 1225 1440 1265 coronam
1465 1210 1662 1280 triumphantes
1684 1226 1701 1265 a
1723 1225 1784 1279 repe

97 1297 214 1363 direxit,
236 1303 265 1353 et
285 1314 394 1367 omues,
416 1300 467 1371 qui
488 1301 524 1356 ad
548 1317 629 1356 arma
650 1301 746 1357 idonei
766 1307 859 1369 erant,
880 1301 916 1357 ad
966 1301 1089 1357 Subauttr
1104 1308 1273 1373 aeceperunt.
1285 1304 1398 1366 Similis,
1412 1318 1467 1367 oro,
1482 1304 1599 1370 (mittun
1612 1304 1686 1359 uobis
1701 1307 1784 1360 mmi-

95 1407 226 1463 pugnam
253 1393 422 1461 convocavit,
449 1397 478 1449 et
502 1394 559 1449 iere
582 1412 610 1451 vr
637 1395 728 1451 millia
753 1411 852 1451 seeum
879 1396 916 1451 ad
966 1399 1047 1460 tetur,
1070 1410 1117 1450 neo
1140 1395 1351 1466 disparmms
1372 1396 1784 1453 obscurissimarum

95 1490 244 1540 certamen
259 1485 347 1540 duxit.
361 1486 439 1542 Soles
456 1488 600 1555 mulieres,
619 1489 783 1544 ctinermes
798 1489 915 1545 clericos
965 1500 1051 1542 senus
1073 1487 1207 1555 Sanquim
1229 1492 1255 1541 et
1276 1486 1384 1555 qeutr'lis
1407 1488 1541 1542 causitus
1566 1491 1654 1541 terras
1676 1492 1783 1543 nostras

95 1577 136 1633 ed
153 1580 271 1634 tutelam
292 1580 405 1634 urbium
425 1579 540 1650 dimisit,
556 1587 674 1637 caeteros
689 1588 786 1637 antem
805 1582 913 1655 absque
963 1595 1050 1650 nreper
1068 1582 1237 1643 intruserunt,
1256 1584 1282 1634 ct
1300 1585 1438 1650 perempto
1458 1582 1577 1635 euentu
1597 1580 1699 1638 Christi
1716 1580 1782 1636 llie-

93 1673 176 1726 omni
191 1673 370 1729 excusatione
384 1674 420 1729 ad
434 1689 558 1745 agonem
574 1675 615 1730 ire
631 1676 778 1747 precepit.
925 1664 1158 1743 Brosolumorum
1177 1688 1267 1742 rcqem
1287 1688 1348 1728 eum
1364 1675 1462 1743 panus
1485 1675 1515 1727 iu
1535 1674 1653 1744 quodum
1674 1674 1783 1730 castella

131 1766 257 1822 Tandem
277 1770 471 1822 convenerunt
491 1768 608 1838 pariter,
628 1774 656 1823 et
675 1769 826 1825 commissu
846 1785 915 1825 con·
961 1768 1141 1836 pertinaciter
1154 1766 1323 1830 obsederunt,
1339 1771 1366 1821 et
1381 1767 1498 1821 inclusos
1508 1767 1634 1837 pluribus
1647 1767 1733 1822 modis
1745 1766 1783 1822 ad

92 1858 174 1913 ssictu
205 1859 339 1931 utrinqne
363 1865 523 1932 pugnatum
552 1867 593 1917 cst
619 1863 732 1917 acriter.
758 1863 916 1918 Innumera
965 1859 1129 1915 deditionem
1146 1864 1283 1916 coarctare
1301 1865 1440 1930 sutanum.
1459 1860 1600 1918 Nostrates
1618 1866 1709 1916 autem
1728 1862 1784 1917 uiri

92 1952 202 2024 qnippe
216 1969 393 2024 paganorum
408 1954 916 2027 cecideruntmillia.Scd,judieante
964 1955 995 2007 in
1017 1956 1070 2009 lleo
1092 1958 1231 2025 sperantes
1249 1954 1367 2009 uiriliter
1388 1954 1492 2009 obstare
1514 1955 1675 2018 moliuntur,
1697 1957 1781 2011 mire·

95 2046 164 2115 Deo,
190 2047 269 2117 cujus
289 2046 396 2117 judicia
416 2048 495 2118 justa
519 2054 584 2104 sunt
608 2053 637 2104 et
658 2065 732 2117 vera,
758 2066 831 2122 pene
854 2052 915 2105 tota
966 2047 1112 2116 titiumque
1124 2048 1174 2102 Dei
1191 2062 1317 2103 memores
1330 2048 1407 2103 uetes
1424 2048 1560 2103 euntium
1577 2049 1636 2118 ejus
1651 2051 1781 2119 operiun-

92 2139 321 2197 Christianorum
339 2140 412 2196 acies
429 2143 472 2196 est
485 2141 620 2214 collapsa,
635 2145 664 2196 et
678 2148 783 2214 praeter
795 2160 848 2199 xxx
861 2143 914 2198 mi·
966 2146 1012 2196 tur
1028 2159 1037 2196 r
1053 2142 1182 2211 eiiqeutes
1197 2144 1227 2196 in
1246 2143 1354 2196 nomine
1371 2143 1480 2196 Domini
1497 2144 1585 2211 manis
1603 2157 1653 2213 per
1671 2148 1782 2199 mortem

93 2232 161 2287 litus
183 2234 297 2305 penitus
321 2250 403 2290 crass.
429 2234 508 2289 Solus
530 2235 606 2290 enim
628 2252 687 2304 rex,
710 2242 739 2292 et
760 2237 856 2293 decem
880 2239 915 2293 de
964 2237 1047 2290 socios
1062 2237 1149 2304 sequi,
1164 2250 1247 2304 quum
1260 2250 1321 2290 cum
1334 2235 1461 2290 dedecore
1473 2237 1600 2306 massanis
1614 2239 1644 2291 iu
1659 2239 1783 2293 uitusua

93 2327 206 2382 farriilia
225 2328 286 2399 ejiis
303 2328 520 2393 commilitones,
534 2336 619 2400 atque
638 2346 703 2384 xvrn
723 2330 759 2385 de
777 2330 916 2387 militibus
963 2327 1118 2398 subjuani.
1134 2331 1195 2383 lam
1212 2330 1279 2383 satu
1296 2335 1420 2384 euentum
1440 2329 1565 2385 audistis.
1579 2332 1614 2385 lit
1630 2332 1695 2399 quia
1712 2344 1780 2400 pru-

93 2421 205 2492 Templi
226 2428 387 2485 evaserunt,
401 2439 433 2478 ac
453 2422 488 2477 ad
508 2421 653 2493 quoddam
674 2428 797 2479 castrum
816 2429 916 2481 contra
964 2421 1056 2476 dentes
1075 2427 1158 2491 atque
1176 2422 1283 2477 sudati
1300 2422 1418 2478 nomines
1435 2424 1507 2485 estis,
1527 2422 1584 2492 iam
1603 2423 1673 2493 quid
1688 2423 1780 2487 uelim,

93 2514 263 2570 Damascum
284 2532 300 2569 a
326 2515 464 2570 Balduino
489 2516 581 2586 primo
608 2522 813 2585 constructum,
836 2519 913 2589 qnod
965 2521 991 2570 et
1012 2515 1080 2585 quid
1103 2518 1150 2586 aqi
1170 2519 1293 2586 opuntem
1315 2517 1346 2570 iu
1370 2518 1422 2571 tali
1442 2518 1558 2586 uenatio,
1580 2516 1645 2573 bene
1662 2532 1779 2588 pepen-
1805 2568 1808 2573 .

92 2609 296 2679 Moirallegalis
313 2613 437 2677 vocetur,
454 2611 654 2682 confugerunt,
671 2609 768 2682 ibique
783 2611 912 2682 aliqnan-
965 2607 1041 2664 ditis.

93 2702 146 2757 din
172 2702 271 2756 inclusi
295 2703 407 2759 fortiter
431 2704 608 2759 restiterunt.
631 2704 738 2759 Omnes
761 2704 858 2776 itaque
883 2706 914 2760 in
1000 2701 1180 2771 disceditis,
1204 2719 1304 2760 omues
1326 2702 1457 2758 alacriter
1480 2702 1630 2759 adversum
1653 2716 1780 2776 paganos

92 2795 268 2852 confessione
281 2795 383 2853 Christi
402 2800 581 2861 corruerunt,
603 2804 708 2868 praeter
724 2814 838 2869 paucos,
853 2799 913 2870 qui,
963 2810 1024 2852 sese
1038 2794 1212 2864 obtulerunt,
1228 2802 1256 2851 et
1270 2797 1391 2852 obsessis
1404 2797 1540 2852 iratribus
1552 2796 1702 2869 suffragari
1714 2798 1780 2853 totis

91 2895 127 2944 ut
140 2889 247 2944 dictum
263 2896 315 2959 est,
332 2906 396 2945 cnm
415 2906 484 2961 rege
498 2890 541 2944 vir
556 2897 717 2947 evaserunt.
736 2893 823 2947 Porro
840 2892 913 2948 San·
964 2889 1072 2944 nisibus
1091 2892 1269 2961 optaverunt.
1289 2891 1382 2945 Laetns
1399 2890 1488 2961 igitur
1507 2892 1666 2962 patriarcha
1685 2892 1778 2947 dixit:

93 2983 186 3053 girini,
211 2984 276 3038 licet
302 2984 391 3038 multa
415 3000 531 3039 suornm
556 2985 697 3039 amisisset
720 2985 809 3040 millia
838 2986 912 3042 terro
963 2985 1017 3038 lleo
1039 2986 1146 3053 pretias
1169 2986 1275 3051 aqimus
1296 2985 1407 3041 Adonai
1426 2986 1586 3052 fortissimo,
1609 2989 1656 3055 qui
1676 3000 1780 3056 semper

94 3077 330 3142 Ctnistiunorum,
348 3082 444 3149 optata
462 3083 559 3132 tamen
578 3078 667 3133 clatus
687 3078 800 3133 victoria
820 3028 1024 3134 eves-Csuos
1045 3078 1125 3133 aeteri
1143 3078 1277 3145 duratur
1289 3078 1409 3134 relevare
1426 3079 1533 3134 solutio.
1547 3081 1625 3135 Nunc
1642 3094 1704 3147 erqo
1721 3095 1778 3143 uos,

92 3170 165 3242 tigiu
192 3170 356 3226 subsecutus
383 3170 495 3227 obsedit
521 3171 686 3238 castellum,
714 3178 743 3226 ct
768 3172 911 3241 residuos,
962 3172 1010 3241 qui
1022 3171 1055 3226 ste
1067 3171 1158 3225 uoluti
1169 3171 1226 3226 soto
1238 3186 1289 3242 pro
1302 3172 1401 3227 celesti
1413 3188 1504 3227 umore
1516 3175 1653 3243 propressi
1663 3174 1739 3236 estis,
1752 3178 1779 3229 et

92 3264 145 3336 qui
172 3263 207 3318 dc
238 3264 311 3319 bcllo
340 3265 428 3335 elapsi
455 3265 588 3319 tutabant
616 3264 798 3335 presidium,
827 3266 912 3321 nimis
962 3264 1077 3319 dilectus
1091 3264 1213 3334 mmuqes
1227 3264 1392 3335 divitiusque
1406 3266 1455 3320 diu
1474 3268 1602 3336 quesitas
1620 3267 1779 3337 reliquistis,

90 3356 244 3413 coaratavit
269 3357 365 3412 multis
390 3358 482 3413 modis
508 3358 777 3429 impugnationum.
801 3360 912 3415 Obsessi
961 3363 987 3413 et
1005 3358 1056 3412 tue
1071 3373 1122 3429 per
1137 3359 1231 3428 plures
1248 3361 1277 3413 in
1295 3360 1367 3413 muri
1384 3364 1408 3414 ct
1423 3360 1453 3413 iu
1469 3365 1543 3415 terra
1561 3360 1695 3415 molestius
1712 3374 1777 3430 per-

93 3453 204 3517 entam,
222 3451 352 3522 quamvis
369 3450 498 3522 pluribus
518 3450 741 3506 molestarentur
760 3453 911 3523 auguratiis,
960 3452 1071 3506 uerrutis
1090 3467 1096 3505 :
1113 3452 1236 3522 conrepta
1254 3458 1418 3516 sauctorum,
1433 3458 1566 3507 sumentes
1583 3456 1686 3507 sculum
1703 3453 1777 3521 tidei,

90 3545 236 3618 praecipue
257 3550 355 3599 tamen
377 3544 515 3600 attenuati
536 3544 757 3601 sunteurietate
775 3546 868 3614 famis,
883 3551 912 3602 el
957 3543 1136 3615 mesenum,-
1165 3550 1190 3600 ct
1215 3547 1369 3599 situatuurio
1394 3548 1451 3608 liei,
1477 3546 1551 3615 quod
1575 3546 1609 3601 de
1632 3546 1778 3616 bustaque

90 3652 145 3709 pro
169 3638 288 3708 penuria
315 3639 398 3708 panis
421 3638 560 3710 compulsi
586 3644 652 3693 sunt
679 3637 750 3694 vesci
778 3639 911 3695 carnibus
960 3639 1095 3708 sepelitis,
1122 3642 1276 3693 constanter
1304 3641 1461 3693 succurrite.
1489 3640 1619 3694 Dominus
1643 3638 1778 3695 babucum

91 3730 205 3803 equinis
219 3718 337 3803 aliisque
352 3732 508 3788 immundis
521 3737 550 3788 et
565 3731 695 3787 insolitis.
711 3734 771 3803 lpse
787 3749 836 3788 rex
851 3750 910 3805 proe
960 3736 1008 3794 cst,
1029 3732 1079 3801 qui
1100 3731 1201 3788 obsesso
1222 3733 1252 3785 in
1273 3732 1399 3788 bethulia
1419 3734 1472 3787 aito
1492 3748 1540 3803 per
1559 3733 1692 3800 seminum
1713 3748 1775 3788 con-

91 3826 229 3898 parcitate
248 3825 357 3897 dapifer
373 3831 442 3894 erat,
462 3828 547 3897 atque
566 3826 657 3882 irnsta
671 3826 799 3882 carnium
813 3827 909 3883 asino·
959 3824 1062 3879 solatus
1083 3830 1132 3880 est.
1155 3827 1226 3881 Num
1246 3840 1296 3895 per
1316 3826 1413 3880 ludittr
1434 3826 1545 3881 uiduam
1566 3826 1676 3897 superbi
1693 3829 1778 3897 ceput

90 3934 157 3976 rum
170 3935 220 3973 sen
233 3935 337 3974 asurim
350 3919 467 3991 singulis
480 3919 678 3975 distribuebat.
959 3917 1138 3989 ilotoptrernis
1160 3921 1323 3988 amputauit,
1343 3919 1520 3991 desuetisque
1539 3920 1661 3975 conlutis
1679 3921 1774 3975 siticu-

128 4012 238 4069 lntcrea
261 4013 406 4081 liedulfus,
430 4013 698 4085 llierosolymitanns
719 4013 834 4085 praesul,
856 4030 909 4069 an·
960 4017 1013 4066 tem
1040 4013 1173 4083 populum
1202 4014 1247 4082 pie
1277 4014 1469 4083 rettiqcrauit,
1497 4015 1664 4085 uictoriaque
1695 4009 1779 4069 simui

90 4107 151 4163 dito
167 4122 285 4161 saiorum
300 4106 465 4173 infortunio,
479 4107 663 4163 contristatus
680 4112 731 4173 cst,
748 4112 776 4162 et
787 4107 911 4179 qualiter
959 4108 1162 4175 innumerisque
1178 4106 1272 4178 spoliis
1290 4108 1401 4171 ditavit,
1418 4112 1444 4163 et
1463 4123 1544 4178 super
1562 4122 1650 4163 omnes
1668 4110 1778 4164 circuns-

89 4200 208 4255 inclusis
232 4200 404 4271 martyribus
426 4201 611 4255 auxiliaretur
634 4202 724 4255 multa
746 4216 841 4256 secum
864 4217 909 4257 re·
959 4203 1025 4255 sitas
1045 4202 1169 4256 arationes
1189 4203 1383 4271 maquillcacit.
1403 4202 1524 4258 Ezechiae
1545 4218 1650 4274 quoque
1668 4206 1728 4272 reqi
1747 4206 1777 4258 in

89 4294 208 4349 volvens
229 4294 381 4349 meditatus
403 4297 456 4349 est.
479 4296 508 4348 ln
531 4294 630 4366 primis
652 4295 749 4349 lideles
771 4294 908 4362 reclusos,
959 4295 1125 4349 Hierusalem
1141 4296 1243 4350 incluso
1252 4310 1302 4365 per
1317 4297 1417 4350 isaiam
1430 4297 1589 4366 proplietam
1604 4298 1777 4353 securitatem

88 4388 142 4461 qni
161 4387 265 4443 coelesti
284 4389 403 4443 tbcoriae
424 4389 453 4443 iu
474 4389 561 4444 muris
581 4389 756 4445 Hierusalem
776 4386 1111 4474 intende-Duiaudaeit,
1128 4393 1152 4443 et
1167 4392 1289 4459 sequenti
1301 4396 1378 4445 nocte
1390 4396 1495 4445 centum
1507 4393 1643 4458 ortoqiutn
1657 4392 1778 4461 quinque

88 4482 169 4549 hant,
184 4482 352 4554 peragravit,
368 4488 397 4537 ct
411 4483 486 4553 ipsos
500 4490 527 4539 et
547 4499 646 4538 omues
665 4482 733 4537 alius
750 4483 908 4554 llierosoly-
959 4480 1048 4534 millia
1061 4482 1238 4550 Assyriorum
1251 4498 1303 4553 per
1321 4485 1447 4551 auqetum
1461 4485 1613 4545 combussit,
1628 4484 1775 4537 tumidum·

89 4577 176 4632 mitae
197 4580 227 4630 ut
242 4576 394 4631 Dorrrinum
414 4577 588 4633 salvatorem
608 4576 737 4632 oninium
757 4592 808 4648 pro
826 4592 907 4632 com·
959 4590 1011 4643 que
1031 4590 1121 4645 rupem
1144 4575 1324 4631 Sennacherib
1347 4582 1409 4647 post
1434 4576 1611 4647 blasphemius
1637 4581 1777 4646 trucesque

89 4670 171 4725 muni
185 4671 271 4726 salute
285 4670 381 4743 populi
397 4671 439 4724 sui
453 4670 589 4725 atteritius
605 4676 767 4738 exorarent,
783 4670 910 4726 obsecra·
959 4671 1049 4724 miuus
1064 4684 1125 4724 cum
1139 4668 1265 4724 aaaron
1279 4672 1400 4740 (nuncil.

88 4766 139 4819 vit.
154 4765 258 4820 Deinde
278 4765 394 4819 clericos
414 4769 442 4818 ot
456 4765 542 4820 laicos
556 4763 656 4819 cadem
676 4765 867 4834 commonuit,
882 4768 910 4819 el
995 4765 1057 4819 tloec
1075 4767 1100 4818 et
1118 4764 1176 4818 etia
1193 4764 1282 4819 multu
1302 4766 1343 4819 tiis
1360 4766 1462 4819 similia
1483 4766 1512 4819 in
1534 4764 1634 4820 diuinis
1652 4764 1778 4836 operibus

88 4859 199 4914 cunctis
213 4859 375 4913 triduanum
388 4858 530 4929 jejunium
545 4858 662 4927 indixit;
679 4874 731 4913 nec
744 4858 837 4913 solum
853 4874 910 4912 mo·
959 4857 1134 4919 considerate,
1157 4862 1182 4912 et
1206 4860 1236 4912 in
1258 4860 1307 4914 liei
1332 4860 1433 4914 obtule
1455 4858 1616 4929 confidentes
1641 4864 1776 4915 certamen

89 4951 189 5019 tronis,
205 4952 255 5007 scd
270 4952 356 5007 etiam
371 4952 537 5019 instantibus,
552 4957 581 5007 ct
589 4953 729 5023 jumentis
743 4951 909 5007 affationem
958 4952 1034 5007 inite.
1863 4934 1868 4943 ¹

88 5047 257 5118 hujusmodi
290 5062 370 5101 more
400 5046 586 5101 Ninivitarum
617 5046 762 5118 imposuit.
794 5045 909 5116 Expleta
995 5044 1175 5100 Salutaribns
1208 5044 1304 5117 itaque
1336 5046 1453 5101 munitis
1485 5049 1572 5101 coelns
1603 5044 1776 5101 Christianos

88 5146 186 5196 antem
203 5140 323 5195 libenter
337 5144 367 5195 et
385 5140 484 5195 devote
496 5139 617 5211 jejunio,
634 5140 669 5194 ad
689 5144 803 5210 portum
822 5138 909 5193 maris
959 5137 1088 5210 pontifex
1103 5138 1244 5206 instruxit,
1260 5146 1289 5194 et
1300 5143 1426 5195 arnrutus
1444 5139 1481 5194 ad
1496 5140 1656 5212 phalanges
1670 5140 1775 5195 Tarco-

88 5234 251 5306 patriarehu
268 5233 404 5305 perrexit,
420 5234 502 5306 cique
518 5232 594 5305 qnod
608 5233 688 5288 valde
707 5230 909 5303 concupiverat
958 5247 1023 5285 rum
1043 5231 1133 5285 duxit.
1156 5232 1352 5302 Speculatores
1374 5240 1469 5289 autem
1490 5248 1669 5304 paganorum
1688 5248 1775 5305 gran·

88 5329 149 5384 Deo
161 5328 273 5383 volente
287 5330 419 5383 occurrit.
958 5325 1026 5379 dem
1042 5324 1200 5379 exercitum
1216 5342 1232 5379 a
1248 5327 1320 5381 mari
1337 5327 1497 5382 venientem
1515 5332 1732 5400 perspexerunt,
1747 5332 1777 5384 ei

124 5423 253 5486 Qiratuor
277 5422 354 5477 enirn
381 5438 467 5476 naves
492 5420 656 5477 homiuibus
679 5426 793 5476 onustas
820 5420 909 5476 littori
958 5419 1080 5491 principi
1107 5436 1157 5474 suo
1189 5419 1318 5490 protinus
1347 5421 1601 5476 annuntiaverunt.
1631 5422 1680 5478 ltle
1706 5436 1775 5477 vero

88 5515 352 5589 appropinquantes
380 5516 416 5570 dc
443 5515 528 5587 longe
555 5515 633 5582 vidit,
662 5517 692 5569 et
718 5532 770 5585 per
794 5515 909 5586 signnm
957 5519 1105 5586 promptos
1127 5516 1156 5568 et
1174 5513 1283 5569 dicaces
1302 5515 1412 5587 legatos
1433 5514 1547 5570 obviam
1570 5514 1658 5583 misit,
1679 5520 1707 5571 et
1724 5530 1776 5585 per

89 5610 245 5667 salutiferae
265 5611 366 5678 crucis,
389 5611 465 5682 quod
485 5610 515 5664 in
536 5609 636 5665 babitu
656 5625 758 5666 eorum
779 5610 838 5664 visu
863 5608 908 5665 de·
958 5623 1006 5663 eos
1026 5607 1075 5679 qui
1095 5611 1200 5676 essent,
1216 5608 1260 5663 vel
1280 5623 1338 5679 quo
1360 5608 1523 5671 tenderent,
1542 5609 1662 5663 solerter
1681 5609 1775 5674 iuqui-

89 5705 291 5783 preheudcrat,
320 5705 490 5760 Christianos
516 5720 576 5761 esse
604 5703 747 5779 cognovit.
776 5704 910 5763 Gaudens
959 5701 1037 5762 sivit.
1052 5704 1088 5761 nt
1100 5701 1147 5762 illi
1163 5702 1384 5779 responderunt
1396 5701 1582 5758 xillu'attnut
1597 5695 1810 5750 armassemus
