3750 6046
153 169 203 224 ese
835 162 997 222 oooanror
1016 161 1146 221 uranus
1744 232 1748 237 ,
1778 165 1827 221 aaa

153 290 253 347 ricinis
265 288 455 346 exsulantibus
470 288 517 345 diu
539 287 682 363 longeque
699 289 793 345 locum
811 288 963 346 habitatio·
975 287 1072 375 Abel.
1088 288 1173 344 Poma
1193 286 1377 355 eliminator,
1394 285 1443 359 qui
1461 284 1572 358 llogliao
1591 284 1725 342 diadema
1746 303 1827 358 gare·

155 388 198 441 nia
219 384 358 458 qoaesirit.
381 385 505 456 Denique
527 400 612 456 supra
635 383 714 440 littus
742 383 844 440 Oceani
867 383 963 451 maris,
1015 381 1072 451 bat,
1093 382 1122 437 in
1142 380 1327 448 Normannia‚
1345 385 1376 435 ut
1396 395 1470 449 rear,
1491 380 1657 452 plusquam
1679 396 1714 436 xx
1738 386 1828 436 castra

153 481 182 536 in
194 478 302 536 boreali
323 478 409 551 plaga
422 478 552 535 consedit
560 495 569 548 3
591 480 619 532 el
630 476 693 545 sibi,
710 477 847 548 sociisque
862 480 892 533 et
904 477 963 532 hae·
1015 475 1141 543 tenebat,
1153 480 1182 529 et
1196 490 1327 546 proceres
1337 473 1554 546 oppidanosque
1563 477 1692 545 patentes
1702 475 1826 529 muneri-

153 573 268 629 redibus
292 572 350 627 suis
374 571 550 626 maritimam
573 570 722 642 regionem
744 569 875 640 incaluit,
899 573 966 624 eta
1014 567 1067 622 bus
1094 568 1146 622 sibi
1172 568 1213 623 rel
1241 566 1398 624 terroribus
1419 567 1561 623 illexerat.
1585 565 1748 622 Radbertus
1774 568 1827 640 (aa)

154 666 241 734 Dana,
256 665 313 722 tilio
325 665 396 735 ejus,
407 682 479 736 gens
492 665 549 734 illa,
565 663 718 734 eTrojanis
731 667 804 734 orta,
818 664 965 719 Danorum
1015 661 1092 716 enirn
1114 678 1209 717 comes
1230 661 1365 738 inpensis
1389 663 1417 717 et
1441 660 1604 732 Stephanus
1626 660 1826 731 Alba-Mariae,

152 775 257 816 nomen
272 759 389 830 accepit,
1013 753 1148 809 Girardus
1162 754 1197 811 de
1210 755 1338 810 Gornaao
1356 757 1385 810 et
1399 753 1536 810 liedulfus
1555 753 1590 808 de
1605 752 1736 822 Cenabis,
1752 755 1827 810 liod-

188 856 253 909 iiaec
266 870 336 925 gens
350 851 637 923 crudelissemperet
651 849 857 918 bellicosaluit,
872 852 965 906 etlor-
1013 848 1111 903 bertus
1134 865 1259 921 quoque,
1282 864 1379 905 comas
1401 845 1437 902 de
1456 847 1599 914 blellento,
1616 849 1645 902 et
1667 847 1828 904 Goellerius

152 947 274 1003 tissimos
288 963 370 1018 rages
383 945 501 1011 habuit,
515 943 659 1000 scdfidem
674 943 832 1002 christianin
847 961 911 1001 sero
924 961 965 1001 re·
1012 941 1151 1010 oilardus,
1175 942 1323 1014 Phiiippus
1349 942 1386 996 de
1413 941 1527 996 braiosa
1553 945 1581 997 at
1607 940 1766 997 bichardus
1792 942 1827 997 de

152 1041 247 1113 cipere
263 1039 359 1096 volarit.
374 1039 466 1105 italio,
483 1037 541 1093 dux
557 1037 723 1106 acerrimus,
738 1054 803 1093 cum
823 1039 962 1094 Narman·
1013 1035 1138 1104 Curceia,
1154 1035 1258 1107 aliique
1271 1036 1429 1107 perplures,
1443 1051 1508 1090 atam
1531 1033 1664 1090 omnibus
1684 1034 1738 1090 sibi
1760 1035 1826 1090 arab·

152 1135 195 1190 nis
219 1133 287 1189 inde
308 1148 397 1205 genus
418 1132 510 1201 duxit,
532 1132 582 1203 qai
604 1132 713 1203 primus
731 1132 890 1188 Naustriam
910 1132 964 1188 sibi
1014 1127 1080 1183 ditis
1092 1128 1298 1183 munitionibus
1317 1132 1347 1183 et
1367 1127 1515 1200 oppidanis
1535 1128 1596 1201 regi
1619 1127 1771 1200 parebant,
1786 1129 1825 1183 ai-

151 1226 323 1299 subjugarit,
353 1243 417 1299 qaae
447 1242 522 1281 nunc
545 1241 562 1278 a
589 1225 760 1281 Normannis
783 1226 963 1281 Normanniae
1013 1220 1825 1293 que,quiametuenduserat,totisnisibusadhaerebant.

151 1337 257 1376 nornen
280 1319 413 1375 obtinuit.
429 1319 519 1376 North
540 1318 618 1374 enim
634 1318 746 1389 anglice
767 1320 871 1390 aquilo,
894 1336 963 1375 man
1013 1317 1056 1371 Sic
1069 1316 1252 1380 Normannia,
1267 1315 1365 1371 suisio
1379 1330 1408 1370 se
1421 1314 1658 1371 filiislurentibus
1673 1313 1827 1371 miserabi-

150 1429 217 1469 rero
233 1412 337 1469 dicitur
348 1415 434 1469 tomo.
446 1413 623 1468 Normannus
637 1411 726 1484 igitur
739 1413 905 1482 aquilonalis
920 1415 964 1468 tro
1013 1409 1077 1463 liter
1089 1408 1203 1464 turbata
1215 1412 1267 1478 est,
1282 1413 1311 1463 et
1330 1408 1410 1480 plebs
1424 1409 1545 1464 inarmis
1562 1409 1622 1465 sine
1639 1412 1764 1481 patrono
1776 1409 1824 1464 de·

149 1524 192 1563 mo
211 1508 427 1578 interpretatur,
449 1506 530 1578 cujus
551 1506 645 1561 audax
667 1504 817 1560 austeritas
838 1505 963 1562 delicatis
1012 1501 1101 1556 solata
1114 1505 1166 1557 est.
1344 1566 1347 1572 .

150 1600 292 1668 affinibus,
307 1603 340 1655 ut
359 1601 468 1672 gelidus
492 1599 588 1672 aquilo
609 1599 715 1655 teneris
736 1598 862 1665 floribus,
879 1598 963 1656 nimis
1048 1596 1175 1668 lienique
1190 1595 1292 1651 talibus
1304 1595 1479 1665 infortuniis,
1493 1595 1654 1652 Radbertus
1673 1595 1742 1664 dur,
1757 1611 1825 1668 per·

148 1695 255 1749 inlesta
277 1694 486 1766 comprobatur.
503 1693 573 1748 Nam
595 1693 624 1748 in
643 1692 744 1748 eadam
764 1693 857 1748 adhuc
877 1664 1114 1765 genteBspectis
1134 1689 1243 1758 anxius,
1259 1694 1287 1744 et
1309 1689 1402 1745 adhuc
1423 1690 1524 1762 pejora
1538 1688 1707 1759 formidans,
1725 1693 1825 1762 utpote

150 1787 285 1843 naturalis
305 1787 403 1842 feritas
423 1785 564 1854 coalescit,
579 1791 607 1842 et
626 1786 767 1857 genuinus
788 1786 876 1842 ardor
888 1803 960 1858 prae·
1011 1783 1046 1839 'ab
1068 1782 1200 1839 omnibus
1222 1798 1294 1855 pene
1309 1782 1471 1852 destitutus,
1488 1783 1606 1840 consilio
1631 1782 1826 1855 quorumdam

148 1880 236 1936 liandi
250 1880 338 1949 saerit,
353 1880 402 1952 qui
416 1879 553 1935 ruricolas
567 1883 595 1934 et
613 1882 727 1951 pacatos
749 1879 881 1936 officiales
904 1881 962 1937 suis
1011 1877 1218 1949 religiosorum,
1233 1876 1359 1932 decrevit
1371 1882 1478 1933 terram
1493 1892 1575 1933 suam
1591 1876 1673 1933 lratri
1692 1892 1746 1932 sua
1763 1876 1825 1950 regi

149 1974 180 2029 in
194 1973 302 2029 aedibos
316 1974 412 2045 quicto
427 1972 598 2028 commorari
615 1989 671 2027 uon
685 1972 835 2044 permittit.
1012 1970 1172 2040 dimittere3
1197 1973 1227 2025 at
1249 1986 1330 2026 cruce
1354 1969 1467 2026 Domini
1485 1973 1609 2042 sumpta,
1629 1987 1683 2043 pro
1704 1970 1826 2044 peccatis

182 2068 206 2122 A
220 2067 351 2136 Rollone,
365 2066 452 2121 validi
467 2066 551 2121 duces
565 2066 707 2137 praefuere
721 2066 891 2122 Normannis
906 2084 960 2139 pu·

149 2159 295 2232 gnacibus,
317 2160 481 2215 Guillclmus
500 2159 607 2215 scilicet
629 2160 726 2231 Longa
750 2160 888 2232 Spalaei
910 2161 959 2217 lii·

148 2254 272 2309 ahardus
290 2253 419 2325 vetulos,
433 2251 591 2308 bichardus
616 2253 651 2321 ll,
674 2252 847 2309 Gunnoridis
874 2254 958 2324 lilius,

147 2350 177 2402 et
190 2347 246 2402 duo
259 2346 310 2401 lilii
324 2346 385 2417 ejus
399 2345 559 2400 bichardus
569 2345 681 2416 juvenis
700 2351 728 2402 et
742 2347 900 2403 Radbertus
912 2350 959 2404 le-

147 2440 380 2512 rosolymitanus,
396 2441 481 2510 atqua
495 2437 663 2494 Gaillelmus
678 2440 794 2496 Nothus.
813 2443 867 2497 iste
883 2458 959 2511 vero,

147 2534 196 2606 qui
220 2537 347 2605 tempore
369 2532 485 2587 ultimus
508 2532 624 2599 exstitit,
648 2549 747 2588 ornnes
767 2540 960 2592 antecessores

147 2642 214 2682 suos
224 2626 391 2682 tortitudine
405 2629 434 2680 et
443 2624 617 2680 sublimitate
627 2627 813 2694 transcendit,
825 2630 960 2685 moriens-

145 2736 201 2793 que
215 2720 357 2776 iiodberlo
366 2719 502 2774 ducatum
510 2719 731 2775 Normanniaect
740 2720 888 2777 Guillelmo
899 2740 960 2795 reg·

144 2830 215 2870 num
228 2813 338 2884 anglia
355 2812 473 2868 dimisit.

181 2907 342 2964 Radbertus
360 2911 467 2974 autem,
483 2906 577 2961 mallis
597 2907 696 2974 dux,a
717 2907 814 2979 rigore
833 2909 958 2981 priorum

1011 2065 1068 2120 suis
1083 2065 1140 2119 lieo
1158 2064 1360 2132 satisfacturus,
1376 2064 1406 2119 in
1420 2065 1576 2121 Jerusalem
1594 2079 1726 2137 pergere.
1742 2063 1826 2130 Quod

1011 2175 1061 2214 rex
1083 2159 1240 2230 anglorum
1262 2164 1294 2213 ut
1317 2158 1469 2230 comperit,
1490 2157 1570 2214 valde
1592 2157 1706 2229 gavisus
1728 2155 1824 2214 oonsi-

1009 2254 1081 2308 lium
1092 2251 1225 2308 laudarit.
1247 2250 1454 2308 Normanoiam
1476 2268 1566 2323 osque
1580 2251 1616 2306 ad
1629 2250 1758 2324 quinque
1770 2268 1823 2306 ao·

1010 2363 1062 2402 nos
1074 2348 1235 2402 servaturus
1250 2346 1367 2417 recepit,
1383 2344 1520 2418 fratrique
1537 2360 1599 2416 auo,
1614 2345 1650 2400 ad
1668 2343 1745 2400 riam
1767 2346 1823 2401 llo·

1010 2441 1079 2497 mini
1091 2438 1292 2512 peragendam,
1305 2439 1404 2494 decem
1415 2439 1505 2495 millia
1516 2453 1627 2494 marcos
1639 2439 1753 2511 argenti
1763 2454 1824 2495 aro·

1010 2535 1096 2607 gavit.

1045 2628 1173 2684 Urbanus
1187 2644 1270 2699 papa,
1284 2627 1312 2682 in
1326 2626 1458 2698 sequenti
1478 2626 1699 2699 Quadragesima
1717 2626 1823 2697 [toao'‚

1009 2720 1128 2776 Turonis
1148 2720 1225 2776 aliod
1247 2719 1397 2775 concilium
1420 2721 1521 2788 tenerit,
1536 2724 1565 2775 et
1587 2736 1630 2790 ea,
1651 2719 1728 2775 unde
1747 2719 1824 2792 apud

1009 2816 1252 2870 clarummontem
1270 2817 1448 2883 tractaverat,
1470 2813 1659 2869 confirmarit.
1675 2816 1707 2869 ln
1727 2813 1823 2869 medio

1010 2908 1243 2981 Quadragcsimae
1261 2907 1406 2963 basilicam
1427 2907 1522 2962 Sancti
1536 2906 1644 2962 Nicolai
1658 2906 1822 2980 andegavis

143 3001 261 3069 decidit,
278 3003 306 3056 et
319 2999 436 3072 pigritia
450 2999 629 3072 mollitieque
643 3001 761 3071 torpuit.
775 3002 839 3057 Plus
849 3003 997 3105 provin-C
1010 3002 1159 3068 dedicavit,
1180 3004 1209 3057 et
1227 3001 1385 3073 privilegiis
1405 2999 1566 3073 apostolicis
1584 3000 1744 3057 honorarit.
1758 2998 1822 3057 Gai·

146 3093 230 3151 ciales
244 3093 372 3149 subditos
386 3093 499 3162 timens,
515 3109 601 3165 quam
620 3093 656 3148 ab
677 3094 732 3148 illis
752 3094 916 3166 timebatur,
930 3101 959 3152 ct
1008 3095 1120 3151 fredum
1137 3095 1307 3164 Monetium,
1324 3094 1488 3165 [barbatum
1504 3092 1580 3166 (30)]
1598 3093 1840 3167 andegavorum

1008 3188 1150 3256 comitem,
1169 3189 1283 3243 hortatu
1301 3193 1329 3243 et
1349 3190 1490 3259 potestate
1513 3187 1548 3243 de
1569 3187 1690 3243 vinculis
1707 3188 1820 3260 liberat,

1008 3298 1093 3355 quem
1109 3283 1193 3337 Falco
1203 3281 1348 3349 Riohinus,
1359 3280 1460 3352 junior
1471 3281 1562 3336 irater
1573 3282 1645 3352 ejus,
1657 3281 1822 3352 proditione

1008 3378 1133 3449 ceperat,
1150 3375 1300 3432 dominum
1310 3390 1426 3447 quoque
1439 3389 1535 3443 saum,
1546 3375 1656 3430 honore
1666 3375 1821 3447 privatum,

1007 3469 1082 3542 apud
1109 3469 1271 3525 chinonem
1297 3471 1421 3525 matrum
1444 3468 1504 3527 iere
1526 3482 1580 3524 xxx
1602 3467 1685 3525 annis
1711 3470 1823 3527 mrceri

1007 3562 1217 3636 mancipaverat
1233 3564 1298 3635 (31).

33 3216 37 3222 ·
145 3187 212 3244 inde
240 3188 378 3243 damnosa
405 3187 576 3257 perversitas
601 3187 630 3241 io
657 3189 735 3242 terra
765 3189 826 3260 ejus
855 3191 958 3261 passim

144 3280 336 3354 grassabatur.
362 3280 513 3348 Hearicus,
535 3280 624 3336 irater
647 3279 737 3349 ducis,
762 3283 956 3353 Danirontem,

144 3374 331 3431 fortissimum
348 3378 484 3443 castrum,
505 3373 677 3446 possidebat,
692 3377 721 3429 et
739 3390 876 3448 magnam
892 3393 957 3450 par·

144 3471 204 3525 lem
223 3467 360 3524 Neuetriae
377 3468 429 3523 sibi
449 3468 546 3524 favore
560 3469 603 3524 rel
619 3468 707 3524 armis
723 3469 885 3542 subegerat,
901 3471 957 3526 ira·

143 3563 237 3635 triqae
251 3579 301 3618 suo
314 3561 351 3619 ad
366 3561 477 3618 libitum
494 3578 588 3634 suum,
603 3579 656 3618 nec
673 3562 767 3632 aliter,
781 3563 957 3621 obsecunda·

172 3736 224 3799 (till
235 3735 329 3786 Potius
339 3734 477 3787 Henricus.

172 3806 224 3869 (30)
237 3807 309 3858 Dom
322 3807 459 3872 Bouquet.

172 3878 220 3942 (31]
237 3877 355 3928 Duobus
368 3881 431 3928 ante
443 3878 506 3930 haec
519 3878 599 3929 annia
612 3879 757 3932 abeodem
771 3880 883 3934 Urbano
897 3885 957 3935 tan·

1007 3752 1155 3792 cananeum
1176 3737 1271 3800 iuius,
1290 3736 1411 3788 uirorum
1432 3734 1612 3802 probabilium
1635 3735 1668 3788 de
1687 3735 1823 3791 nobilibus

1005 3813 1062 3864 suis
1080 3811 1171 3862 emaci
1188 3808 1355 3875 cognocimus
1371 3807 1506 3861 relatione.
1521 3809 1575 3860 Noe
1592 3807 1684 3874 igitur,
1700 3808 1751 3861 lenc
1764 3823 1822 3863 sue

1007 3888 1081 3947 cepto
1102 3882 1245 3947 imatione,
1269 3886 1296 3931 ut
1317 3881 1394 3945 uigor
1415 3878 1565 3945 apostolicae
1584 3879 1737 3932 obedientie
1757 3895 1822 3933 nua-

141 3951 227 3999 tatam
250 3949 337 3999 luisse
358 3949 550 4000 liberationem
569 3949 691 4013 Barbati,
711 3952 847 4004 discimus
865 3965 900 4004 ex
914 3967 958 4005 aa·
1002 3954 1061 4021 jori
1075 3969 1093 4006 π
1105 3952 1181 4005 nolis
1199 3956 1361 4004 tractaretur
1379 3950 1547 4011 auctoritate,
1566 3949 1743 4002 uenerabilem
1758 3950 1821 4016 {re-

143 4019 239 4083 quentl
253 4019 380 4085 Hugonia
397 4019 522 4085 Lugdun.
540 4020 740 4087 archiepiscopi
754 4027 782 4074 et
799 4026 958 4088 apostolicae
1007 4032 1072 4079 trem
1089 4030 1208 4077 nastrum
1223 4024 1411 4075 bituricensem
1429 4021 1653 4088 archiepiscopum
1670 4025 1821 4077 semotio

142 4089 216 4140 sedis
227 4089 310 4154 legati
327 4089 423 4141 charta
440 4090 474 4141 de
492 4090 667 4142 absolutione
681 4093 813 4144 Falconis
832 4094 959 4160 Andaga·
1007 4097 1050 4148 nie
1063 4096 1145 4160 iuius
1157 4095 1326 4147 adhibuimus
1339 4095 1437 4145 socium
1444 4107 1455 4157 ,·
1473 4098 1498 4144 et
1514 4093 1553 4145 sic
1565 4092 1646 4145 simul
1658 4094 1749 4158 positi,
1763 4094 1822 4159 {ra

142 4160 236 4209 venais
252 4159 369 4221 comitia,
389 4160 460 4211 inter
480 4159 663 4213 instrumenta
677 4176 756 4214 novae
775 4164 844 4215 Gall.
861 4165 955 4217 Christ.
1007 4174 1072 4219 trem
1087 4168 1187 4219 comitis
1205 4179 1282 4232 quern
1298 4170 1403 4230 captum
1415 4163 1588 4217 audiebamus
1605 4164 1723 4217 censuim
1735 4165 1823 4217 πάθω·

144 4229 192 4288 IV,
204 4230 255 4281 col.
273 4230 325 4281 10:
1006 4254 1065 4291 mus
1082 4254 1091 4289 :
1111 4252 1186 4304 quem
1207 4238 1247 4288 ita
1264 4236 1434 4299 desipientem
1454 4235 1612 4293 incurrimus,
1633 4240 1662 4286 ut
1683 4234 1823 4299 {aretusae

172 4301 246 4366 liupo
260 4301 442 4367 Lugdunensis
458 4302 669 4367 archiepiscopus
683 4306 957 4370 apostolicasedisle·
1007 4311 1040 4363 ab
1062 4308 1194 4368 omnibus,
1220 4312 1251 4359 ut
1271 4320 1382 4372 prorsus
1407 4305 1500 4357 inutile
1519 4310 1543 4358 et
1563 4318 1662 4357 uanum
1683 4308 1823 4361 uideretur

140 4379 226 4439 potua
241 4373 415 4425 dilectiaumis
428 4373 458 4424 in
472 4374 574 4426 Christo
592 4373 723 4438 tratribus
741 4379 953 4444 areuiepiecapis,
1004 4381 1122 4447 rependas
1140 4381 1164 4430 ei
1181 4380 1274 4445 patria
1294 4382 1449 4430 committere
1465 4377 1649 4443 principatum,
1665 4379 1713 4444 qui
1729 4378 1783 4431 etit
1797 4385 1822 4432 et

139 4444 280 4508 episcopis.
303 4441 459 4504 abbatibus,
480 4448 578 4495 sauctae
604 4446 651 4495 Dei
675 4446 795 4500 Ecclesia
819 4425 1124 4514 fidelibue‚Domeuibus
1148 4450 1261 4502 stultitia
1285 4464 1335 4502 auo
1361 4449 1447 4513 [octus
1473 4449 1565 4515 {uisset
1590 4449 1709 4511 inutilia,
1736 4464 1822 4518 usque

139 4514 260 4566 sulutem.
281 4513 419 4565 Communi
432 4513 638 4566 orthodoxorum
652 4519 769 4569 omnium
786 4522 885 4572 notitia
899 4528 955 4576 tro·
1004 4525 1070 4576 odeo
1084 4528 1112 4574 ut
1126 4524 1172 4573 nec
1187 4535 1234 4586 per
1248 4534 1343 4572 monus
1356 4524 1464 4572 nostras
1476 4534 1495 4571 π
1509 4521 1631 4585 captione
1645 4520 1722 4573 uellet
1740 4524 1820 4589 eripi.

139 4585 201 4637 dere
221 4586 330 4650 dignum
347 4585 545 4648 iudicauimus,
567 4587 683 4651 qualiter
702 4604 737 4641 ecc
759 4598 885 4656 precepto
908 4594 955 4645 do-
1007 4595 1129 4646 l'enimue
1149 4594 1239 4658 itaque
1258 4593 1295 4644 ad
1312 4591 1454 4644 cambium
1475 4592 1502 4642 8.
1526 4589 1666 4652 Florentii,
1684 4598 1709 4644 et
1727 4593 1759 4644 iu
1777 4593 1822 4646 die

138 4657 206 4708 mini
229 4658 314 4708 nostri
332 4669 410 4736 popae
432 4657 532 4708 Urbani
552 4671 601 4722 pro
622 4672 705 4711 causa
725 4660 849 4714 Fretconis
867 4664 954 4716 aune·
1003 4667 1157 4719 Natiuitatis
1176 4667 1264 4717 sancti
1284 4665 1544 4729 loannis-baptistae,
1567 4664 1689 4716 uirorum
1711 4663 1821 4731 mligio·

139 4729 294 4792 pauentium
317 4729 418 4808 comatis
439 4741 520 4793 usque
543 4729 578 4779 ad
604 4729 667 4794 finer
688 4732 891 4798 andegavorum
914 4750 955 4786 ue-
1001 4752 1092 4790 sorum
1115 4739 1296 4802 episcoporum
1321 4740 1345 4786 et
1363 4735 1487 4787 abietum
1510 4736 1556 4801 qui
1578 4735 1685 4787 inuitati
1707 4736 1822 4789 aduene-

138 4798 230 4848 niendi
242 4796 606 4879 'obedientiamusuacepimua
621 4805 649 4851 ut
662 4815 719 4852 eum
735 4817 753 4853 π
770 4804 873 4855 uinculo
887 4819 954 4857 ono·
1003 4815 1075 4868 rant,
1094 4809 1234 4861 Falconem
1252 4808 1370 4859 comitem
1386 4813 1513 4872 paratum
1529 4806 1685 4870 satisfacere
1698 4813 1748 4859 aut
1769 4822 1821 4859 ra·

139 4868 259 4920 thematis
289 4881 339 4934 qua
357 4868 468 4951 'diutino
497 4875 608 4933 tempore
634 4871 777 4924 innodatus
801 4880 878 4936 erat,
903 4890 953 4940 pro
1002 4883 1097 4932 tionem
1119 4879 1238 4942 reddere,
1261 4880 1386 4930 unanimi
1406 4878 1525 4929 omnium
1546 4883 1604 4929 uoto
1627 4882 1652 4929 et
1674 4876 1756 4930 laude
1775 4878 1821 4931 ai·

137 4941 258 5003 captione
277 4938 374 5002 {ratres
396 4953 438 4991 auu
463 4939 591 5003 Gousridi
610 4956 685 5007 quem
705 4944 735 4994 in
757 4943 823 4995 bello
848 4946 953 5010 publico
1002 4953 1127 5005 soluimus
1145 4966 1154 5000 ι
1175 4952 1288 5014 acceptis
1307 4950 1341 5001 ab
1365 4964 1393 5001 aa
1414 4947 1601 5003 securitatibus
1624 4954 1667 5008 ut,
1687 4951 1713 5002 si
1734 4949 1821 5014 frater·

138 5016 257 5075 ceperat,
276 5010 484 5074 absolveremua;
509 5025 567 5062 cum
587 5016 671 5064 tumen
692 5014 746 5079 ipse
765 5029 848 5067 cumea
867 5019 952 5069 ratio·
1002 5024 1059 5087 ejus
1081 5022 1290 5073 meliorationem
1310 5034 1400 5073 sensus
1419 5021 1554 5085 reciperet,
1571 5033 1603 5071 ea
1621 5024 1754 5085 praecepto
1768 5022 1821 5074 do-

136 5092 197 5132 nem
214 5082 323 5133 reddere
341 5086 390 5132 aut
408 5081 561 5146 sotusocere
579 5089 625 5135 out
641 5086 770 5149 iudicium
790 5086 878 5138 urbice
897 5102 953 5140 non
1001 5095 1068 5144 mini
1085 5094 1170 5144 nostri
1189 5106 1265 5157 popce
1285 5092 1326 5143 oet
1348 5097 1447 5155 nostro,
1467 5096 1515 5143 out
1530 5091 1702 5143 concordiam
1721 5090 1822 5154 {ocem

137 5151 343 5233 subterfugeret,
364 5154 417 5205 imo
435 5167 537 5219 semper
551 5160 666 5220 paratus
684 5164 755 5209 esset.
781 5160 812 5208 tlt
830 5159 952 5211 uirorum
1001 5176 1059 5217 euru
1078 5177 1116 5224 eo,
1136 5169 1184 5214 aut
1199 5163 1332 5227 judicium
1350 5162 1440 5215 subire
1460 5168 1573 5228 paratus
1593 5168 1666 5223 eust,
1683 5175 1731 5215 nac
1749 5176 1821 5216 uno·

135 5220 315 5303 probabilium
337 5222 491 5275 clericorum
512 5231 537 5276 et
558 5225 686 5278 laicorum
709 5229 839 5281 relatione
859 5245 953 5296 coquo·
1001 5251 1056 5287 rem
1080 5237 1200 5295 duceret,
1228 5235 1260 5287 ile
1286 5248 1402 5300 quorum
1427 5235 1615 5288 numerositate
1638 5234 1820 5299 culpabatur,

136 5305 231 5355 mnus,
249 5293 376 5358 praefatus
393 5293 481 5377 (noter
500 5299 565 5361 cius,
585 5303 697 5362 tompore
715 5313 767 5365 qua
786 5307 877 5366 coptus
890 5302 950 5366 suit,
1001 5306 1100 5373 absque
1115 5311 1205 5359 nostro
1228 5306 1346 5359 consilio.
1370 5306 1449 5371 Cujus
1471 5307 1511 5357 rei
1534 5310 1611 5371 quta
1631 5307 1728 5359 aerim
1746 5303 1820 5359 eote

136 5376 156 5444 π
174 5363 306 5448 Stephano
322 5364 462 5417 cardinale
479 5368 601 5418 Romanas
619 5369 688 5421 sedis
707 5369 802 5434 legato,
814 5386 867 5438 pro
885 5373 952 5425 mul-
998 5378 1118 5444 pondere
1134 5377 1326 5442 jndicacinrue.
1346 5376 1533 5442 lislipioeorum
1552 5382 1639 5429 aanor
1658 5378 1707 5443 qui
1728 5376 1821 5442 adtu-

135 5434 233 5485 nmoda
254 5438 359 5501 innume
381 5451 462 5502 quam
481 5436 611 5501 interebat
635 5441 780 5494 turonensi
798 5443 910 5496 ecckeiee
927 5452 952 5499 et
999 5453 1061 5498 runt
1081 5447 1192 5500 mnino
1211 5448 1263 5500 brec
1280 5453 1341 5501 suut
1358 5463 1367 5497 .·
1385 5446 1538 5501 aldebertus
1556 5447 1763 5501 Βθθπνθωωθππι
1775 5460 1822 5499 or·

135 5503 225 5556 abbati
242 5507 269 5558 S.
285 5509 400 5558 Martini
418 5509 720 5573 Maioris-Honorino,
740 5518 950 5569 recommunica-
999 5519 1184 5584 clriepiscopee,
1204 5518 1321 5571 necetur
1338 5518 1563 5572 cenomannensis
1580 5519 1726 5585 episcopas,
1747 5516 1821 5571 oute

133 5579 176 5625 ’Ν
195 5582 275 5660 frah
299 5582 323 5628 tl
346 5577 458 5661 nunaut
478 5579 539 5631 tute
560 5582 731 5648 Principatus
754 5586 951 5653 Andepauensis
1000 5589 1089 5643 bimus
1106 5591 1226 5644 ablues.
1241 5591 1379 5653 florentii,
1393 5591 1549 5645 limaretur
1565 5588 1649 5645 πάθω
1666 5590 1716 5645 88.
1732 5590 1820 5657 darei

133 5651 274 5701 constetne
293 5648 328 5700 ab
353 5663 410 5731 apso
434 5649 520 5715 legato
541 5664 573 5703 se
592 5659 672 5718 purte
693 5656 720 5707 S.
744 5658 817 5711 Petri
838 5658 951 5713 deuotus
999 5666 1024 5713 et
1043 5663 1147 5727 Baccti,
1169 5664 1303 5717 Girardus
1322 5662 1406 5717 attus
1425 5663 1453 5717 S.
1470 5662 1573 5725 antei,
1592 5660 1717 5717 Nsaldu
1736 5660 1819 5716 alias

128 5709 239 5785 {ueram
260 5732 336 5789 quem
357 5719 463 5791 quadem
484 5727 508 5778 st
526 5722 560 5777 ab
583 5725 716 5780 auunculo
736 5741 785 5782 ruo
809 5729 950 5799 deotfrido
999 5733 1026 5786 8.
1050 5732 1162 5796 namma,
1184 5732 1325 5788 baldricus
1346 5732 1428 5788 ollas
1449 5731 1642 5805 carpatiensis,
1665 5727 1782 5807 ΜΝ*
1793 5736 1826 5766 ’··
