3750 6046
66 174 118 232 tat
474 184 633 242 HISTORIA
651 188 922 248 ecelesiastica.
942 220 976 232 -
995 191 1081 249 PARS
1102 178 1149 248 ill.
1168 222 1204 234 -
1223 194 1286 250 LlB.
1308 192 1375 249 xttt.
1702 194 1754 251 982

66 296 208 356 cederent
221 302 270 374 qni
285 304 395 362 dudum
409 306 585 379 obstiterant,
598 313 721 369 emolliri
736 314 887 386 apristiuo
898 316 1003 402 Abem
1025 317 1254 373 scrobesburiam
1269 317 1371 372 schola
1390 317 1511 372 traditus
1524 332 1598 384 sum,
1610 319 1639 372 ct
1659 316 1753 388 prima

66 390 168 464 rigore
184 402 343 467 coepemnt,
358 403 387 456 et
400 403 560 460 munitione
570 405 694 478 reddita,
707 407 889 465 dominatum
938 411 988 466 tibi
1003 410 1116 466 servitia
1129 412 1279 467 clericatus
1299 411 1388 467 obtuli
1408 411 1438 465 in
1457 410 1571 465 basilica
1590 413 1753 467 sanctorum

64 484 192 544 roffredi
205 492 330 547 consulis
344 496 373 550 et
395 495 537 552 blathildis
554 508 750 572 susceperunt.
765 502 809 559 Sic
828 520 888 560 non
938 504 1013 560 Petri
1029 510 1057 560 et
1072 505 1152 561 l‘auli
1165 506 1370 577 apostolorum.
1385 505 1447 561 lllic
1459 504 1617 576 Signardns
1632 504 1752 576 insignis

66 580 164 637 multo
177 588 240 654 post
253 587 414 660 municipes
426 590 462 646 de
474 592 654 650 Noneucorte
667 595 807 653 lecerunt.
937 599 1088 672 presbyter
1101 617 1152 674 per
1164 600 1291 671 quinque
1306 615 1394 655 annos
1408 599 1568 656 Carurentis
1586 598 1751 653 Nicostratae

102 674 228 733 ioannes
253 694 321 735 vcro
343 682 522 740 lexoviensis
547 688 695 762 episcopus
715 691 778 762 jam
802 708 886 764 grau-
938 693 1045 748 litteras
1060 694 1157 749 docuit
1175 710 1231 763 me,
1246 710 1279 749 ac
1299 693 1416 765 psalmis
1437 696 1466 748 ct
1487 692 1613 764 hymnis,
1629 691 1750 763 aliisque

66 767 169 825 daevus
184 778 213 826 et
228 773 321 829 multa
333 783 467 848 expertus
482 779 683 851 diuturnitate,
699 784 760 839 sine
774 802 824 858 spe
839 786 888 842 ali·
936 787 1103 844 necessariis
1121 786 1355 842 instructionibus
1378 786 1549 859 mancipavit
1569 802 1629 841 me.
1642 787 1752 842 interea

64 862 152 935 cujm
163 866 263 922 auxilii
272 884 406 941 guerram
420 873 645 946 andegavorum
655 877 758 934 nolens
770 885 828 935 tam
837 880 887 936 din
937 880 1102 960 praedictam
1123 881 1267 937 basilicam
1289 897 1377 955 super
1401 881 1503 937 Melam
1525 882 1633 936 flumen
1655 880 1750 950 sitem,

63 956 201 1030 sufferre,
219 963 341 1020 maxime
357 981 423 1023 cum
447 967 558 1025 videret
577 971 640 1026 illos
662 973 702 1028 cis
724 973 886 1047 Sequanam
936 992 1000 1048 quan
1013 976 1100 1049 patris
1113 975 1169 1030 mei
1188 980 1257 1040 erat,
1275 975 1442 1044 sublimasti,
1459 979 1488 1030 et
1500 991 1554 1046 per
1569 974 1646 1046 piam
1659 975 1749 1031 devo·

68 1054 181 1125 passim
197 1059 395 1130 praeeminere,
413 1061 534 1135 etplura
545 1064 706 1122 vicinorum
721 1068 827 1140 oppida
840 1086 888 1142 pa·
936 1072 1042 1127 bouem
1060 1071 1177 1142 Rogerii
1195 1070 1307 1125 comitis
1322 1069 1483 1125 venerabile
1502 1069 1664 1124 coeuobinm
1683 1084 1749 1125 cou-

67 1147 152 1204 ciflce
164 1150 217 1206 sibi
231 1152 384 1225 subjicere,
401 1157 533 1212 consultu
559 1159 717 1216 amicorum
736 1162 765 1216 in
783 1163 885 1219 ultima
936 1163 1072 1219 struxisti.
1089 1165 1151 1218 Non
1165 1164 1215 1218 tibi
1229 1165 1344 1235 placuit,
1356 1168 1388 1218 ut
1398 1163 1454 1218 illic
1466 1162 1571 1218 diutius
1582 1162 1747 1232 militarem,

67 1243 232 1314 septimana
248 1246 480 1321 Quadragesimee
495 1268 595 1322 pacem
608 1253 675 1309 lecit
689 1272 754 1311 cum
769 1256 884 1314 comite.
935 1275 972 1313 ne
993 1259 1070 1313 iuter
1089 1263 1231 1328 parentes,
1249 1257 1297 1329 qui
1319 1257 1407 1313 servis
1424 1257 1481 1311 tuis
1502 1256 1647 1312 multoties
1668 1256 1750 1312 oneri
1852 1278 1855 1283 ⁴

66 1338 183 1395 Deinde
208 1348 276 1397 aute
300 1345 487 1400 Pentecosten
505 1345 631 1403 Cadomo
649 1364 780 1405 reversus
797 1351 883 1406 Lero·
935 1357 1001 1407 sunt
1023 1354 1051 1406 et
1069 1350 1284 1423 impedimento,
1306 1357 1420 1422 paterer
1443 1350 1685 1422 inquietudinem,
1702 1349 1747 1405 vel

66 1432 158 1503 vium,
176 1452 211 1491 ex
232 1436 321 1493 nimio
336 1443 406 1493 aestu
425 1444 454 1493 et
472 1439 570 1496 labore
586 1440 748 1499 infirmatus
771 1447 833 1514 est;
857 1449 884 1501 et
934 1445 1048 1518 aliquod
1063 1445 1269 1501 detrimentum
1287 1446 1317 1500 iu
1331 1444 1525 1500 observatione
1539 1444 1611 1516 legis
1626 1449 1683 1499 tue
1696 1459 1748 1515 per

66 1535 134 1600 post
149 1530 366 1601 aegmtatiouem
382 1532 466 1587 unius
475 1533 671 1603 hebdomadis,
686 1552 768 1593 xxxrv
778 1537 885 1610 episco·
934 1545 1086 1612 parentum
1102 1540 1248 1595 carnalem
1260 1539 1394 1596 allectum
1410 1539 1597 1594 incurrerem.

65 1628 152 1695 patus
173 1623 216 1678 sui
236 1640 322 1692 anuo,
347 1642 383 1681 rvr
405 1626 544 1683 Kalendas
565 1629 639 1684 lunii
662 1629 811 1687 defunctus
831 1637 882 1689 est.
971 1633 1088 1702 idcirco,
1115 1633 1238 1706 gloriose
1262 1635 1346 1703 Deus,
1371 1633 1420 1704 qui
1441 1631 1585 1687 Abraham
1611 1632 1646 1687 de
1668 1635 1747 1687 terra

66 1716 146 1773 Tunc
168 1718 314 1788 Retrocus,
332 1719 509 1776 Ebroicensis
529 1722 687 1794 episcopus,
708 1730 736 1780 et
757 1727 882 1782 llannul·
894 1701 923 1774 B
934 1728 1080 1801 patrisque
1094 1727 1180 1784 domo
1199 1732 1227 1783 ct
1240 1727 1410 1800 cognatione
1424 1726 1520 1798 egredi
1537 1725 1656 1796 jussisti,
1672 1726 1746 1781 Ode·

66 1810 113 1867 ius
133 1811 273 1867 Uticensis
299 1813 397 1884 abbas,
418 1815 524 1888 aliique
546 1816 674 1873 dioecesis
694 1835 751 1874 suae
771 1820 884 1877 abbates
934 1821 1036 1877 leriam
1050 1826 1161 1893 patrem
1175 1837 1272 1877 meum
1294 1819 1434 1892 aspirasti,
1450 1821 1482 1874 ut
1498 1836 1543 1874 me
1558 1818 1610 1874 sibi
1633 1818 1748 1890 penitus

67 1912 280 1976 convenerunt,
297 1911 326 1962 et
338 1908 367 1963 in
383 1909 498 1964 basilica
511 1909 540 1966 S.
556 1911 632 1966 Petri
647 1913 767 1984 apostoli
782 1930 883 1986 corpus
933 1915 1084 1985 abdicaret,
1106 1921 1134 1987 et
1153 1916 1204 1971 tibi
1221 1914 1396 1970 omnimodis
1416 1913 1590 1985 subjugaret,
1607 1912 1746 1967 llsinaldo

66 1999 131 2071 ejus
144 2005 212 2056 ante
227 2017 307 2057 aram
320 2001 348 2059 S.
362 2001 506 2059 blichaelis
518 2004 554 2059 ad
564 2005 757 2076 aquilonalem
770 2008 884 2080 plagam
934 2009 1022 2082 igitur
1039 2009 1179 2065 monacho
1197 2010 1312 2081 plorans
1330 2009 1492 2081 plorantem
1512 2024 1558 2062 me
1574 2006 1703 2075 tradidit,
1719 2012 1749 2061 et

66 2095 256 2168 ⁵0P‘2152fflssl·
932 2118 1088 2176 proamore
1096 2109 1145 2159 tuo
1158 2104 1187 2158 in
1197 2102 1552 2170 exsiliumdestinavit,nec
1562 2117 1608 2156 me
1620 2116 1748 2171 unquam

100 2190 182 2246 Tunc
195 2189 352 2245 Ludovicus
372 2191 498 2260 iuvenis,
514 2193 688 2249 Francorum
706 2211 767 2263 rex,
781 2195 881 2266 iugen-
932 2202 1031 2270 postea
1056 2196 1136 2252 vidit.
1160 2196 1289 2251 Paternis
1310 2212 1415 2267 nenrpe
1436 2195 1508 2250 votis
1531 2194 1653 2250 tonellus
1673 2210 1748 2267 puer

65 2287 125 2340 tem
157 2285 314 2340 exercitum
349 2285 542 2357 congregavit,
568 2304 600 2341 ac
631 2287 666 2342 ad
703 2288 883 2344 festivitatem
933 2291 1045 2347 obviare
1067 2308 1124 2346 uon
1149 2291 1326 2362 praesumpsi,
1346 2290 1394 2344 scd
1417 2289 1447 2343 iu
1469 2288 1600 2344 omatibus
1619 2288 1747 2344 illiultro

64 2380 96 2435 S.
113 2379 232 2434 loannis
247 2378 381 2451 Baptistae
403 2380 532 2434 Tolosam
554 2380 683 2436 obsidere
703 2382 839 2453 perrexit,
854 2388 882 2438 et
933 2385 1076 2458 adquievi,
1091 2385 1156 2457 quia
1171 2386 1232 2456 ipse
1248 2384 1319 2439 milri
1335 2383 1486 2455 spopondit
1500 2400 1533 2437 cx
1553 2387 1635 2454 parte
1648 2387 1707 2450 tua,
1723 2381 1747 2436 si
1828 2432 1831 2439 .

62 2473 92 2528 in
109 2473 259 2528 consulem
274 2472 469 2528 andefonsum
485 2474 638 2530 ltaimuudi
652 2474 742 2531 lilium
758 2477 882 2548 pradiari
933 2480 1091 2535 monachus
1104 2480 1212 2547 lierem,
1232 2478 1308 2550 quod
1329 2483 1392 2549 post
1411 2481 1535 2533 mortem
1553 2493 1648 2532 meam
1666 2492 1747 2547 para-

63 2566 228 2623 conlendil·
933 2574 1025 2628 disum
1057 2590 1122 2628 curn
1155 2572 1359 2628 innocentibus
1384 2571 1570 2643 possiderem.
1596 2571 1748 2625 Gratanter

99 2663 175 2716 Ecce
193 2661 273 2716 senio
290 2665 318 2716 et
341 2662 509 2718 intirmitate
526 2662 672 2734 fatigatus,
687 2664 792 2720 librum
806 2665 882 2721 bunc
931 2667 1005 2723 iacta
1019 2667 1094 2722 iuter
1107 2683 1153 2722 me
1166 2671 1195 2720 et
1205 2672 1242 2734 te,
1258 2666 1386 2737 genitore
1400 2682 1464 2720 meo
1475 2665 1673 2736 proloquente,
1681 2680 1747 2719 con·

61 2756 151 2812 finire
166 2756 259 2826 cupio,
279 2762 307 2810 et
321 2756 374 2810 boc
388 2762 419 2811 ut
431 2756 481 2811 liat
492 2756 621 2828 pluribus
635 2774 669 2812 ex
684 2758 774 2813 causis
786 2759 881 2813 mani·
933 2761 1065 2816 ventione
1085 2759 1293 2831 hujuscemodi,
1318 2759 1440 2830 patriam
1464 2764 1493 2813 et
1520 2759 1663 2829 parentes,
1687 2774 1746 2812 om-

61 2849 139 2906 iesta
159 2848 284 2920 exposcit
303 2849 387 2905 ratio.
401 2851 472 2905 Nam
495 2851 707 2922 sexagesimum
729 2854 882 2925 septimum
932 2870 1055 2927 nemque
1075 2854 1288 2925 cognationem,
1305 2857 1333 2907 ct
1352 2856 1434 2907 notos
1452 2857 1480 2906 et
1498 2852 1605 2905 amicos
1623 2850 1726 2921 reliqui
1737 2867 1746 2919 ;

61 2943 160 3000 aetatis
174 2959 246 2998 meae
260 2959 369 2998 anuum
381 2944 411 2998 in
426 2946 503 2999 cultu
514 2945 625 3000 Domini
636 2946 766 3002 meilesu
779 2947 882 3003 Christi
933 2948 983 3021 qui
1008 2950 1198 3021 lacrymantes
1224 2952 1253 3002 ct
1280 2947 1434 3001 salutantes
1461 2944 1592 3016 benignis
1616 2944 1748 3016 precibus

63 3055 185 3112 perago,
206 3044 235 3093 ct
260 3037 329 3093 dum
350 3039 499 3110 optimates
521 3039 607 3110 hujus
632 3041 725 3095 saculi
748 3041 882 3112 gravibus
892 3071 920 3145 C
932 3041 1210 3098 commendaverunt
1225 3057 1272 3095 mo
1286 3040 1351 3108 tibi,
1371 3054 1511 3094 osumme
1526 3039 1601 3092 Deus
1615 3035 1744 3092 Adonai!

61 3133 233 3188 infortuniis
248 3132 359 3205 sibique
373 3133 453 3187 valde
467 3133 615 3188 contrariis
628 3134 779 3206 comprimi
788 3135 880 3204 video,
969 3135 1119 3191 Orationes
1132 3136 1257 3201 illorum,
1272 3150 1379 3207 quaeso,
1407 3133 1527 3205 suscipe,
1543 3137 1572 3186 et
1591 3148 1656 3202 quae
1676 3129 1747 3185 mihi

62 3227 160 3300 gratia
176 3227 224 3281 Dei
237 3227 398 3293 roboratus,
412 3227 564 3282 securitate
576 3228 762 3298 subjectionis
774 3232 803 3283 et
815 3245 882 3300 pau·
931 3233 1109 3301 optaverunt,
1126 3230 1171 3301 pie
1185 3245 1235 3283 rea
1251 3228 1384 3291 Sabaoth,
1399 3228 1556 3282 clementer
1568 3242 1673 3280 annue.

61 3319 184 3392 portatis
205 3320 342 3392 tripudio,
363 3337 400 3375 en
416 3320 575 3392 Stephanus
598 3337 647 3375 rex
670 3321 829 3393 anglorum
850 3321 880 3376 in
967 3322 1104 3379 Decsunis
1120 3323 1215 3394 itaque
1231 3321 1425 3377 Britannicum
1447 3337 1527 3376 mare
1550 3318 1744 3382 transfretavi,

61 3429 179 3470 carcere
194 3430 313 3486 genvens
329 3415 484 3482 detinetur,
508 3421 536 3470 et
548 3415 715 3483 Ludovicus,
729 3433 777 3470 rer
793 3416 879 3471 Fran·
931 3418 1011 3475 exsul
1026 3418 1055 3472 iu
1075 3415 1280 3471 lt'ormanniam
1301 3415 1375 3482 veui,
1392 3415 1501 3469 curretis
1520 3415 1634 3483 ignotus
1656 3412 1746 3467 irenti-

63 3525 180 3574 corum,
195 3509 405 3580 expeditionem
420 3526 507 3580 agens
527 3516 626 3564 contra
644 3510 751 3565 Gothos
765 3515 793 3564 ct
807 3510 879 3564 Gua-
931 3530 998 3568 nem
1011 3511 1140 3582 cognovi.
1152 3511 1301 3580 Linguam,
1317 3513 1347 3562 ut
1360 3508 1464 3579 loseph
1477 3507 1507 3562 in
1518 3510 1647 3579 ,ligyptn
1658 3522 1745 3577 quam

62 3619 175 3669 scoues,
189 3602 318 3674 pluribus
332 3603 406 3657 curis
420 3603 522 3658 crebro
535 3604 683 3669 anxiatum
707 3620 744 3658 eu
759 3604 881 3675 praesule
931 3622 988 3661 uon
1005 3620 1153 3672 noveram,
1168 3602 1272 3658 audivi.
1288 3600 1470 3673 Sullragante
1481 3606 1575 3656 tamen
1585 3600 1675 3671 gratia
1686 3604 1745 3667 tua,

62 3696 212 3765 defuncto,
239 3696 415 3752 lexoviensis
440 3697 573 3753 cathedra
596 3701 674 3752 caret
696 3697 839 3769 episcopo,
854 3700 882 3753 et
932 3700 1006 3755 inter
1019 3706 1132 3754 exteros
1147 3713 1264 3752 omnem
1283 3693 1535 3751 mansuetudinem
1550 3698 1578 3748 et
1597 3692 1747 3748 familiari·

62 3791 181 3862 quaudo
202 3790 246 3845 vel
260 3791 371 3862 qualem
395 3792 527 3846 habitura
544 3791 581 3845 sit
601 3790 765 3863 pontilicem
787 3791 881 3846 nescio
911 3802 915 3811 ·
932 3798 1020 3849 tatem
1034 3793 1139 3865 reperi.
1155 3796 1178 3846 Α
1192 3791 1346 3847 venerabili
1358 3789 1494 3846 ldaiuerio
1510 3788 1612 3843 abbate
1633 3787 1663 3841 iu
1686 3802 1746 3841 rno-

62 3885 130 3956 (85)·
142 3885 217 3949 Quid
231 3885 353 3957 amptius
365 3886 477 3940 dicam?
931 3888 1056 3943 naslerio
1072 3886 1193 3943 Uticensi
1205 3902 1233 3942 xv
1246 3885 1337 3941 aetatis
1354 3900 1427 3940 inea!
1447 3899 1524 3938 avano
1540 3882 1575 3936 ad
1594 3880 1745 3939 monacha-

100 3980 177 4034 luter
189 3979 261 4048 haec,
276 3979 456 4051 omnipotens
471 3981 555 4049 Deus,
572 3977 718 4052 eloquium
732 3996 829 4034 mecvm
844 3979 882 4036 ad
932 3985 993 4037 tum
1014 3986 1163 4053 susceptus
1181 3996 1256 4047 sum,
1272 3978 1475 4049 undecimaque
1498 3975 1640 4032 Kalendas
1659 3974 1745 4031 Octo-

61 4079 91 4129 te
105 4079 252 4144 converto,
268 4079 294 4129 el
310 4073 491 4128 clementiam
510 4080 589 4129 tuam
600 4080 633 4128 ut
645 4074 701 4129 mei
716 4073 881 4129 miserearis
930 4076 990 4132 bris
1006 4075 1153 4131 [lominico
1165 4072 1290 4129 clericali
1303 4072 1360 4127 ritu
1376 4074 1536 4127 tonsoratus
1546 4086 1621 4125 snm.
1632 4071 1746 4125 Nomen

61 4166 216 4240 dupliciter
228 4184 323 4223 exoro.
340 4167 400 4222 'libi
416 4168 521 4238 gratias
534 4184 601 4239 ago,
616 4184 731 4223 summe
753 4184 816 4238 rex,
831 4167 880 4239 qui
932 4186 1047 4242 qnoque
1069 4169 1167 4224 Vitatis
1188 4184 1242 4240 pro
1261 4167 1379 4238 Arrglico
1402 4166 1559 4234 vocamine,
1578 4165 1656 4237 quod
1673 4164 1747 4219 Nor-

59 4277 109 4316 me
125 4260 213 4332 gratis
227 4260 328 4328 iecisti,
343 4266 371 4316 et
384 4277 475 4316 annos
486 4278 563 4315 meos
576 4262 734 4316 secuudum
748 4261 881 4332 benepla·
932 4264 1047 4320 mannis
1059 4263 1200 4318 absonum
1215 4260 1395 4327 censebatur,
1411 4260 1482 4314 mihi
1496 4259 1661 4328 impositum
1677 4264 1720 4312 ost
1736 4278 1743 4310 z

57 4355 148 4410 citam
162 4355 337 4411 voluntatem
352 4358 432 4410 tuam
451 4354 627 4426 disposuisti.
641 4357 681 4410 Tu
695 4372 725 4411 es
740 4355 816 4413 enim
830 4370 880 4410 rex
932 4358 1009 4431 quod
1034 4357 1070 4413 ab
1097 4373 1152 4412 uno
1176 4355 1316 4411 sodalium
1336 4354 1427 4409 sancti
1450 4351 1573 4408 ldauricii
1598 4351 1743 4423 vuar-tyris,

60 4464 144 4504 meus
158 4454 187 4504 et
201 4450 275 4504 Deus
290 4465 382 4518 meus,
396 4453 424 4504 el
438 4466 492 4522 ego
508 4466 571 4504 sunt
588 4467 685 4506 servus
701 4456 778 4520 tuus,
791 4452 820 4504 et
832 4442 920 4513 nn·D
931 4453 1013 4525 cujus
1027 4456 1094 4508 tunc
1110 4449 1281 4521 martyrium
1298 4448 1508 4514 celebrabatur,
1525 4448 1668 4500 mutatum
1690 4450 1743 4499 est.

58 4543 136 4599 cillee
151 4545 206 4598 tuae
228 4543 314 4614 lilius,
330 4544 380 4616 qui
399 4561 450 4616 pro
475 4561 554 4615 posse
572 4561 637 4599 meo
660 4562 676 4599 a
699 4543 802 4615 primis
828 4542 880 4598 tihi
966 4548 997 4602 ln
1020 4546 1140 4618 praelato
1161 4542 1289 4599 cenobio
1308 4560 1351 4597 avr
1374 4540 1467 4610 annis,
1488 4546 1516 4596 te
1539 4540 1663 4607 favente,
1682 4553 1745 4593 cuu-

58 4639 126 4693 vitae
140 4654 211 4692 meae
224 4638 324 4692 servivi
339 4638 448 4693 dicbus.
460 4639 529 4693 Nam
543 4638 663 4694 Sabbata
677 4639 789 4694 Paschae
804 4637 881 4710 apud
931 4647 1059 4696 versatus
1085 4657 1160 4708 sum,
1185 4642 1213 4693 et
1235 4655 1252 4692 a
1276 4637 1384 4692 cunctis
1409 4633 1543 4691 iratribus
1570 4634 1659 4687 resulto
1681 4632 1745 4704 plus

57 4731 263 4804 attingesham
287 4731 448 4804 baptizatus
469 4750 543 4801 sum,
560 4732 610 4804 qui
630 4732 706 4788 ricus
729 4733 759 4787 iu
777 4732 880 4804 huglia
930 4751 1015 4807 quam
1032 4733 1134 4800 merui,
1156 4737 1267 4787 amatus
1286 4735 1315 4786 et
1336 4731 1489 4786 honoratus
1511 4744 1585 4784 sum.
1605 4729 1697 4783 AEstus
1717 4730 1746 4783 ct

56 4827 133 4882 situs
148 4831 192 4881 est
206 4842 292 4897 super
303 4827 453 4882 Sabrinam
464 4827 519 4898 (86)
534 4827 682 4898 ingentem
696 4827 824 4883 iluvium.
835 4827 876 4883 lbi
930 4830 1049 4901 frigora,
1064 4828 1235 4900 pondusque
1249 4824 1305 4880 diei
1323 4840 1474 4896 perpessus
1488 4825 1518 4878 in
1533 4823 1614 4878 vinea
1634 4822 1742 4878 Sorech

57 4936 114 4993 per
130 4919 321 4975 ministerium
337 4920 447 4976 Ordrici
460 4921 619 4993 presbyteri
633 4938 667 4975 cx
680 4938 755 4993 aqua
770 4927 798 4976 ct
817 4921 877 4991 spi·
929 4925 1005 4979 iuter
1028 4928 1091 4978 tuos
1114 4921 1248 4990 laboravi,
1271 4925 1300 4975 et
1319 4918 1480 4985 denarium,
1498 4933 1584 4988 quem
1603 4916 1744 4988 pollicitus
1849 4972 1861 4983 „

57 5014 117 5069 ritu
131 5019 230 5069 sancto
244 5030 291 5069 me
305 5015 492 5086 regenerasti,
506 5019 534 5070 et
548 5014 619 5069 mihi
636 5014 763 5085 ejusdem
785 5030 875 5069 sacer·
929 5035 969 5085 es,
984 5034 1111 5084 securus,
1124 5016 1192 5088 quia
1207 5014 1299 5070 lidolis
1314 5031 1353 5081 es,
1368 5009 1538 5084 exspectavi.
1553 5011 1607 5066 Sex
1624 5009 1743 5065 abbates

55 5107 144 5174 dotis,
159 5109 263 5179 patrini
277 5107 384 5163 scilicet
397 5110 464 5177 mci,
480 5125 586 5164 nomeu
601 5108 740 5165 indidisti.
928 5111 996 5183 quia
1010 5111 1053 5166 tui
1065 5111 1182 5166 luerunt
1193 5109 1302 5175 vicarii,
1317 5112 1348 5163 ut
1366 5112 1461 5178 patres
1481 5109 1509 5160 et
1528 5104 1679 5176 magistros
1698 5120 1743 5160 re·

94 5202 213 5271 Deinde,
230 5218 295 5257 cum
311 5204 438 5274 quinque
454 5219 547 5258 essem
567 5219 720 5271 annorum,
736 5202 811 5274 apud
826 5218 875 5257 ur·
928 5205 1033 5262 veritus
1047 5220 1121 5271 sum,
1135 5203 1303 5260 llairrcrium
1318 5205 1347 5257 et
1366 5201 1524 5269 serlonem,
1539 5198 1693 5270 llogerium
1716 5204 1744 5253 et

88 5318 137 5381 (aa)
152 5317 268 5369 Electus
282 5321 324 5370 est
339 5318 438 5369 eodem
451 5332 525 5370 anno
539 5333 556 5370 a
568 5318 644 5370 clero
659 5323 687 5368 et
701 5317 803 5383 populo
822 5319 876 5368 Ar·
927 5336 991 5372 nem
1006 5322 1172 5372 admitteret.
1183 5320 1255 5370 Petri
1266 5317 1434 5370 venerabilis
1442 5328 1539 5381 preces
1551 5313 1662 5365 admisit
1674 5328 1745 5378 pon·

52 5389 154 5440 nullus
174 5389 291 5440 loannis
309 5403 405 5454 nepos,
428 5390 570 5455 sagiensis
591 5389 812 5450 archidiaconus,
834 5389 876 5439 vir
928 5396 1004 5455 titex,
1020 5399 1047 5446 et
1062 5392 1172 5445 Arnultl
1192 5392 1363 5441 meritissimi
1386 5389 1513 5454 praesulis
1532 5387 1697 5440 electionem
1716 5390 1746 5437 et

52 5472 168 5510 morum
183 5460 343 5524 integritate
362 5465 389 5512 et
408 5460 535 5511 doctrina
555 5462 679 5512 illustris.
699 5460 785 5525 Cujus
803 5459 876 5511 elec·
927 5467 1128 5517 ordinationem
1149 5463 1332 5515 confirmavit.
1350 5460 1377 5513 S.
1398 5458 1554 5512 Bernardus
1574 5471 1624 5523 pro
1645 5457 1744 5508 eodem

51 5532 127 5583 tioni
140 5544 205 5581 cum
220 5531 366 5583 obsisteret
378 5533 528 5585 Gautridus
542 5533 755 5597 andegavorum
770 5544 874 5594 comes,
927 5538 1045 5588 Arnullo
1058 5537 1147 5586 electo
1159 5534 1194 5585 ad
1206 5534 1399 5586 innocentium
1412 5531 1508 5583 itidem
1523 5536 1619 5582 contra
1633 5527 1745 5581 (inatri-

52 5617 106 5671 pro
124 5602 214 5654 electo
228 5617 294 5654 cum
314 5605 415 5668 insigni
431 5606 521 5670 elogio
541 5607 650 5670 scripsit
669 5605 767 5654 Petrus
784 5603 874 5653 Vene—
926 5609 993 5659 dum
1012 5608 1145 5659 comitem
1162 5607 1280 5671 scripsit.
1296 5605 1438 5658 Mabillon.
1454 5601 1556 5653 Annei.
1575 5602 1711 5650 senescet,
1723 5603 1751 5645 a.

51 5672 153 5726 rabilis
177 5671 212 5722 ad
232 5675 424 5726 innocentium
448 5690 549 5740 papam
573 5680 604 5726 ut
627 5678 687 5742 ejus
709 5675 876 5728 electionem
927 5680 1016 5748 vm).
1030 5680 1089 5734 331,
1449 5671 1710 5737 mammaeam-

47 5746 232 5811 wndrmeret
253 5754 281 5799 et
300 5763 338 5800 ue
356 5750 466 5802 comitis
484 5751 701 5820 andegavensis
720 5753 877 5825 oppositio·
965 5757 1018 5824 titii
1035 5755 1134 5825 luigo
1151 5771 1160 5807 ·.
1178 5755 1313 5810 Summae.
