3750 6046
79 110 133 166 537

491 112 650 170 HISTORIA
669 113 936 172 ecelesiastica.
950 142 985 157 -
1000 110 1086 170 Plus
1103 112 1147 168 lll.
1168 141 1202 153 -
1218 111 1282 168 tta.
1300 110 1356 168 vll.

1703 107 1756 169 tid

79 236 225 309 manibus,
238 241 271 294 nt
284 253 399 297 necesse
412 246 482 310 erat,
493 247 578 313 caput
589 242 656 298 hinc
668 243 735 301 inde
748 244 899 316 requirens
952 241 1177 305 temeraturum
1187 245 1317 298 uestrum,
1330 238 1408 290 decus
1421 249 1507 320 omae,
1519 237 1648 296 boamee,

79 330 201 400 invenit,
217 349 251 388 ac
272 333 390 389 demum
410 335 444 390 de
465 336 607 392 salutifero
626 337 707 394 latice
725 339 849 394 vestibus
868 346 897 394 et
982 317 1019 366 Tu
1030 327 1089 378 ⁸9⁶⁸
1105 327 1171 372 “Mt
1187 313 1271 372 ’Μ’
1286 325 1420 375 ⁶⁰¹⁴³⁰q¹⁴⁶
1437 310 1540 360 m*

79 428 141 479 toto
166 441 285 497 corpore
309 426 484 484 madefactus
510 429 605 486 exivit.
632 432 687 486 lloc
711 432 806 503 itaque
833 439 898 504 post

79 517 194 574 obitum
207 521 297 576 sancti
315 521 419 576 Nicolai
439 522 498 579 fere
514 525 579 594 post
592 540 655 580 nccc
673 541 764 580 annos
782 541 819 583 ιιι
838 527 895 582 lta·

77 611 180 668 lendes
193 613 288 684 blaias,
302 614 393 685 [¹087]
410 620 503 671 actum
517 619 570 673 est.

951 387 993 436 Vae
1007 385 1081 436 uobis
1096 385 1199 434 miseris
1210 383 1220 433 l
1231 382 1284 434 baec
1297 384 1388 434 omnia
1404 381 1540 447 partimus
1548 395 1557 442 ;
1572 382 1602 431 at
1614 391 1662 429 uos

978 459 1043 507 iiiuc
1054 455 1123 508 subit
1137 459 1163 505 et
1176 455 1269 514 tuctus,
1281 459 1473 518 perpetuusque
1486 453 1570 503 dolor.

946 530 1022 580 Heu!
1036 528 1079 578 cui
1094 527 1148 579 tate
1159 524 1234 588 nefas
1243 525 1295 589 fuit
1306 526 1359 576 bac
1372 527 1501 589 permissa
1512 527 1627 586 potestas

980 600 1097 665 Efficere,
1112 605 1135 650 et
1152 602 1255 648 tautum
1268 599 1305 648 sic
1322 596 1423 648 uiolare
1437 592 1547 646 locum?

944 674 977 723 at
989 671 1058 722 mate
1069 670 1194 720 tractauit
1207 671 1283 733 cujus
1294 668 1437 718 temeraria
1448 661 1570 718 dextra?

113 714 223 772 Deinde
237 715 305 787 quia
325 716 432 771 loculus
448 717 555 787 deerat,
570 734 603 774 ac
616 735 661 776 res
675 721 821 793 inopinata
834 727 895 777 tam
975 743 1047 793 peon
1060 747 1083 792 ιι
1096 741 1143 792 boc
1154 740 1255 804 sursum
1268 739 1328 804 quie
1339 739 1416 790 moue
1428 736 1600 801 secuteque?

75 807 134 863 cito
152 814 294 878 evenerat,
308 811 444 866 barenses
462 812 597 884 reliquias
615 813 710 870 tunica
730 815 800 886 Lupi
815 832 893 887 pres·

74 900 181 972 byteri,
201 906 285 974 prout
303 907 447 974 poterant,
463 904 651 977 involverunt,
670 908 820 980 ipsumque
837 909 893 964 Lu·

74 1010 159 1066 pum,
178 995 322 1052 ferentem
342 1013 453 1054 sacrum
474 1015 556 1069 onus,
576 1000 673 1056 statim
692 1017 791 1058 omnes
805 1002 893 1058 secuti

73 1093 153 1142 sunt.
172 1087 333 1145 laudantes
352 1089 451 1162 itaque
471 1092 624 1149 Dominum
644 1109 696 1165 pro
717 1095 894 1152 sanctissima

71 1181 185 1252 praeda,
209 1198 298 1254 quam
321 1199 379 1240 non
400 1186 437 1241 de
455 1185 593 1256 hostibus,
615 1187 666 1243 sed
687 1188 837 1245 [lominica
856 1190 893 1246 da

71 1275 281 1348 gazophylacio
305 1285 495 1351 sumpserant,
519 1281 554 1336 ad
580 1280 675 1337 littora
696 1283 891 1340 maturabant.

71 1369 174 1424 Frusta
188 1385 302 1442 quoque
315 1371 350 1429 de
364 1389 525 1430 marmorea
542 1390 626 1443 urna,
641 1392 726 1448 quam
741 1383 890 1448 ruperunt,

70 1462 193 1533 quidam
207 1469 435 1537 asportaverunt,
452 1483 485 1523 ex
499 1467 601 1540 quibus
615 1485 631 1523 a
645 1470 742 1525 multis
754 1470 892 1542 pontiflci-

67 1555 123 1610 bus
139 1573 194 1628 per
212 1557 322 1613 ltaliam
340 1560 432 1615 multa
449 1561 552 1616 altaria
567 1562 725 1636 tabulaque
738 1564 890 1620 temerarie
981 1623 987 1634 ,

69 1653 246 1706 consecrata
264 1657 340 1708 sunt.
356 1653 397 1708 Ad
416 1660 533 1724 portum
552 1659 649 1711 autem
670 1662 702 1712 ut
720 1673 888 1727 convenere,
899 1629 928 1701 Β
940 1623 989 1678 ⁰¹³¹

69 1749 133 1797 orta
155 1747 201 1798 est
221 1745 375 1814 contentio,
393 1745 422 1801 in
445 1748 525 1819 cnjus
546 1750 610 1805 nevi
634 1750 796 1806 mitteretur
818 1767 875 1807 onu

68 1835 272 1893 desiderabile.
290 1838 431 1911 Optabant
446 1842 523 1897 enim
541 1859 640 1898 secum
659 1859 758 1900 omnes
776 1847 889 1900 tantum

67 1930 200 1986 sodalem
215 1935 245 1987 et
255 1937 409 2003 patronum
423 1934 540 1990 habere.
555 1936 693 1993 Omnibus
707 1938 825 1994 tandem
839 1956 887 2010 pa-

67 2023 149 2079 cissce
168 2024 276 2096 placuit
295 2031 325 2081 ut
341 2027 464 2083 llatthaei
480 2029 559 2084 navis
576 2030 646 2086 illud
659 2031 786 2099 veheret,
801 2032 826 2087 si
844 2038 887 2088 ta·

67 2133 139 2172 men
152 2118 215 2190 ipse
229 2119 308 2190 prius
316 2120 506 2191 jurejurando
518 2124 553 2179 de
564 2123 641 2180 bona
654 2125 785 2182 societate
800 2125 888 2182 frdem

66 2209 125 2265 illis
140 2211 258 2267 faceret.
276 2210 358 2278 Quod
372 2214 412 2269 ita
424 2215 592 2272 factumest.

103 2315 210 2369 itatem
241 2315 337 2387 itaque
369 2316 428 2372 laeti
458 2319 630 2390 ascendunt,
663 2322 798 2393 reliquias
828 2322 885 2379 alio

65 2424 165 2478 panno
193 2423 266 2464 noro
291 2412 320 2464 et
344 2411 465 2466 candido
492 2413 648 2483 involvunt,
671 2418 698 2470 et
720 2414 750 2470 in
773 2417 885 2472 vasculo

64 2500 176 2573 ligneo,
192 2518 249 2574 quo
268 2506 365 2568 natutae
384 2505 436 2560 sibi
456 2511 596 2563 temetum
617 2524 730 2564 servare
744 2509 884 2578 solebant,

64 2595 239 2652 recondunt.
259 2597 299 2652 Ile
318 2598 415 2653 dolore
433 2615 500 2655 vero
518 2602 689 2673 llyreusium
707 2619 760 2674 pro
779 2604 884 2659 damno

64 2687 118 2742 sibi
136 2687 227 2757 facto,
245 2689 313 2745 dum
336 2695 436 2747 notum
455 2693 510 2747 illis
530 2694 638 2749 factum
657 2701 709 2764 est,
726 2697 817 2752 multa
836 2714 881 2752 re·

62 2782 139 2838 ferre
158 2798 275 2838 necesse
296 2801 355 2840 non
375 2790 426 2841 est.
445 2787 527 2855 Nam,
547 2789 578 2842 ut
596 2787 758 2859 hujusmodi
775 2791 883 2846 famam

63 2877 168 2932 incolae
192 2877 278 2948 llyrei
302 2879 397 2949 castri,
423 2880 499 2950 quod
526 2896 584 2936 uon
612 2881 725 2953 longius
750 2884 881 2940 milliario

63 2987 121 3026 uno
145 2969 183 3026 ab
205 2970 324 3026 ecclesia
345 2971 375 3027 iu
397 2974 553 3029 monticulo
575 2976 696 3046 quodam
720 2976 806 3032 situm
829 2982 920 3078 estc

62 3063 199 3133 audiunt,
228 3063 356 3136 undiquc
381 3067 515 3121 velociter
541 3075 722 3138 concurrunt,
748 3071 812 3126 irati
838 3089 881 3126 nr-

62 3158 158 3213 mium
183 3173 216 3212 ac
239 3157 391 3213 tristissimi
413 3160 448 3215 ad
474 3160 568 3216 littora
590 3163 721 3231 tendunt,
744 3170 882 3237 raptoque

62 3250 99 3305 de
120 3256 238 3322 pastore
260 3251 432 3324 dominoque
454 3253 595 3325 lugentes,
616 3257 709 3312 crines
730 3261 759 3312 et
779 3259 882 3315 barbas

62 3344 202 3414 evellunt,
222 3348 251 3400 et
271 3345 479 3402 conclamantes
499 3347 620 3419 lugubre
641 3366 755 3407 carmen
777 3352 880 3424 depro-

60 3440 157 3494 munt.

62 3608 191 3670 Tempore
204 3605 271 3670 quid
285 3605 397 3666 mimda,
413 3606 479 3657 beu!
492 3606 568 3660 uobis
580 3610 675 3661 accidit
688 3611 759 3664 isto?

91 3677 171 3740 Quod
183 3677 282 3740 patris
293 3682 390 3728 nostrae
401 3677 511 3729 dedecus
523 3679 691 3744 aspicimus?

57 3750 177 3801 lunera
189 3761 307 3813 eamque
323 3751 378 3807 Dei,
390 3750 485 3801 multos
496 3758 604 3804 seruata
615 3767 663 3817 per
677 3769 772 3818 anuos,

89 3822 155 3871 Jam
168 3820 245 3882 faciti
257 3824 336 3884 rapto
347 3821 511 3884 perdidimus
523 3824 617 3875 subito.

57 3893 195 3942 Baeterrae
211 3890 260 3942 boc
273 3890 362 3954 fuerat
374 3893 459 3955 Lycia
473 3895 558 3945 ditata
572 3909 687 3961 supereo

92 3962 230 4013 lbesuaro
245 3960 330 4020 tellus,
342 3976 374 4013 ac
386 3962 511 4014 decorma
525 3965 620 4029 uimis,·

57 4032 198 4084 Laudibus
212 4033 316 4084 eximiis
330 4038 411 4084 tatum
424 4035 556 4087 celebrata
568 4052 618 4102 per
629 4039 727 4100 orbem,

88 4106 123 4155 b't
136 4103 243 4154 murelle
256 4105 344 4167 patr-is
355 4107 521 4170 maquouimi
533 4110 645 4170 meritis,

56 4174 164 4236 lesciis
176 4174 282 4238 Harsa,
298 4175 350 4226 tuis
363 4176 480 4239 spoliata
492 4180 611 4231 manebis

90 4245 218 4296 vultibus
229 4250 255 4295 st
268 4245 353 4306 doute,
367 4252 512 4312 moestaque
522 4263 624 4315 semper
637 4254 699 4304 eris.

57 4319 78 4369 0
90 4317 205 4369 Nicetes
219 4318 313 4367 Pater!
325 4322 377 4368 tato
391 4321 550 4372 uenerabilis
565 4323 637 4385 orbe,

91 4388 148 4439 Cae·
160 4388 281 4452 patriam
294 4393 414 4439 nostram
425 4389 533 4447 deseris.
546 4392 598 4441 imo
613 4393 709 4448 tuam?

55 4460 106 4510 Hic
117 4459 225 4522 qeaitus
240 4456 342 4520 fumos,
356 4461 509 4526 sanctisque
520 4464 678 4527 parentibus
689 4465 769 4526 altus,

87 4532 136 4582 llic
150 4542 219 4594 puer
232 4531 385 4594 etjuoeuis,
397 4532 501 4595 virque,
514 4547 647 4600 emaque
660 4537 730 4600 pius.

55 4602 106 4652 Hie
119 4605 201 4665 pater
216 4604 241 4650 et
255 4599 387 4660 domium,
401 4608 503 4666 postor,
518 4610 655 4670 custosque
669 4607 807 4672 bettiqaus,

85 4673 223 4723 Humerus
232 4669 284 4722 bae
296 4673 387 4734 patria
402 4675 477 4725 mous
491 4681 514 4724 et
527 4678 669 4729 exanimis.

56 4741 182 4804 Quaelibet
194 4740 264 4791 batte
278 4742 402 4793 museum
417 4744 519 4809 quoties
530 4746 644 4798 aduersa
657 4747 820 4812 premebant,

85 4812 231 4864 Auxilium
245 4813 320 4875 petiit
332 4827 401 4872 mou,
417 4817 497 4865 Pater
511 4817 589 4880 alme,
602 4823 685 4869 tuum.

56 4885 141 4936 liebus
153 4884 183 4932 ie
199 4883 319 4935 aduersis
331 4885 439 4946 aduae,
452 4900 510 4952 spes
524 4902 580 4939 uuo
593 4890 699 4949 salutis,

85 4956 228 5010 ueniam
240 4955 359 5007 tribuens
371 4958 534 5023 supplicibus
547 4962 660 5026 poputis.

57 5031 178 5091 Quorum
191 5033 254 5078 tuuc
266 5029 396 5093 precibus,
409 5045 506 5095 preses
519 5034 679 5092 venerando,
693 5033 810 5096 saueius,

91 5100 213 5164 Votaque
225 5098 379 5162 seucipieus,
394 5115 504 5167 quaeque
518 5109 616 5168 roqato
628 5103 722 5156 dabas.

59 5172 182 5236 t'udique
192 5168 338 5220 currebant
352 5175 452 5225 cunctis
464 5187 477 5223 e
491 5175 613 5237 partibus
625 5176 696 5228 orbis

84 5243 126 5294 Ad
138 5252 249 5293 sacrum
263 5241 393 5294 tumulum
406 5257 474 5309 sape
486 5245 667 5309 salutiferum.

55 5316 177 5375 Noverit,
191 5313 260 5368 mut
272 5329 387 5368 uacuum
397 5315 478 5367 simul
493 5316 542 5368 lrac
557 5319 628 5382 quod
643 5319 722 5370 turba
734 5317 830 5382 fidelis,

85 5388 180 5440 Omnis
195 5388 306 5441 cessabit
319 5386 414 5445 subus,
427 5391 451 5437 et
462 5389 548 5439 omnis
558 5389 650 5441 bonor.

54 5461 169 5510 filmera
183 5459 283 5527 quippe
298 5461 346 5510 Dei
357 5459 476 5519 deatum,
489 5466 512 5510 et
527 5463 620 5525 qratia
631 5463 722 5526 primu

84 5531 210 5582 Historia
219 5531 307 5582 sotum
321 5543 416 5582 nomm
432 5532 482 5581 erit
496 5536 600 5583 ceteris.

55 5602 162 5660 Pmtor,
174 5614 238 5653 ooes
251 5602 380 5666 proprias
388 5603 437 5652 cui
450 5615 498 5653 uos
510 5604 648 5654 committis
661 5604 795 5661 retrudas?

85 5673 270 5740 relinquente
284 5686 388 5742 qreqem
402 5688 466 5727 moa·
478 5673 555 5739 lupus
569 5675 697 5730 adveniet.

944 813 995 864 Sed
1008 812 1149 876 fortunati,
1162 813 1209 877 qui
1222 811 1341 875 praedam
1354 809 1429 873 fertis
1440 809 1572 874 opimam!

974 885 1027 936 Nos
1040 882 1156 946 infelices
1167 887 1276 947 occupat
1288 895 1363 933 omae
1379 880 1498 932 motum!

978 1061 1078 1134 llyrcis
1108 1061 1204 1133 itaque
1234 1059 1356 1114 nimium
1382 1057 1556 1130 lugentibus,
1585 1057 1751 1129 luctumque

942 1171 1026 1211 suum
1047 1154 1143 1210 ulcisci
1163 1170 1221 1210 non
1235 1151 1404 1220 valentibus,
1420 1152 1477 1207 laeti
1498 1152 1632 1208 Bareuses
1650 1150 1752 1206 celeri·

942 1251 988 1305 ter
1010 1248 1147 1304 rudentes
1170 1247 1329 1316 exsolvunt,
1354 1250 1382 1302 et
1403 1245 1576 1317 remigantes
1601 1247 1683 1300 nocte
1706 1244 1756 1301 illa

941 1343 1075 1408 insulam,
1100 1357 1163 1414 quae
1189 1340 1331 1397 Cacabum
1354 1338 1469 1408 dicitur,
1490 1338 1607 1405 adeunt,
1630 1336 1750 1394 atinde

940 1436 1083 1492 llaiestms
1107 1435 1142 1490 ad
1159 1434 1264 1490 insulas
1285 1432 1404 1505 proiecti
1419 1433 1495 1486 sunt.
1512 1431 1580 1486 ilinc
1601 1446 1667 1487 vero
1692 1431 1751 1487 dis·

941 1530 1073 1585 cedentes
1086 1528 1174 1584 nimia
1186 1543 1251 1583 cum
1263 1526 1441 1582 festinatione
1456 1540 1614 1593 remorum,
1629 1523 1665 1579 ad
1676 1524 1750 1592 loca,

1014 1622 1100 1678 blacrl
1121 1621 1264 1688 dicuntur,
1293 1619 1503 1691 applicuerunt,
1530 1618 1626 1690 ibique
1654 1618 1750 1675 triduo

876 1769 889 1807 s
940 1721 1056 1788 propter
1088 1717 1205 1770 Boream
1231 1713 1285 1769 sibi
1311 1711 1487 1768 contrarium
1518 1715 1750 1782 permanserunt.

939 1810 1019 1865 Unde
1042 1808 1163 1864 nimium
1185 1807 1290 1864 turbati
1313 1810 1389 1874 sunt,
1412 1809 1441 1862 et
1462 1807 1593 1862 dubitare
1616 1813 1749 1865 utrumne

939 1919 1041 1974 corpus
1061 1903 1152 1958 sancti
1173 1902 1277 1958 Nicolai
1299 1919 1396 1958 secum
1418 1899 1569 1970 haberent,
1583 1918 1620 1957 an
1635 1901 1695 1974 ipse
1714 1902 1749 1958 ab

938 1997 977 2052 eis
1001 1996 1076 2051 ultra
1097 1996 1167 2052 latri
1185 1997 1281 2064 vellet,
1304 2003 1461 2069 ooepemnt.
1486 1998 1564 2052 Tunc
1590 1995 1748 2064 Eustacius,

936 2105 1013 2146 unus
1028 2106 1063 2145 ex
1084 2090 1148 2159 illis,
1164 2106 1215 2161 per
1234 2089 1373 2146 visionem
1391 2091 1425 2146 de
1440 2091 1585 2146 dubietate
1600 2093 1749 2163 correptus

937 2186 989 2253 est,
1009 2186 1038 2239 et
1056 2183 1154 2251 nimis,
1179 2184 1248 2239 dum
1269 2184 1299 2239 in
1320 2185 1380 2239 visu
1401 2184 1589 2239 hirundinum
1608 2182 1749 2239 morsibus

936 2276 1037 2349 lingua
1051 2278 1112 2349 ejus
1125 2280 1332 2345 cruentaretur,
1345 2279 1461 2334 territus
1476 2283 1529 2334 est.

970 2379 1078 2435 Deinde
1100 2380 1247 2435 communi
1269 2381 1382 2436 decreto
1410 2381 1535 2436 minutas
1559 2379 1747 2451 reliquiarum

936 2472 1140 2545 portiunculas,
1161 2488 1232 2545 quas
1246 2472 1347 2528 furtim
1361 2473 1414 2528 sibi
1429 2472 1546 2544 quidam
1565 2488 1666 2527 eorum
1679 2472 1745 2527 sub·

934 2569 1092 2634 traxerant,
1111 2567 1304 2636 protulerunt,
1324 2568 1353 2621 et
1373 2582 1439 2621 cum
1457 2566 1655 2637 jurejurando,
1669 2565 1746 2638 quod

934 2659 1008 2714 nihil
1024 2660 1059 2715 de
1073 2659 1200 2731 reliquiis
1216 2659 1269 2714 sibi
1288 2658 1470 2730 peculiariter
1487 2659 1655 2728 retinerent,
1671 2676 1746 2715 asse·

933 2759 1064 2809 ruerunt.
1079 2754 1252 2809 ltomoaldus
1267 2753 1339 2808 duos
1354 2754 1390 2809 de
1401 2754 1533 2809 dentibus
1543 2758 1571 2809 et
1581 2753 1617 2809 de
1632 2754 1749 2810 minutis
1781 2763 1783 2768 ⁴

931 2846 1078 2914 articulis,
1107 2864 1178 2918 quos
1204 2847 1327 2902 occultos
1357 2848 1515 2917 habuerat,
1545 2847 1745 2904 manifestavit.

933 2941 979 2996 Sic
1000 2957 1101 2997 omnes
1122 2940 1169 2995 alii
1190 2941 1353 3012 particulas,
1369 2958 1439 3013 quas
1460 2942 1514 2997 sibi
1535 2942 1609 2997 clam
1630 2958 1746 3015 seques·

934 3039 1054 3102 trarent,
1071 3034 1241 3104 attulerunt,
1257 3039 1285 3090 et
1300 3037 1409 3092 cacteris
1421 3035 1537 3091 artubus
1549 3036 1745 3093 restituerunt.

934 3129 1060 3199 lienique
1085 3144 1224 3200 prospero
1246 3133 1330 3184 vento
1351 3130 1448 3196 flante,
1472 3129 1619 3201 latumque
1642 3130 1746 3185 carinis

932 3239 1033 3294 aequor
1048 3223 1233 3290 sulcantibus,
1251 3222 1368 3294 Disigio,
1384 3224 1434 3278 nni
1449 3228 1609 3294 nautarum,
1625 3224 1655 3280 in
1671 3241 1744 3279 sum·

933 3315 976 3369 nis
995 3321 1108 3371 sanctus
1128 3316 1257 3372 Nicotaus
1280 3317 1421 3388 apparuit,
1437 3318 1614 3387 confortavit,
1628 3323 1657 3373 ct
1668 3318 1745 3390 quod

932 3409 1065 3464 vicesimo
1087 3409 1143 3477 die,
1160 3426 1196 3464 ex
1211 3426 1267 3482 quo
1288 3425 1391 3480 corpus
1413 3411 1474 3482 ejus
1489 3410 1675 3480 abstulerant,
1693 3413 1745 3466 Ba·

932 3503 1029 3557 riuum
1040 3507 1154 3571 portum
1170 3503 1306 3558 intraturi
1321 3507 1427 3572 essent,
1441 3503 1584 3574 praedirit.
1596 3505 1644 3559 llle
1654 3504 1746 3559 visum

932 3596 1014 3651 sociis
1043 3596 1178 3663 narravit,
1203 3602 1231 3650 ct
1255 3596 1323 3667 ipsis
1346 3596 1415 3651 indo
1439 3612 1545 3667 magua
1567 3595 1743 3652 confidentia

931 3690 1053 3745 inhesit.
1077 3689 1190 3745 avicula
1212 3690 1345 3761 quaedam
1368 3707 1403 3744 ex
1425 3690 1578 3761 improviso
1599 3690 1694 3745 nautis
1714 3689 1744 3745 in

931 3783 995 3837 navi
1017 3782 1136 3838 volitans
1158 3783 1302 3854 apparuit,
1325 3799 1431 3854 eosque
1455 3783 1598 3855 frequenti
1620 3784 1744 3839 adventu

932 3891 983 3930 suo
1003 3876 1168 3931 latillcavit.
1195 3877 1275 3948 Saepe
1294 3876 1380 3931 etiam
1399 3877 1519 3933 odorem
1544 3877 1744 3934 suavissimum

932 3973 1029 4025 nauta
1055 3969 1227 4038 sentiebant,
1252 3970 1369 4042 aliisque
1394 3970 1605 4026 delectabilibus
1632 3970 1743 4027 indiciis

931 4063 1057 4119 roborati
1073 4063 1249 4135 gaudebant,
1266 4069 1295 4119 ct
1317 4064 1374 4120 laeti
1394 4065 1430 4120 ad
1451 4081 1502 4120 sua
1523 4065 1619 4120 littora
1639 4081 1743 4137 appro-

931 4155 1119 4227 pinqunbant.

965 4261 1090 4314 [lucente
1116 4259 1188 4327 Deo,
1213 4258 1250 4314 ad
1276 4264 1393 4332 portum
1421 4260 1514 4316 Sancti
1540 4261 1666 4332 Georgii,
1695 4262 1745 4334 qui

887 4350 1009 4440 unasi
1024 4352 1152 4423 quinque
1167 4351 1307 4407 milliariis
1324 4369 1341 4408 a
1363 4354 1473 4408 Barinis
1488 4353 1630 4409 moenibus
1651 4354 1742 4423 abest,

928 4447 1114 4514 advenerunt,
1129 4448 1157 4501 et
1174 4444 1241 4501 iude
1260 4446 1295 4501 ad
1310 4448 1418 4502 clerum
1434 4449 1588 4502 barensem
1603 4452 1632 4502 ct
1649 4463 1741 4520 popu-

929 4538 990 4593 lum
1005 4538 1121 4593 nuntios
1136 4539 1347 4609 praemiserunt,
1360 4544 1475 4611 totaque
1489 4539 1585 4594 civitas
1599 4540 1744 4612 inopinato

929 4631 1035 4703 gaudio
1065 4633 1214 4688 confestim
1244 4633 1353 4704 repleta
1380 4636 1433 4700 est,
1462 4639 1491 4687 ct
1525 4649 1592 4687 mox
1622 4638 1742 4705 uterque

929 4742 1024 4794 sextas,
1040 4728 1070 4780 et
1083 4727 1175 4781 omnis
1199 4730 1267 4782 retas
1283 4726 1320 4782 ad
1340 4727 1434 4782 littora
1453 4742 1569 4798 egressa
1589 4731 1641 4782 est.
1656 4728 1743 4784 Porro

928 4822 1026 4874 nautae
1040 4819 1192 4887 capsellam
1208 4836 1273 4875 cum
1287 4819 1415 4892 reliquiis
1435 4820 1678 4876 commendarunt
1696 4837 1743 4876 re·

928 4913 1031 4984 ligioso
1057 4914 1164 4984 liclia,
1193 4914 1288 4970 abbati
1315 4914 1435 4969 coenobii
1465 4914 1558 4971 Sancti
1586 4914 1743 4984 Benedicti,

929 5007 1008 5079 quod
1024 5023 1110 5079 supra
1130 5013 1243 5079 portum
1264 5008 1349 5063 situm
1366 5013 1418 5063 est.
1433 5009 1481 5064 llle
1497 5025 1563 5064 vero
1581 5025 1662 5064 secra
1680 5008 1743 5081 pig·

930 5117 1001 5156 nora
1031 5106 1196 5157 reverenter
1221 5102 1353 5173 suscepit,
1380 5102 1407 5156 in
1430 5102 1576 5174 praefatam
1598 5103 1746 5159 ecclesiam

929 5211 995 5249 cum
1007 5195 1143 5250 fratribus
1153 5211 1228 5250 nona
1243 5195 1288 5250 die
1302 5195 1408 5251 mensis
1419 5196 1482 5251 bleii
1498 5194 1588 5270 [1087]
1603 5196 1744 5268 deposuit,

929 5289 959 5342 et
973 5289 1064 5343 tribus
1079 5288 1176 5345 diebus
1191 5288 1345 5361 diligenter
1357 5289 1517 5346 custodivit.

963 5392 1040 5445 Turne
1062 5392 1143 5458 Urso,
1166 5392 1336 5447 barinorum
1358 5392 1593 5465 archiepiscopus,
1615 5393 1658 5448 vir
1678 5393 1743 5449 roli-

925 5484 1034 5556 'giosus,
1054 5486 1111 5540 lieo
1128 5485 1242 5557 dignus,
1257 5485 1418 5558 italicisque
1435 5487 1560 5542 dominis
1582 5488 1746 5543 notissimus

929 5581 958 5632 et
981 5578 1129 5634 familiaris
1151 5580 1276 5649 amicus,
1300 5581 1406 5636 abeam.
1429 5583 1499 5637 itam
1522 5581 1600 5653 apud
1619 5583 1746 5636 Taunum

929 5673 1008 5731 navis
1032 5679 1194 5750 praeparata
1218 5676 1324 5748 stabat,
1343 5692 1436 5752 quam
1456 5676 1541 5732 idem
1559 5674 1673 5747 pausat
1690 5682 1763 5741 aas&
