3750 6046
80 197 151 257 11117
695 198 796 263 treus
814 200 860 262 nu
876 200 940 262 SEX
957 196 1145 263 enitentis,
1693 196 1762 267 1188

78 329 173 386 tacere
188 327 394 387 consuevimus.
417 328 488 388 Cum
504 330 583 387 enim
605 331 730 389 ministri
751 332 842 389 nostri
857 332 895 389 vi-
904 353 934 428 Α
1244 332 1312 388 item
1337 330 1461 404 questio.

78 442 150 482 num
168 424 198 479 in
219 425 338 482 calicem
357 425 479 482 oblaturi
499 426 669 498 infuderint,
692 428 728 484 de
749 428 893 484 miscenda
979 427 1120 492 Queritur
1135 425 1170 482 de
1192 425 1246 482 illis
1266 426 1316 499 qui
1339 427 1513 499 peregerunt
1532 425 1651 499 aliquod
1663 426 1758 485 crimi-

77 521 144 576 rinc
158 536 233 593 aque
248 536 306 576 non
328 520 368 576 eis
386 520 539 585 credimus,
555 522 609 577 nisi
620 522 681 594 jem
701 520 795 578 oblato
811 521 893 578 nobis
943 521 1016 588 nale,
1031 520 1192 576 consciente
1214 521 1370 591 sacerdote,
1394 522 1418 576 si
1439 522 1586 593 postulent
1601 522 1695 594 ipsum
1714 539 1758 578 sa·

76 630 150 686 pane
164 618 194 670 et
207 614 352 671 offerendo
372 615 457 671 culice
477 616 520 671 vel
535 615 589 687 ipsi
609 631 668 688 prae
689 616 776 672 oculis
789 616 893 672 nostris
942 615 1087 671 cerdotem
1108 631 1210 687 corpus
1233 615 1353 685 Christi,
1376 616 1398 671 si
1421 614 1526 671 debeat
1547 615 1587 670 illi
1618 614 1759 690 denegari

75 724 181 781 aquam
193 709 355 776 infundent,
364 710 407 765 vel
421 708 501 764 nobis
514 710 687 782 aquamanili
697 710 810 778 tradite,
825 725 891 766 eam
941 726 978 764 au
999 726 1066 764 non.
1083 709 1125 765 Au
1143 709 1220 781 quod
1242 709 1377 778 dicimus,
1397 714 1469 766 teste
1488 708 1658 781 Augustino,
1680 710 1758 783 qrrod

76 803 157 858 calici
171 803 352 859 misceamus.
369 803 414 859 Sic
433 804 512 859 enim
526 810 555 859 et
569 804 702 860 minister
719 803 892 860 etsecerdos
942 803 1090 859 admoueri
1114 802 1236 871 debent,
1265 819 1323 859 non
1347 802 1447 859 arceri.
1476 804 1595 876 Exque
1619 803 1758 861 habemus

76 900 178 952 manet
194 896 338 966 indubius,
360 900 389 953 et
408 897 469 953 sine
490 896 638 954 oblivionis
659 897 811 970 cujuslibet
824 914 891 955 casu
941 896 1216 969 exemplumdlrristi
1228 896 1278 970 qni
1293 896 1373 954 ludas
1385 897 1521 969 proditori
1532 914 1633 971 eorpus
1648 903 1755 957 etsen·
1860 891 1865 905 ¹

75 990 228 1046 indemnis.
941 990 1058 1062 guinem
1073 1006 1156 1046 sunm
1166 990 1292 1061 tradidit,
1307 991 1399 1047 sciens
1413 1007 1478 1047 enm
1490 991 1674 1048 immundum
1688 998 1756 1051 etse

308 1087 346 1141 lle
363 1086 489 1141 naturali
500 1085 658 1158 pollutione.
941 1084 1124 1153 traditurum,
1138 1085 1267 1141 nondum
1280 1085 1358 1141 enim
1369 1085 1540 1158 publicanus
1555 1088 1629 1157 erat,
1644 1102 1698 1143 nec
1710 1103 1758 1144 ex·

111 1178 254 1243 Quaeritur
267 1179 364 1250 sipost
376 1181 576 1235 nocturnalem
590 1179 775 1252 pollutionem
786 1180 889 1236 debeat
939 1180 983 1234 tra
995 1178 1229 1236 communionem
1242 1179 1372 1235 Ecclesire
1386 1178 1504 1252 positus.
1521 1181 1556 1236 Et
1571 1179 1646 1251 ideo,
1656 1197 1756 1254 quem

74 1273 110 1328 ab
129 1273 225 1345 aliquo
245 1289 348 1344 corpus
366 1274 469 1331 Christi
491 1273 651 1329 consecrari
666 1274 711 1329 vel
732 1274 830 1345 eccipi.
846 1274 888 1330 Ad
938 1272 980 1327 vis
992 1273 1114 1328 sciamus
1127 1272 1252 1345 aliquem
1266 1273 1296 1329 in
1310 1273 1407 1346 aliquo
1421 1273 1562 1330 crimineli
1575 1280 1756 1347 manentem,

74 1368 151 1439 quod
166 1367 296 1435 dicimus,
310 1367 385 1440 quod
407 1368 617 1424 nocturnalium
629 1368 819 1441 pollutionum
835 1368 888 1423 tria
938 1382 997 1422 non
1009 1365 1148 1422 debemus
1161 1366 1188 1423 ei
1199 1367 1341 1439 denegare
1354 1384 1456 1441 corpus
1468 1368 1581 1440 Christi,
1596 1369 1620 1424 si
1632 1373 1753 1442 querat,
1868 1422 1871 1429 .

72 1464 140 1516 sunt
154 1477 268 1533 genera.
291 1463 338 1518 Est
350 1461 427 1518 enim
440 1460 703 1534 quaedempollntio
715 1477 748 1516 ex
763 1461 886 1519 assidui·
938 1459 993 1515 nisi
1014 1459 1051 1515 sit
1072 1462 1355 1533 excommunicatus,
1375 1466 1405 1518 et
1423 1469 1500 1519 extra
1520 1464 1754 1523 communionem

72 1558 130 1610 tate
146 1556 362 1627 cogitationum,
387 1556 443 1611 elia
458 1572 492 1610 ex
505 1556 630 1627 crapula,
654 1555 711 1611 elia
724 1571 760 1611 ex
775 1559 885 1611 natura.
937 1554 1067 1612 Ecclesiae
1082 1553 1199 1627 positus.

72 1649 101 1705 Si
116 1665 168 1720 per
180 1649 323 1705 assiduam
344 1650 546 1720 cogitationem
562 1665 648 1721 quiam
665 1649 699 1705 de
712 1649 808 1722 alique
820 1665 885 1704 mo·
1097 1652 1165 1705 Item
1182 1651 1296 1720 questio
1308 1651 1434 1719 mopistru'
1453 1650 1591 1708 illicienti.

69 1742 139 1798 liere
153 1742 282 1798 hebuerit
297 1744 327 1798 in
346 1742 390 1798 die
404 1743 507 1815 aliquis
520 1744 667 1815 polluetur
688 1745 717 1798 in
732 1746 826 1810 nocte,
841 1738 921 1811 illiB
968 1743 1111 1809 Quaeritur
1130 1743 1154 1798 si
1168 1742 1270 1815 aliquis
1291 1742 1366 1800 latro
1380 1743 1501 1800 ducetur
1523 1745 1559 1800 ed
1574 1747 1752 1818 suspenden-

68 1837 239 1908 probibetur
251 1853 428 1906 consecrare,
441 1837 485 1893 vel
504 1837 634 1910 accipere
654 1853 757 1909 corpus
769 1838 882 1894 Christi.
936 1837 1016 1905 dum,
1030 1840 1060 1893 et
1084 1854 1172 1893 causa
1193 1837 1332 1893 evadendi
1346 1838 1472 1910 postulet
1484 1854 1588 1911 corpus
1601 1839 1715 1913 Christi,
1729 1841 1753 1897 si

70 1931 100 1986 Si
121 1948 156 1986 ex
168 1932 282 2002 crapula
296 1931 397 2004 aliquis
415 1931 561 2003 polluatur
578 1931 609 1986 in
622 1937 715 1999 nocte,
732 1931 772 1987 illi
785 1931 882 2004 prohi-
937 1930 1037 1988 debeat
1050 1931 1077 1987 ei
1091 1930 1161 1987 dari.
1172 1930 1214 1986 Ad
1226 1931 1301 2004 qnod
1315 1930 1446 2000 dicimus,
1456 1932 1531 2004 qnod
1541 1937 1660 2006 propter
1671 1950 1751 1992 reve·

68 2025 154 2080 betur
168 2026 311 2081 similiter.
326 2026 356 2081 Si
374 2041 441 2082 vero
461 2026 642 2098 receptacula
654 2025 773 2097 alicujus
799 2027 884 2097 plena
934 2025 1058 2081 rentiam
1072 2025 1198 2097 corporis
1215 2028 1245 2079 et
1258 2025 1409 2097 sanguinis
1433 2025 1539 2083 Christi
1553 2043 1613 2083 non
1626 2027 1714 2084 debet
1725 2029 1751 2086 ei

69 2124 146 2189 sunt,
167 2123 243 2175 etex
265 2120 311 2174 ille
332 2119 530 2193 superfluitate
552 2120 721 2175 naturaliter
735 2119 884 2192 continget
933 2119 1017 2191 tradi,
1028 2119 1096 2192 quia
1109 2122 1192 2191 turpe
1203 2124 1283 2187 esset,
1291 2118 1384 2192 sipost
1396 2121 1628 2178 communionem
1636 2138 1751 2196 suspen·

69 2213 242 2268 nocturnalis
254 2213 382 2286 pollutio,
391 2213 580 2286 injunctesibi
595 2213 772 2285 punitentia,
786 2213 882 2270 abluto
933 2214 1058 2281 deretur,
1064 2213 1113 2269 sed
1127 2213 1255 2284 injuncte
1267 2212 1319 2268 sibi
1328 2214 1505 2285 poenitentia,
1519 2215 1543 2270 si
1552 2218 1656 2272 extoto
1665 2216 1750 2273 eorde

67 2323 196 2377 corpore,
210 2309 326 2364 mutetis
338 2308 473 2379 vestibus,
489 2312 583 2380 potest
593 2323 761 2364 consecrare
777 2307 821 2363 vel
834 2324 882 2364 ac·
931 2308 1071 2380 poeniteat
1088 2309 1117 2363 et
1131 2307 1301 2363 confiteatur
1312 2311 1429 2380 peccata
1449 2325 1510 2381 sua,
1529 2308 1669 2366 debemus
1680 2327 1748 2368 oon·

67 2401 164 2473 cipere
180 2419 292 2475 corpus.
437 2402 563 2476 Explicit.
932 2401 1020 2457 ssdere
1033 2401 1068 2457 de
1079 2400 1167 2473 ipsius
1180 2401 1280 2457 salute.

65 2625 484 2641 ρ-ι-α-*ι

549 2790 885 2885 GlSLEBERTl
928 2789 1253 2884 PORRETANI

381 2990 914 3105 COMMENTARIA
961 2991 1036 3101 IN
1087 2991 1431 3104 BOETIUM.

253 3231 332 3304 (Vide
343 3233 509 3301 Petrolopie
525 3231 836 3303 tom.1.xlv,0perum
855 3229 946 3286 Boetii
966 3234 1037 3286 tom.
1053 3231 1088 3299 ll,
1101 3230 1154 3286 col.
1171 3232 1249 3302 1255,
1266 3231 1440 3300 1301,1313,
1457 3229 1549 3300 13113.)

273 3645 871 3816 GISLEBERTI
927 3640 1518 3809 PORRETANI

824 3935 959 4023 LIBER

492 4149 592 4291 1111
642 4145 801 4289 stix
848 4138 1282 4288 PRINGlPllS

46 4448 131 4524 (Opp.
145 4447 300 4506 Aristotelis
314 4448 462 4503 llermolao
475 4446 598 4504 Barbare
610 4445 777 4518 interprete,
793 4441 916 4511 Parisiis,
931 4457 967 4496 ea
982 4438 1094 4600 0111οξοῗ
1107 4435 1247 4509 Prigentii
1257 4434 1399 4493 Celrerini
1412 4434 1448 4490 ed
1461 4432 1592 4490 Geminas
1604 4433 1724 4507 Cyppas,

681 4535 827 4594 inclausa
844 4531 988 4600 brunello,
1003 4533 1035 4585 13
1056 4532 1081 4585 1.

818 4750 956 4765 ψ

83 4955 166 5013 110110
183 4957 240 5012 sive
266 4958 357 5013 terma
378 4942 425 5013 est'
434 4956 463 5012 id
480 4955 558 5028 quod
570 4953 733 5026 supervenit
746 4968 861 5023 compo·
872 4969 901 5045 C
913 4947 1064 5020 contingit,
1087 4945 1139 5002 sed
1162 4943 1327 5001 immutatio
1346 4943 1494 4999 duntaxat.
1508 4942 1542 4997 Et
1555 4940 1623 5014 quie
1636 4938 1727 4996 rideri

45 5048 112 5114 sito,
135 5046 255 5118 simplici
277 5050 410 5102 constans
425 5049 454 5101 et
475 5043 632 5099 invariabili
657 5041 787 5098 essentie.
808 5041 863 5096 Nec
914 5049 1006 5116 potest
1028 5042 1081 5096 boe
1103 5046 1132 5096 et
1149 5039 1253 5094 enimis
1270 5043 1442 5110 competere,
1456 5035 1560 5092 idcirco
1576 5034 1727 5090 essentiam

45 5139 132 5197 eninr.
150 5139 212 5210 ipse
232 5139 421 5212 compositum
435 5155 495 5194 esse
508 5140 612 5211 potest,
628 5134 862 5208 quandoquidem
915 5138 977 5209 ejus
988 5133 1184 5190 invariabilem
1198 5149 1259 5189 esse
1279 5132 1415 5200 diximus,
1427 5146 1485 5202 qno
1498 5129 1584 5186 verbo
1597 5146 1615 5185 e
1627 5128 1727 5185 delini-

45 5251 63 5290 e
86 5239 186 5289 nutura
210 5233 360 5306 compositi
386 5233 554 5289 secernitur.
578 5233 651 5287 Nam
674 5229 862 5302 compositum
914 5230 991 5285 tione
1011 5233 1107 5283 nostra
1121 5224 1419 5300 separanturanimae,
1442 5240 1512 5296 quas
1530 5219 1728 5279 constateitici

43 5327 204 5400 composito
218 5327 433 5402 superueniens,
456 5325 616 5383 accessione
631 5341 682 5380 sue
697 5323 789 5396 majus
801 5321 862 5378 eiti-
913 5320 1211 5388 motibuscontreriis,
1225 5335 1302 5375 nunc
1319 5317 1437 5387 laetitire,
1449 5333 1526 5374 nunu
1540 5316 1679 5373 ruoeroris.
1696 5318 1729 5373 Et

44 5423 136 5491 citur;
153 5422 246 5478 torma
258 5422 418 5494 composito
431 5419 785 5492 superveniensmajorem
793 5417 861 5472 mis·
914 5417 1048 5491 quoniam
1072 5413 1232 5487 philosophi
1253 5415 1320 5468 sunt
1332 5411 1382 5485 qui
1401 5414 1506 5484 putent
1527 5410 1655 5466 animem
1670 5425 1730 5465 esse

44 5517 148 5573 cellam
164 5517 326 5573 accessione
341 5533 393 5571 sua
407 5531 465 5571 non
479 5513 655 5584 redditttec
670 5512 746 5569 enim
761 5527 864 5585 corpus
914 5510 1014 5568 mrrndi
1026 5508 1181 5582 quamdam
1193 5506 1391 5564 invariabilem
1399 5511 1486 5579 atque
1498 5504 1732 5578 simplicemdis·

42 5610 199 5668 candidum
213 5611 304 5683 majus
325 5610 455 5667 minusve
468 5609 561 5682 seipso
583 5614 625 5665 est
645 5625 704 5665 non
724 5605 842 5663 candido
852 5622 862 5676 ;
913 5605 988 5663 cludi
1011 5604 1143 5660 volensa
1166 5602 1313 5658 mentione
1337 5606 1435 5657 nostra
1456 5600 1547 5673 adjeci
1574 5598 1732 5670 composito

41 5721 139 5778 neque
161 5706 185 5761 si
206 5705 350 5778 cogitatur
369 5721 430 5761 esse
448 5720 505 5759 non
523 5703 688 5773 candidum,
710 5706 864 5775 propterea
912 5693 1762 5776 superueniens.Quamobrembxixs'bteuumerasamnes

40 5800 201 5870 composito
216 5799 260 5854 rel
269 5799 415 5869 pernicies
431 5798 476 5856 roi
496 5799 634 5858 detractio
652 5796 868 5876 magnitudinis
903 5790 1027 5874 1001101,
1041 5796 1121 5855 nullst
1133 5800 1172 5854 ul.
1180 5795 1235 5866 stt,
1242 5792 1293 5850 sel
1306 5787 1396 5863 mrsu
1407 5783 1568 5842 desideres
1573 5776 1637 5845 ,001
1644 5766 1795 5836 manure·

186 5893 329 5961 Parnes.
347 5896 562 5968 utuntur
1565 5875 1611 5932 ‘⁸³
