3750 6046
64 198 139 253 sni
560 198 666 255 ansa
685 199 827 257 suocoo.
848 199 916 255 ono
933 168 1112 257 canonius
1130 200 1254 259 aanor..

59 316 199 382 Joauues,
227 316 401 371 monasticus
421 316 501 384 ordo,
526 317 613 372 simul
628 320 756 383 currunt,
771 316 840 371 dum
855 316 884 371 iu
896 330 926 402 Α
1215 315 1327 372 meur
1343 313 1475 371 lllllllllll.

61 426 123 467 una
148 427 269 483 persona
284 410 467 466 laudabiliter
486 411 669 479 conveniunt,
693 410 761 465 dum
782 426 815 464 ex
828 410 883 465 cla·
1187 410 1224 465 lle
1254 411 1387 465 coneerms
1412 410 1502 465 loieia

60 505 133 563 sicis
146 506 200 572 his,
220 505 324 577 quibus
341 505 451 560 licitum
464 511 515 573 est,
531 504 673 571 monachi,
689 511 717 559 et
736 521 770 559 ex
784 522 882 561 mona·
969 504 1069 559 Adhuc
1090 520 1158 559 raro
1187 504 1277 559 otiam
1307 502 1336 557 iu
1363 503 1466 559 nostris
1487 502 1624 559 coenobiis
1644 501 1674 558 hi
1693 500 1752 557 duo

59 600 126 657 ahis
146 598 272 672 probatis
289 598 383 655 clerici
406 598 493 670 lluut;
507 598 578 655 dum
592 614 649 655 non
663 598 780 655 minoris
795 600 883 657 subli-
934 598 1051 654 ordines
1065 597 1269 653 canonicorum
1282 596 1390 652 scilicet
1403 603 1432 653 et
1444 597 1659 665 monachorum,
1668 598 1751 651 luan-

57 694 173 751 mitatis
185 700 227 748 est
240 694 269 748 in
286 693 393 749 clericis
406 693 617 765 evangelizandi
637 693 740 767 gralia,
754 710 841 767 quarn
853 695 883 751 in
933 708 985 747 uas
1009 695 1037 746 et
1057 692 1167 760 Petrus,
1191 690 1278 747 simul
1301 695 1433 760 currunt,
1454 690 1523 746 dum
1546 690 1621 763 apud
1635 706 1687 745 nos
1718 704 1754 745 ex

60 788 216 847 monachis
235 787 440 843 miraculorum
462 788 606 859 potentia3
624 788 693 844 dum
714 805 771 844 non
791 789 882 860 indig·
934 784 1025 840 laicali
1055 784 1266 840 corruersatioue
1310 785 1443 840 homines
1479 768 1608 840 illiterali
1646 782 1753 839 relictis

58 882 129 939 nius
157 885 200 937 est
224 886 253 937 et
285 882 478 954 apostolorum
508 882 536 937 in
566 882 653 937 verbo
681 881 880 951 ministerium,
932 879 1066 935 omnibus
1076 878 1289 951 jugumChristi
1302 879 1461 951 suscepturi
1474 882 1688 945 convertuntur,
1701 877 1750 949 qui
1865 862 1868 867 ¹

61 994 154 1051 quam
178 976 272 1033 llarioe
299 977 440 1033 audientis
462 981 491 1032 et
515 975 695 1032 obaudientis
716 977 879 1045 silentium;
930 973 967 1028 ad
986 973 1115 1028 ordinem
1139 974 1287 1028 clericatus
1306 974 1465 1045 promoveri
1488 990 1541 1028 nec
1563 978 1681 1044 possunt
1697 988 1751 1028 nec

59 1072 136 1129 dum
148 1072 179 1127 hi
192 1071 278 1127 maris
297 1070 397 1138 undas,
419 1071 564 1127 trahentes
582 1075 640 1127 rete
670 1071 801 1143 piscium,
823 1088 880 1127 non
930 1067 1039 1135 volunt,
1056 1067 1105 1123 sed
1119 1066 1302 1139 probabiliter
1315 1067 1344 1121 in
1357 1066 1434 1122 omui
1457 1066 1630 1139 perfectione
1649 1082 1749 1121 mona-

56 1164 168 1223 minori
183 1164 348 1220 fortitudine
363 1181 426 1219 cunr
441 1165 524 1220 Patro
537 1165 779 1235 superambulant,
792 1182 878 1237 quam
930 1160 1009 1229 stica,
1037 1160 1154 1232 degunt,
1184 1160 1315 1215 manibus
1339 1161 1397 1216 suis
1420 1164 1571 1234 operantes
1586 1166 1613 1215 ci
1633 1174 1749 1215 earnem

57 1260 104 1317 illi
126 1260 249 1316 suaviter
269 1276 355 1330 super
373 1264 470 1330 pectus
484 1260 549 1313 lesu
568 1275 633 1312 cum
646 1260 755 1313 loannc
772 1275 880 1314 recum·
929 1270 1010 1309 suam
1037 1269 1103 1308 cum
1129 1254 1203 1310 vitiis
1217 1258 1246 1309 et
1259 1254 1496 1327 concnpisceutiis
1522 1254 1551 1309 in
1568 1254 1666 1309 babitu
1689 1270 1747 1327 pus·

57 1355 151 1424 bunt;
173 1355 242 1409 dum
275 1368 334 1408 non
367 1352 486 1407 minoris
510 1352 685 1407 celsitudinis
712 1353 742 1408 iu
764 1352 880 1409 clericis
929 1347 1072 1404 nitentiali
1092 1348 1300 1421 crucifigentes,
1317 1349 1365 1421 qui
1382 1350 1468 1405 etiam
1487 1365 1565 1405 mora
1592 1348 1748 1405 monacho·

57 1448 140 1505 verbi
154 1447 291 1503 ministris
305 1464 370 1502 cum
390 1448 475 1502 Petro
502 1454 529 1501 ct
545 1446 762 1503 Paulovietoria
778 1452 877 1519 tyrau·
928 1458 993 1497 rum
1028 1445 1115 1509 vesle,
1149 1459 1213 1514 quat
1244 1443 1397 1517 scapularis
1433 1443 1546 1512 dicitur,
1579 1443 1609 1497 in
1633 1442 1750 1516 quihus·

56 1558 166 1601 norum
179 1546 208 1597 et
221 1541 368 1609 mortium,
385 1557 471 1612 quam
487 1540 517 1595 in
528 1541 673 1596 monacbis
687 1557 753 1596 cum
772 1543 879 1597 loauua
928 1536 994 1591 dam
1009 1536 1137 1592 claustris
1157 1537 1194 1592 ad
1217 1553 1304 1609 opera
1331 1537 1457 1609 succingi
1471 1542 1690 1605 consueverunt,
1709 1536 1748 1593 ita

59 1638 92 1693 in
107 1636 197 1691 insula
209 1636 478 1707 Pathmosrelegato
492 1636 576 1705 (Aet,
594 1636 623 1706 r),
636 1636 729 1691 eremi
747 1636 878 1705 recessio,
931 1640 962 1690 ut
974 1635 1067 1707 inquo
1081 1634 1197 1707 quidam
1216 1635 1481 1707 gloriarividuutur,
1490 1652 1589 1706 parum
1602 1635 1643 1691 eis
1655 1634 1749 1691 deses

61 1737 91 1787 et
105 1730 262 1787 caelestium
275 1729 416 1783 visionum
429 1729 528 1783 crebra
543 1731 573 1783 st
593 1729 764 1785 multimoda
777 1731 881 1787 revela·
891 1702 919 1774 Β
930 1730 1041 1785 alarum
1055 1728 1204 1784 cherubim
1216 1730 1312 1785 volatu
1320 1745 1373 1803 pro
1389 1729 1441 1785 hac
1454 1734 1536 1803 parte
1548 1727 1749 1785 similitudinis

59 1826 113 1881 tio.
139 1826 169 1879 ln
197 1823 250 1890 bis,
278 1824 405 1894 iuquam,
431 1822 564 1877 omuibus
595 1822 715 1894 aliisque
738 1824 878 1894 plurimis,
931 1822 1034 1879 deesse
1048 1826 1175 1895 putetur.

60 1936 127 1991 quse
141 1934 217 1973 nunc
229 1932 399 1972 enumerare
413 1916 532 1988 longum
548 1921 602 1985 est,
614 1917 700 1972 simul
717 1917 879 1973 currunthi
965 1920 997 1973 lu
1016 1917 1148 1973 erunibus
1176 1917 1228 1986 his,
1254 1917 1282 1972 hi
1309 1918 1376 1985 duo,
1405 1918 1440 1972 dc
1470 1916 1574 1989 quibus
1588 1917 1748 1991 loquimur,

59 2013 117 2070 duo
139 2012 254 2068 ordines
274 2010 456 2065 laudabiliter
483 2010 512 2065 in
540 2010 665 2066 Ecclesia
692 2016 720 2066 ct
743 2013 879 2083 usquein
929 2010 1043 2066 ordines
1060 2011 1143 2065 simul
1166 2015 1294 2077 currunt,
1316 2015 1344 2067 et
1354 2012 1456 2082 juncto
1473 2027 1574 2083 gressu
1588 2011 1748 2068 combinati

58 2107 146 2162 llnem
160 2105 254 2160 saculi
274 2120 447 2159 concurrere
476 2121 535 2159 non
552 2105 699 2175 desinunt,
714 2105 800 2162 ambo
822 2109 879 2163 hiso
928 2104 1075 2173 incedunt,
1088 2106 1162 2161 sicul
1181 2106 1251 2161 item
1265 2105 1300 2161 de
1313 2107 1398 2160 Petro
1411 2112 1441 2161 at
1454 2107 1488 2162 de
1501 2107 1613 2163 Ioanne
1632 2106 1748 2178 legitur,

61 2201 169 2267 dilecti,
185 2204 215 2255 et
227 2199 311 2254 ambo
323 2200 414 2255 Deum
429 2197 593 2270 diligentes.
929 2198 978 2253 ubi
996 2199 1103 2270 pariter
1118 2200 1212 2270 juncti
1226 2216 1337 2271 gressu,
1360 2216 1417 2255 nou
1437 2201 1510 2255 alter
1534 2201 1657 2255 alterum
1671 2218 1746 2273 prse-

347 2343 454 2398 CAPUT
472 2343 582 2399 XXXVH
928 2292 1081 2361 currendo,
1095 2293 1146 2348 scd
1156 2294 1248 2365 juncti
1263 2293 1450 2362 ambulando,
1465 2294 1650 2351 incesserunt.
1665 2295 1747 2351 Unde

927 2388 1119 2459 scriptumest
1134 2391 1179 2445 :lit
1204 2389 1320 2443 Ioannes
1338 2404 1397 2443 cum
1414 2390 1493 2445 Petro
1517 2390 1694 2456 ascendebat,
1717 2393 1748 2445 in

61 2459 126 2514 Ideo
140 2458 295 2513 hereticum
307 2462 346 2510 est
366 2456 542 2525 pertinaciter
556 2454 708 2522 defendere,
721 2457 878 2511 monasticos
929 2482 1056 2552 templum
1070 2482 1108 2537 ad
1115 2483 1210 2537 horam
1222 2485 1352 2538 ommni,
1371 2497 1470 2538 nomm
1488 2484 1573 2555 (App,
1586 2482 1637 2556 m),
1655 2482 1702 2539 ubi
1717 2486 1747 2539 et

258 2550 393 2605 &imm
410 2563 464 2602 '³⁰²²
479 2548 571 2603 debere
584 2563 681 2616 resim·
883 2583 887 2593 '
928 2575 1029 2631 claudo
1048 2576 1087 2630 illi
1105 2592 1220 2648 gressus
1240 2593 1291 2647 per
1313 2592 1413 2631 eorum
1440 2576 1525 2633 verba
1544 2577 1672 2633 redditus
1692 2580 1746 2646 cst,

98 2672 140 2725 lta
164 2672 195 2722 nt
213 2666 276 2739 quis
294 2665 377 2721 alteri
400 2664 597 2737 preferendus
609 2664 656 2733 sit,
673 2680 729 2719 non
746 2665 777 2719 iu
790 2664 879 2720 homi·
928 2669 977 2741 qui
996 2669 1129 2726 exsiliens
1153 2671 1291 2726 contiuuo
1307 2677 1335 2725 ct
1353 2670 1534 2726 consolidatis
1555 2671 1672 2727 basibus
1684 2672 1747 2744 aJus

59 2780 144 2832 nuni,
171 2760 268 2817 sedin
296 2758 382 2815 solius
409 2758 457 2814 [tei
476 2758 584 2830 judicio
603 2758 725 2829 positum
749 2759 796 2826 sit,
822 2759 878 2814 nisi
926 2767 956 2818 et
977 2763 1083 2836 plantis
1100 2763 1275 2832 ambulabat,
1299 2764 1458 2820 ctiutravit
1476 2765 1611 2821 cumillis
1627 2765 1658 2822 in
1671 2768 1744 2823 tem-

60 2858 140 2931 quod
157 2855 287 2927 mojorin
301 2870 392 2926 regno
407 2853 544 2908 coelorum
557 2852 669 2907 iuturus
684 2852 819 2919 creditur,
827 2852 877 2925 qui
926 2856 1008 2928 plum
1032 2856 1181 2913 ambulans
1200 2862 1230 2913 ct
1252 2857 1393 2928 exsiliens,
1420 2865 1449 2915 at
1463 2857 1583 2915 laudans
1597 2860 1697 2915 [teum.
1711 2860 1745 2915 Et

60 2951 195 3016 sanctius,
213 2948 348 3004 humilius
364 2964 397 3003 ac
417 2946 593 3019 probabilius
611 2946 670 3000 siva
689 2945 725 3001 dc
745 2946 872 3015 illorum,
927 2966 1033 3018 revera,
1055 2950 1102 3006 uhi
1125 2952 1309 3008 sacerdotalis
1331 2953 1503 3024 auctoritas,
1527 2970 1592 3026 quoe
1613 2955 1642 3010 in
1663 2955 1745 3011 Petro

59 3048 119 3103 sire
140 3044 175 3099 dc
196 3050 291 3098 nostro
306 3043 404 3097 ordine
419 3045 604 3097 conversatus
622 3040 775 3109 iuvenitur,
789 3040 837 3095 ubi
848 3045 877 3095 et
888 3071 916 3145 C
928 3044 1098 3118 intelligitur
1119 3048 1148 3101 et
1163 3048 1321 3103 monastica
1343 3048 1485 3118 sanctitas,
1501 3064 1566 3121 quta
1593 3065 1644 3120 per
1665 3050 1746 3104 loan-

58 3138 161 3198 mnltos
186 3138 279 3192 viduae
306 3143 335 3191 ot
361 3136 521 3206 conjuprtrc
549 3134 646 3188 multis
674 3134 815 3207 episcopis
849 3142 879 3190 et
928 3154 997 3193 nera
1016 3138 1201 3210 significatur,
1223 3141 1282 3197 sire
1307 3142 1336 3197 in
1364 3159 1421 3199 uua
1437 3142 1744 3216 congregationemve

59 3232 212 3291 monacbis
236 3233 450 3304 preponantur,
470 3245 534 3300 quia
554 3243 610 3282 non
634 3228 664 3282 in
691 3228 877 3285 [estimatione
927 3230 1027 3286 inuua
1050 3250 1174 3305 persona
1190 3234 1290 3306 juncta
1309 3242 1385 3307 sunt,
1400 3237 1461 3293 talis
1474 3236 1666 3293 coambulatio
1683 3236 1745 3293 sins

58 3328 348 3396 hominum,magnae
362 3329 427 3378 suut
443 3338 616 3394 unoquoque
624 3321 783 3394 accipiente
799 3339 875 3378 mar·
928 3324 1015 3380 dubio
1031 3327 1066 3381 ad
1087 3327 1201 3383 laudem
1215 3336 1243 3384 et
1268 3331 1389 3401 gloriam
1410 3330 1461 3385 hei
1477 3330 1616 3403 prolicict,
1632 3330 1744 3386 multis·

58 3422 163 3479 cedem
176 3420 331 3476 secuudum
345 3432 427 3473 suum
444 3416 580 3471 laborem.
926 3435 982 3491 que
995 3420 1189 3477 imitatoribus
1203 3423 1261 3478 crit
1272 3424 1302 3478 iu
1317 3424 1449 3480 salutem.
1465 3428 1567 3481 Amen.

57 3551 185 3621 Bapticit
198 3552 331 3603 tractatus
345 3546 378 3601 de
391 3546 486 3601 orilinc
501 3546 689 3600 canonicorum
707 3545 876 3613 repulerium
894 3548 1037 3602 reuerendi
1050 3550 1080 3602 in
1094 3548 1201 3604 Christo
1218 3554 1307 3621 putris
1326 3567 1357 3605 uc
1374 3552 1492 3614 domim,-
1503 3553 1605 3607 domini
1624 3552 1746 3608 Anselmi

418 3636 641 3703 ilauetberperrsis
657 3636 780 3691 Ecclesia
798 3638 927 3707 episcopi,
943 3640 1059 3706 liupenr'i
1072 3642 1148 3695 tertii
1159 3645 1386 3713 contemporanei.

639 3956 1149 4131 ANSELMI

480 4271 1023 4395 lldllliLBliliGENSlS
1062 4276 1324 4398 celsiori

546 4521 825 4614 EPlSTOLA
863 4524 1261 4620 APOLOGETICA

464 4730 541 4795 ruo
565 4729 718 4798 ouoruu
742 4731 1036 4802 canonicorum
1061 4735 1341 4803 nuouusmuu.

57 3830 398 3844 ————-—-—-

59 4919 212 4992 (Eusebius
234 4922 341 4987 Auonr,
369 4920 450 4975 Vetus
472 4918 618 4991 disciplina
642 4923 833 4977 corrontsorum
858 4924 1027 4992 repertorium
1053 4930 1079 4981 et
1103 4926 1285 4988 maiomam,
1310 4927 1365 4981 etc.
1395 4924 1518 4981 venetiis
1545 4926 1623 4992 tili,
1650 4923 1734 4991 insa

786 5014 807 5066 t.
824 5011 857 5079 lt,
875 5027 904 5084 p.
920 5014 1012 5084 1048.)

740 5344 1053 5439 llONlTUltl.

90 5556 133 5606 Its
156 5554 442 5629 anselmooudinus
465 5558 503 5607 lis
520 5555 694 5621 scriptoribus
716 5556 804 5607 metm.
824 5558 866 5609 sic
889 5558 1012 5610 scribit:
1034 5578 1048 5604 «
1067 5560 1217 5611 anselmus
1238 5560 1473 5625 Havelberpensls
1496 5560 1524 5610 ln
1548 5558 1742 5611 marchionatu

58 5617 304 5691 Bruudcburpeusr
330 5632 478 5730 episcopus
481 5656 529 5668 .....
557 5634 572 5669 a
598 5619 728 5694 hotlrario
751 5620 774 5669 ll
800 5621 966 5695 imperatore
991 5622 1099 5685 legatus
1123 5620 1393 5687 Constantinopolim
1415 5622 1450 5673 ad
1469 5622 1635 5674 Graecorum
1655 5621 1698 5667 issi
1715 5632 1763 5705 a·-

59 5685 180 5730 ratoram
203 5692 316 5740 missus,
340 5694 348 5730 r
371 5696 436 5743 roric
463 5694 478 5730 a
499 5681 715 5745 sapientioribus
739 5683 879 5748 episcopis
902 5684 1010 5737 Graecls
1031 5690 1203 5751 prouocatus
1226 5686 1374 5739 calabram
1393 5687 1575 5735 caussinum
1595 5692 1654 5726 aaa
1672 5676 1751 5721 aratu

80 5744 161 5792 uinm
177 5742 248 5803 iniit,
260 5743 334 5813 quod
351 5743 479 5804 drepanio
491 5745 528 5793 tlt
544 5743 685 5797 describit.
703 5744 804 5821 ltissus
815 5761 931 5817 quoquc
951 5749 1108 5803 anselmus
1125 5751 1183 5803 luit
1199 5750 1238 5803 ab
1252 5750 1391 5815 Eudamo
1405 5747 1451 5797 hh
1464 5756 1547 5815 papa
1557 5739 1600 5789 aa
1610 5730 1807 5821 §asssump-

82 5816 243 5856 omanorum
258 5808 461 5873 imperatorem,
477 5810 531 5861 etc.
546 5808 617 5865 llam
631 5814 817 5870 eouvmuoot
835 5812 912 5873 latur
927 5814 1117 5879 haidericum
1131 5816 1346 5889 imperaturum
1357 5814 1392 5869 ab
1404 5808 1585 5873 humanam
1591 5794 1644 5847 XXX
1651 5786 1792 5841 ww*
