3750 6046
89 198 142 262 iit
773 210 934 272 onbnnlct
953 215 1083 271 tttubls
1255 246 1259 255 ·
1716 216 1763 273 480

87 333 138 390 tris
162 334 199 390 ad
221 334 378 408 legendnm
399 339 429 394 in
454 340 576 396 Ecclesia
599 340 722 397 strictim
747 342 1127 430 congessitAerpavescat.
1141 342 1195 407 Qui
1212 342 1265 397 atsi
1281 342 1458 398 imminentis
1475 342 1562 415 pestis
1582 342 1765 399 considerant

88 428 168 483 Nunc
189 432 296 498 autam,
319 432 392 488 sicut
415 433 586 506 principium
614 433 744 506 ejusdem
772 436 902 492 lectionis
951 436 1120 508 periculum,
1136 435 1229 491 minus
1241 438 1339 491 tamen
1351 435 1404 491 sub
1416 435 1512 514 taliac
1527 441 1606 492 tento
1617 436 1691 492 duee
1701 435 1763 508 jam

89 524 186 578 nostro
198 522 306 580 inserui
321 527 467 597 opusculo,
482 527 521 582 sic
534 527 621 582 etiam
636 527 725 583 linem
739 544 860 601 opernm
874 534 903 585 et
952 529 1106 586 formidant
1128 529 1289 601 improvisa
1317 529 1415 585 mortis
1446 528 1605 585 interitum.
1631 530 1670 585 At
1700 545 1765 585 vero

88 614 152 671 vita
165 616 226 672 sine
237 617 302 673 fuco
316 617 444 674 falsitatis
460 620 568 675 utiliter
580 620 802 693 compaginabo.
952 622 1052 679 eodem
1072 622 1253 677 mortalitatis
1272 621 1424 693 ingruente
1446 621 1646 692 incommodo,
1661 622 1764 678 mortui

125 709 227 782 Elapso
246 712 355 768 interea
368 729 443 768 auno
457 713 591 769 vicesimo
610 713 734 770 secundo
749 715 904 770 inchoatio
952 719 1019 771 aunt
1036 732 1070 771 ex
1093 715 1238 770 monachis
1258 730 1371 784 nxrvur,
1391 715 1440 772 sed
1463 720 1491 770 et
1513 714 1692 772 famulorum
1713 731 1766 771 non

87 801 133 858 nis
148 819 248 859 eorum
261 805 292 860 in
307 805 366 876 ipsa
383 821 492 873 eremo,
506 807 536 860 in
558 807 659 863 eodem
674 808 847 863 monasterio
868 809 903 864 ab
953 809 1073 864 minima
1087 808 1247 864 multitudo.

89 895 251 953 incursione
280 898 453 954 insidiatoris
480 899 597 971 generis
623 900 742 956 humani
768 901 905 972 pestilera
987 903 1140 970 Caeterum,
1153 901 1222 973 qnid
1232 902 1268 958 de
1277 902 1402 974 quedam
1413 916 1516 957 eorum
1528 900 1697 973 contigerit,
1709 917 1762 956 nen

88 989 184 1045 clades
195 991 352 1047 subitaneae
366 992 467 1047 mortis
476 992 604 1065 ingressa
613 993 714 1048 adluit.
727 995 827 1050 Beatus
839 1010 905 1050 vero
954 998 1067 1066 oportet
1080 993 1226 1066 praeterire
1240 993 1365 1051 silentio.
1382 997 1445 1066 lpso
1458 1008 1584 1065 namque
1602 992 1650 1049 dia
1670 993 1764 1050 Domi-

88 1083 230 1152 Ebrullns,
247 1099 305 1140 nou
320 1085 392 1141 sicut
412 1087 618 1155 mercenarius,
632 1088 681 1160 qui
701 1087 732 1142 in
751 1087 850 1143 medio
864 1090 905 1144 ln·
953 1087 1025 1143 nica
1047 1086 1211 1157 Natiuitatis,
1226 1087 1262 1142 ab
1284 1103 1342 1143 nno
1358 1086 1439 1144 valde
1464 1085 1623 1142 necessario
1644 1101 1761 1143 monas·

90 1177 775 1252 porum,derelictisovibus,fugamarripuit,sed
786 1187 905 1237 utverus
954 1181 1017 1237 ticae
1038 1181 1079 1236 rei
1101 1180 1195 1235 ablata
1212 1185 1256 1236 est
1273 1179 1446 1244 ammaoni
1462 1177 1595 1252 diligenti
1611 1179 1765 1235 studiotn·

89 1272 187 1339 pastor
201 1286 266 1325 cum
285 1271 325 1327 eis
344 1275 490 1328 certamen
505 1273 578 1341 iniit,
592 1278 621 1329 ct
640 1273 763 1345 implens
781 1275 906 1346 Apostoli
954 1275 1030 1330 neris
1056 1275 1239 1346 compositus,
1262 1279 1343 1330 extra
1368 1272 1585 1343 monasterinm,
1612 1271 1662 1329 ubi
1692 1273 1768 1329 locus

90 1363 210 1431 monita,
222 1364 367 1434 gaudebat
379 1382 444 1420 cum
455 1366 655 1438 gaudentibus,
667 1367 752 1422 flebat
762 1383 828 1422 cum
839 1368 906 1423 ilen-
955 1370 1015 1423 erat
1026 1366 1183 1439 sepeliendi
1195 1371 1368 1439 asportatur,
1384 1367 1482 1438 ibique
1494 1382 1562 1422 eum
1576 1365 1768 1437 deponentes,

91 1454 167 1510 tibus
193 1456 289 1527 (ilem,
306 1474 352 1525 χιι,
376 1459 430 1530 15).
456 1458 564 1524 Quibus
590 1461 676 1515 verba
697 1460 906 1516 exhortationis
955 1459 1154 1532 exspectabant
1167 1465 1309 1533 quatenus
1329 1460 1442 1531 expleto
1458 1458 1610 1514 missarum
1629 1459 1768 1531 proeconio

89 1548 204 1618 taciens,
221 1549 283 1605 ait:
299 1570 314 1602 a
334 1553 356 1607 0
376 1551 484 1619 iratres,
502 1551 635 1608 roborate
657 1554 742 1609 corda
760 1557 862 1622 vestra,
877 1556 907 1607 et
955 1554 1109 1625 sepultura
1122 1553 1288 1609 traderetur.
1306 1551 1406 1609 Flebat
1418 1557 1515 1608 autem
1532 1551 1622 1608 totius
1639 1551 1766 1608 ecclesia

90 1644 178 1698 estote
190 1642 292 1713 parati.
308 1645 435 1701 Viriliter
449 1648 533 1715 cpite,
549 1650 575 1702 et
591 1648 786 1714 confortemini
806 1650 831 1718 (l
843 1647 905 1703 Gor.
959 1650 1116 1702 conventus
1126 1645 1256 1718 protanti
1266 1646 1475 1702 iamulimerte.
1490 1645 1770 1717 Procuratorquippe

89 1751 147 1803 xvi,
163 1738 204 1805 13)
222 1735 253 1790 in
266 1737 398 1804 Domino,
413 1738 525 1794 acieotes
542 1739 615 1809 quod
634 1740 782 1795 tribulatio
797 1743 904 1811 putica·
916 1717 944 1790 B
956 1739 1203 1812 diligentissimus,
1215 1755 1260 1794 res
1270 1739 1389 1795 fratrum
1401 1737 1618 1794 administrabat
1627 1737 1769 1795 officiosis·

89 1830 157 1883 tiam
172 1835 302 1898 operatur
313 1833 446 1901 (Roma,
461 1834 476 1886 3
494 1872 500 1886 .
516 1833 698 1888 Renovamini
715 1833 816 1904 spiritu
828 1849 906 1889 men·
955 1834 1037 1900 sime,
1060 1848 1118 1904 qua
1139 1832 1174 1887 de
1195 1848 1281 1888 cansa
1301 1832 1391 1888 nimio
1413 1831 1449 1886 ab
1470 1830 1606 1887 omnibus
1624 1830 1771 1887 colebatur

89 1921 124 1977 tis
141 1925 252 1991 vestrae,
273 1928 302 1979 at
318 1928 445 1996 pugnate
467 1941 532 1980 cum
560 1926 678 1997 antiquo
697 1931 842 1997 serpente.
865 1925 907 1983 Sit
955 1941 1062 1982 amore.
1085 1928 1156 1984 Cum
1178 1925 1379 1998 ergo-pariter
1402 1940 1502 1980 omnes
1527 1923 1642 1991 tierent,
1668 1924 1768 1981 beatus

91 2014 173 2069 vohis
185 2031 234 2070 cor
245 2031 345 2085 unum,
360 2023 390 2072 et
401 2018 498 2074 anima
511 2034 568 2073 uua
583 2019 613 2073 in
627 2019 759 2076 Domino.
776 2021 845 2075 Ecce
858 2035 907 2091 ap·
955 2019 1096 2088 Ebrullus,
1110 2019 1249 2092 Spiritum
1263 2021 1394 2075 sanctum
1408 2021 1466 2074 tota
1479 2020 1575 2074 mente
1590 2016 1765 2089 concipiens,

92 2110 265 2180 propinquat
296 2109 404 2165 vocatio
436 2115 551 2180 nostra,
584 2116 612 2167 et
644 2112 905 2168 manifestabuntur
956 2113 1112 2180 intremuit,
1135 2110 1282 2185 dolorique
1301 2111 1422 2169 fratrum
1444 2109 1630 2182 compatiens,
1644 2110 1684 2166 ad
1703 2112 1768 2166 nota

91 2217 181 2273 opera
198 2207 307 2270 nostra,
321 2203 476 2277 reddetque
496 2221 579 2261 verus
593 2204 701 2261 arbiter
717 2211 803 2278 prout
823 2221 906 2277 expo·
955 2206 1087 2279 praesidia
1106 2205 1236 2274 recurrit,
1256 2205 1379 2261 orationi
1400 2203 1538 2272 incubuit,
1557 2208 1658 2275 pectus
1679 2203 1766 2259 rehe-

90 2300 172 2351 scunt
194 2295 377 2368 singulorum
399 2298 510 2354 merita.
535 2300 655 2368 Vigilate
680 2315 742 2368 erpo
764 2304 794 2355 et
815 2303 904 2370 orate,
955 2303 1067 2357 menter
1078 2299 1171 2367 cadit,
1184 2298 1341 2370 tandiuque
1350 2314 1412 2353 sese
1427 2295 1652 2369 lacrymabiliter
1665 2296 1768 2352 afflixit

91 2391 159 2459 quta
174 2392 284 2446 nesciis
297 2389 375 2445 diem
395 2406 487 2463 neque
501 2392 612 2448 boram.
628 2395 725 2449 mutae
742 2393 789 2448 ille
804 2409 904 2457 seruus,
954 2393 985 2448 in
1000 2409 1094 2465 prece,
1109 2393 1201 2449 donec
1215 2407 1266 2463 pro
1281 2407 1338 2464 quo
1353 2391 1525 2462 precabatur
1536 2389 1665 2446 famulus
1675 2404 1769 2446 resur·

92 2497 180 2553 quem
205 2498 264 2538 cum
289 2486 392 2540 emerit
414 2487 553 2548 Dominus,
579 2487 714 2542 inuorerit
736 2485 904 2558 vigilantem
955 2491 1046 2559 geret,
1062 2489 1091 2541 et
1102 2485 1210 2556 gratias
1225 2499 1314 2556 agens
1328 2500 1379 2556 pro
1394 2482 1509 2539 reddita
1520 2482 1588 2552 vita,
1604 2482 1770 2555 antepedes

92 2574 212 2645 tuaeve..
226 2592 302 2644 xxiv,
325 2576 382 2650 tt).
411 2600 425 2628 »
451 2578 499 2633 llis
518 2584 547 2635 et
570 2578 733 2650 hujusmodi
755 2579 906 2635 Dominicis
954 2577 1161 2636 resuscitatoris
1187 2576 1395 2650 procumberet.
1416 2576 1476 2641 Quo
1498 2576 1583 2642 lacto,
1607 2575 1644 2632 ad
1666 2575 1769 2632 coelum

93 2669 326 2740 persuasionibus
352 2671 476 2742 prudens
505 2672 687 2727 concionator
720 2672 905 2728 conscientias
955 2674 1062 2729 clamor
1084 2671 1202 2739 tollitur,
1225 2687 1331 2726 nomen
1353 2672 1458 2726 sanctae
1479 2669 1623 2725 'trinitatis
1639 2668 1670 2724 in
1692 2684 1769 2725 com·

90 2761 215 2818 fratrum
241 2763 437 2832 conveniebat,
458 2764 613 2820 adnectens
633 2765 802 2838 etiamque
823 2765 905 2821 bonis
953 2781 1041 2821 mune
1055 2763 1240 2832 benedicitur,
1256 2763 1350 2819 clarus
1370 2765 1400 2818 et
1412 2761 1592 2834 apostolicus,
1608 2761 1680 2833 qnia
1693 2775 1767 2816 mor·

91 2855 287 2928 gaudiaque
300 2857 374 2912 male
387 2856 545 2913 viventibus
565 2858 724 2914 debeantur
745 2862 902 2914 tormenta.
953 2865 1017 2915 tuos
1038 2857 1224 2924 suscitaverit,
1247 2855 1324 2928 apud
1345 2860 1461 2911 cunctos
1480 2854 1613 2910 Ebrultus
1635 2853 1767 2910 babetur.

125 2951 197 3006 Cum
219 2949 308 3021 igitur
328 2950 458 3006 velociter
478 2950 595 3007 interire
617 2952 778 3022 coepisseut,
794 2955 827 3007 ut
848 2953 905 3024 ple·
953 2952 1006 3017 Oui
1036 2956 1134 3007 autem
1164 2949 1320 3005 vivificatus
1342 2948 1447 3016 tuerat,
1472 2946 1592 3019 pristino
1616 2945 1764 3002 restitutus

91 3042 156 3099 nius
180 3042 256 3098 beati
282 3041 334 3099 viri
362 3043 498 3099 sanctitas
524 3044 699 3113 claresceret,
726 3044 844 3117 quidam
871 3060 903 3101 er
955 3044 1058 3112 officio,
1073 3048 1170 3116 postea
1190 3043 1286 3114 plures
1307 3041 1378 3097 vixit
1396 3057 1496 3096 annos.
1518 3043 1554 3095 st
1574 3039 1694 3096 demum
1716 3055 1769 3095 an·

91 3136 237 3204 tratribus,
251 3136 406 3192 ansbertus
420 3137 545 3205 nomine,
560 3136 620 3193 siue
639 3136 740 3193 viatico
753 3137 905 3193 defunctus
953 3144 1058 3194 noento
1073 3140 1143 3192 nutu
1157 3151 1288 3208 superna
1306 3133 1432 3206 pietatis,
1445 3132 1564 3189 cessavit
1578 3132 1702 3206 languor
1723 3132 1770 3188 ille

93 3233 146 3286 est.
164 3231 265 3285 Custos
287 3233 383 3286 autern
406 3230 468 3302 ejus
489 3231 527 3286 ad
547 3230 681 3286 abbatem
700 3230 826 3301 veniens,
841 3231 903 3287 ait:
955 3231 1096 3287 mortalis.

94 3345 108 3374 a
123 3324 188 3392 Ora,
202 3325 294 3393 Pater,
314 3324 436 3395 proillio
449 3322 533 3380 rebus
552 3323 688 3379 humanis
706 3324 906 3380 miserabiliter
991 3327 1094 3381 Verum
1115 3325 1243 3379 cessante
1267 3320 1444 3388 infirmitate,
1469 3336 1526 3375 non
1555 3319 1682 3375 cessabat
1707 3319 1770 3391 pius

89 3417 151 3488 jam
166 3432 292 3488 egresso.
309 3418 366 3473 Tua
388 3417 414 3472 ei
433 3417 567 3473 ducatum
582 3420 699 3489 prestet
710 3417 811 3487 oratio,
824 3419 905 3489 cuius
954 3420 1053 3492 pastor
1065 3433 1116 3488 pro
1132 3415 1275 3471 defunctis
1292 3430 1420 3481 exorare,
1436 3411 1602 3486 intelligens
1619 3412 1770 3485 quievere

91 3510 148 3566 iter
174 3526 233 3566 non
260 3511 383 3566 munivit
406 3510 535 3567 salutaris
560 3511 660 3566 hostia
685 3510 860 3567 communio.
889 3533 903 3562 a
953 3506 1509 3580 charitasampliuslaboratproanima
1525 3521 1614 3578 quam
1634 3521 1687 3577 pro
1705 3522 1769 3561 cor-

90 3603 150 3669 Qua
164 3604 201 3659 da
218 3620 248 3660 re
260 3604 359 3660 beatus
374 3604 506 3661 Ebrulfus
518 3604 706 3676 semetipsum
720 3605 845 3660 multum
860 3604 912 3662 in·.
954 3620 1034 3676 pore.
1051 3602 1105 3667 Qui
1118 3602 1185 3658 licet
1197 3601 1300 3657 canitie
1313 3600 1478 3656 veneranda
1492 3598 1641 3668 canderet,
1655 3598 1769 3655 nescius

91 3714 192 3754 cusans
214 3698 295 3769 qnasi
314 3698 496 3770 negligenter
516 3698 658 3768 acciderit,
674 3699 709 3753 ad
733 3703 829 3754 torum
854 3698 904 3754 de·
953 3703 1050 3753 tamen
1072 3695 1176 3751 cedere
1196 3694 1346 3761 senectuti,
1362 3696 1412 3748 aut
1434 3691 1552 3760 orando,
1565 3696 1616 3746 ant
1635 3690 1770 3763 legendo,

90 3791 182 3847 iuncti
202 3791 290 3861 venit,
311 3795 340 3846 et
362 3789 587 3862 praecedentibus
605 3790 737 3863 lacrymis
754 3793 858 3846 stratus
874 3790 904 3846 in
954 3790 1030 3846 diem
1044 3787 1229 3844 continuabat
1244 3785 1333 3856 nocti,
1345 3786 1429 3857 juxta
1446 3784 1517 3840 illud
1528 3782 1608 3856 qued
1622 3783 1700 3840 inter
1713 3784 1771 3840 alia

92 3885 220 3956 pulvere,
235 3900 316 3940 arma
335 3883 471 3939 orationis
489 3900 554 3955 qua
569 3889 755 3940 consueverat
769 3883 901 3955 arripnit.
954 3884 991 3939 de
1005 3882 1089 3938 beato
1101 3881 1160 3936 viro
1173 3879 1324 3936 Psalmista
1338 3878 1427 3934 dicit:
1441 3880 1517 3935 litia
1526 3878 1709 3946 tenebamini
1720 3892 1773 3934 me·

92 3979 248 4049 Postquam
269 3982 365 4034 autem
389 3975 443 4032 sibi
465 3976 555 4032 sensit
569 3976 667 4031 adesse
689 3975 778 4031 divini
800 3976 905 4032 favoris
953 3976 1090 4032 ditabitur
1104 3975 1148 4030 dic
1159 3989 1191 4030 uc
1203 3979 1279 4029 nocte
1292 3971 1376 4043 (Paul.
1391 3987 1411 4039 r,
1426 3970 1466 4040 tl.
1485 3968 1640 4026 charitatis
1652 3968 1772 4041 quidem

92 4068 270 4140 presidium,
281 4085 402 4141 surgens
411 4086 427 4124 a
437 4072 514 4125 terra
524 4068 687 4125 inclamavit
696 4071 853 4124 mortuum.
864 4070 903 4126 nd
954 4068 1022 4140 igne
1037 4068 1171 4140 repletus,
1187 4064 1310 4122 inomni
1325 4062 1463 4120 exercitio
1476 4062 1616 4118 virtutum
1632 4063 1769 4134 persiste-

92 4161 173 4232 cujus
191 4176 298 4229 vocem,
316 4161 365 4232 qui
382 4162 480 4218 lumen
498 4160 632 4216 amiserat
650 4166 737 4233 eaput
758 4161 857 4228 erexit,
876 4165 905 4217 et
953 4161 1002 4218 bat
1018 4161 1164 4218 attentius.
1179 4157 1359 4215 Peccantibus
1372 4156 1545 4224 misericors,
1560 4155 1605 4211 sui
1617 4155 1677 4212 oris
1695 4155 1772 4212 invi·

91 4254 196 4327 apertis
228 4253 326 4321 oculis,
355 4271 414 4309 susa
440 4253 575 4310 libertatis
600 4255 716 4311 intuens
740 4264 903 4323 auctorem,
954 4255 1064 4328 gilubat
1079 4252 1259 4309 firmissimus
1280 4254 1385 4307 custos.
1401 4250 1453 4306 Cui
1472 4248 1603 4322 neglecta
1621 4264 1682 4304 sure
1701 4249 1772 4305 catis

92 4346 154 4405 ait:
172 4368 187 4398 u
206 4349 283 4404 Bene
303 4347 415 4416 venisti,
431 4347 569 4404 liberator
590 4364 682 4414 meus,
697 4348 771 4404 bene
792 4348 903 4404 venisti.
954 4366 1033 4419 cura,
1062 4347 1158 4404 tribus
1184 4345 1291 4402 vicibus
1317 4348 1430 4401 tantum
1452 4343 1482 4398 in
1505 4357 1582 4398 anno
1604 4341 1774 4399 tondebatur

91 4442 133 4498 lte
152 4441 270 4510 etenim,
287 4456 375 4514 qnam
394 4441 529 4496 inimicus
550 4440 602 4497 sibi
620 4441 818 4512 vindicaverat,
838 4440 1043 4514 quiaDcoma.
1057 4440 1131 4496 Nulli
1155 4454 1281 4512 unquam
1305 4438 1335 4494 in
1358 4436 1464 4493 ultione
1488 4434 1622 4491 retribuit
1643 4434 1771 4491 malasi

89 4534 364 4591 incommunicatum
377 4533 493 4606 reperit,
505 4537 553 4588 tua
566 4535 653 4590 salvat
664 4535 763 4605 orabo,
775 4552 839 4607 quaa
852 4537 905 4591 cal·
954 4535 1016 4608 quis
1028 4534 1143 4606 aliquod
1157 4534 1297 4589 damnum
1313 4531 1349 4587 de
1368 4529 1453 4586 rebus
1472 4526 1641 4585 transitoriis
1654 4528 1679 4583 ei
1696 4543 1772 4583 nun·

89 4627 207 4684 liditatis
231 4629 294 4699 ejus
317 4629 486 4700 argumenta
512 4626 603 4683 solvit.
624 4626 753 4682 Privatus
775 4644 903 4701 namque
953 4629 1059 4696 tiasset,
1074 4627 1208 4683 mutiano
1227 4624 1440 4698 respondebat:
1461 4623 1589 4679 Dominus
1610 4621 1699 4684 dedit,
1715 4623 1770 4676 Do-

89 4721 238 4778 beatornm
255 4721 392 4789 convivio,
415 4720 585 4777 sententiam
606 4737 782 4792 exceperam,
806 4725 904 4792 utpote
952 4725 1042 4778 miuus
1060 4722 1198 4778 obstulit:
1219 4723 1255 4776 sit
1271 4734 1368 4776 nomeu
1379 4718 1488 4772 Domini
1503 4714 1688 4771 benedictum!
1700 4714 1770 4787 (tob,

92 4831 150 4870 nou
163 4814 270 4871 habens
284 4814 427 4883 viaticum,
443 4814 546 4868 misere
559 4813 641 4869 tamis
655 4813 825 4869 cruciandus
838 4830 905 4887 sup·
953 4832 972 4883 1,
986 4814 1043 4886 tt.)
1057 4816 1146 4871 Tanta
1158 4814 1183 4870 ei
1198 4813 1287 4868 virtus
1300 4808 1515 4867 reconcilianda
1528 4804 1607 4879 pacis
1623 4807 1722 4863 inerat
1739 4809 1774 4863 ut

91 4908 184 4980 plinio.
199 4910 390 4980 Quapropter,
405 4907 530 4978 benigne
542 4909 637 4974 Pater,
653 4923 725 4978 rego
738 4923 776 4961 ne
790 4906 905 4963 differas
953 4909 1114 4982 quicunque
1134 4907 1277 4963 discordes
1296 4905 1331 4961 ad
1349 4919 1415 4960 eum
1433 4900 1574 4968 venirent,
1597 4900 1659 4971 eius
1675 4900 1770 4957 melli·

91 5001 160 5073 quin
176 5000 304 5057 salutmis
324 5000 425 5055 hostia
439 5016 485 5055 me
500 4998 668 5072 participem
682 4999 778 5055 facias.
793 5022 808 5051 s>
830 5000 903 5065 Quid
952 5001 1018 5057 iluis
1036 5000 1160 5073 mitigati
1175 4998 1364 5066 sermonibus,
1380 4995 1489 5070 pacifici
1509 4995 1684 5050 remearent.
1700 4993 1768 5050 Om-

92 5094 198 5149 multa‘l
214 5093 335 5150 iubetur
357 5093 453 5149 afferri
477 5093 660 5150 sacrificium.
679 5092 759 5157 Quod
780 5110 848 5150 mer
873 5098 905 5150 ut
952 5111 1002 5152 nes
1015 5101 1113 5152 autem
1126 5094 1162 5149 ad
1175 5109 1204 5150 se
1216 5092 1374 5161 vanientes,
1389 5095 1446 5146 tam
1460 5087 1570 5145 nobiles
1583 5103 1672 5160 qnam
1685 5087 1769 5159 igno·

90 5186 208 5258 aceepit,
221 5185 430 5242 admirantibus
442 5187 552 5243 cunctis
569 5187 646 5260 quod
663 5186 815 5256 revixerat,
834 5204 903 5259 pro·
952 5189 1035 5257 biles,
1048 5203 1188 5260 pauperes
1201 5190 1287 5258 atque
1302 5183 1471 5257 peregrinos
1491 5180 1577 5237 hilari
1596 5180 1676 5235 vultu
1696 5179 1770 5235 raci-

91 5280 154 5336 vida
177 5279 389 5352 dispensatione
415 5280 468 5336 Dei
492 5296 590 5336 rursus
614 5279 747 5352 spiritum
777 5280 900 5336 exhalat.
953 5283 1057 5356 piabat.
1079 5282 1200 5353 Semper
1220 5279 1297 5352 apud
1316 5279 1434 5333 cunctos
1453 5273 1616 5330 latissimus
1637 5287 1699 5329 esse
1720 5288 1770 5329 vo·

90 5374 218 5430 Exsultat
239 5373 378 5446 gloriosus
403 5374 496 5438 Pater,
516 5373 620 5429 certior
641 5373 733 5429 tectus
751 5373 787 5430 de
811 5374 903 5430 aalma
954 5376 1039 5444 lebat,
1054 5378 1235 5446 raroqueaut
1247 5372 1303 5440 vix,
1317 5385 1406 5443 quem
1418 5367 1568 5439 reciperet,
1579 5366 1767 5439 absquequo·

89 5467 202 5537 fratris3
224 5465 367 5523 exsultant
387 5465 499 5535 iratres,
522 5466 715 5524 collaudantes
736 5468 827 5524 boum
850 5484 904 5541 pro
953 5468 1024 5525 libet
1036 5467 1233 5524 manusculoa
1251 5480 1282 5521 se
1295 5462 1428 5520 recedere
1447 5457 1641 5533 permittebat.
1656 5457 1770 5515 lntirmi

91 5559 217 5617 novitate
230 5559 371 5617 musculi.
385 5560 434 5617 llle
451 5559 576 5631 letatur,
596 5559 664 5633 quia
680 5561 801 5617 tratrem
816 5561 904 5619 morti
953 5561 1051 5631 etum,
1064 5576 1117 5634 per
1125 5558 1357 5616 benedictionem
1369 5556 1432 5629 ejus
1444 5552 1566 5610 onium
1578 5555 1707 5626 recepta,
1721 5552 1772 5608 be·

90 5653 902 5728 ereptumperacceptamvitamvitaremisarat3illiglo-
953 5654 1117 5713 nedicuntes
1126 5650 1433 5712 ltcumredibantcum
1441 5643 1771 5720 ingentiletitiafflunc·

91 5748 204 5809 riantur
215 5764 246 5807 sc
259 5744 364 5806 bebere
375 5749 500 5821 Patrem,
515 5747 596 5822 cnjus
613 5747 649 5806 ad
662 5764 761 5822 preces
773 5748 904 5807 internus
953 5750 990 5808 tis
1008 5747 1131 5824 denique
1149 5747 1265 5807 beatum
1283 5745 1379 5807 virum
1398 5739 1563 5818 petentibus
1583 5742 1684 5817 optate
1700 5754 1768 5815 pro·
