3750 6046
59 192 130 251 arsa
736 185 1009 245 orciuos-ua.
1029 186 1051 241 1.
1149 166 1152 171 ’
1668 186 1736 245 risa
1833 250 1837 257 ,

59 319 178 375 Domini
191 318 353 391 sepulcrum
373 317 402 374 in
418 316 609 389 ierosolymis,
624 333 675 371 sen
692 315 794 372 limina
806 332 874 387 apo·
884 315 958 400 Aah
975 314 1170 370 ecclesiasticos
1190 311 1348 383 disciplinae
1363 322 1473 378 norma,
1486 312 1682 385 unusquisqne
1702 315 1733 370 in

58 414 212 481 stolorum,
228 429 279 469 seu
293 412 349 469 alia
360 413 421 468 loca
434 417 600 467 sanctorum
614 411 746 480 visitant,
762 411 792 465 in
809 427 873 465 om·
925 408 1025 464 ordine
1047 424 1098 464 suo
1122 424 1180 480 quo
1205 411 1318 462 vocatus
1341 410 1392 473 est,
1407 406 1570 461 nullatenus
1592 406 1735 480 discrepe-

60 506 147 562 nibus
168 506 269 575 causis,
292 513 351 562 tam
376 507 476 562 alienis
501 521 586 577 quam
611 505 754 577 propriis3
782 506 874 559 Deum
926 519 1000 570 mars,
1015 502 1038 557 si
1052 502 1094 557 vel
1108 502 1205 557 facere
1218 501 1262 556 vel
1275 500 1335 572 pali
1348 498 1512 554 scandalum
1528 501 1667 556 nolumus.

58 601 113 657 sibi
135 606 282 657 auctorem
301 604 452 671 testantur,
474 600 607 655 universe
627 616 691 672 quer
710 599 754 653 vel
776 598 876 654 dicunt
1156 606 1312 660 invecticias
1325 605 1503 677 hypocritam.

59 695 104 750 rel
129 696 246 763 faciunt,
266 696 295 750 in
319 695 437 751 nomine
462 693 574 750 Domini
597 710 625 748 se
649 694 691 748 vel
715 693 809 748 dicere
830 692 875 746 vel
962 701 1007 754 Voe
1034 699 1097 767 tibi,
1121 699 1207 753 miser
1230 697 1388 770 hypocrita,
1410 696 1541 752 omnium
1564 697 1736 754 miserorum

58 788 156 845 facere
168 790 283 858 dicunt;
299 792 327 844 et
343 794 374 844 ut
394 788 519 844 breviter
537 788 682 859 colligam,
696 786 808 842 decenti
822 786 874 842 ha·
926 792 1099 862 miserrime,
1119 791 1270 847 simulator
1291 790 1370 859 boni,
1394 791 1508 862 amatori
1523 791 1602 859 mali,
1622 791 1736 849 inimice

59 882 132 951 bitu,
160 882 273 938 decenti
295 899 439 952 sermone,
464 881 578 937 decenti
604 881 675 948 risu,
698 880 809 936 decenti
830 880 874 935 in·
926 887 987 954 Dei,
1009 885 1101 942 hostis
1124 885 1179 956 tui,
1200 887 1332 942 seductor
1355 883 1408 954 tui,
1430 884 1563 955 deceptor
1585 884 1637 954 tui,
1659 886 1736 943 frau-

60 992 153 1044 oessu,
178 976 289 1032 decenti
315 981 374 1032 toto
398 976 527 1048 corporis
553 978 641 1043 motu,
664 974 826 1047 religiosam
847 980 877 1031 et
928 981 1010 1036 dator
1038 981 1092 1048 tui,
1117 981 1249 1036 adulator
1272 979 1325 1046 tui,
1348 977 1457 1034 derisor
1476 977 1529 1044 tui,
1551 978 1666 1034 delusor
1684 981 1736 1050 tui,

60 1070 472 1142 honestametdisciplinatam
483 1086 635 1141 personam
648 1068 877 1141 geruntetloris
926 1075 1114 1129 calumniator
1131 1074 1183 1142 tui,
1199 1074 1352 1129 damnator
1373 1072 1426 1139 tui,
1445 1071 1564 1127 traditor
1583 1072 1633 1141 tui,
1645 1072 1737 1144 judex

61 1164 238 1231 ostendunt;
255 1169 285 1219 et
303 1164 332 1219 in
351 1165 413 1222 istis
429 1169 457 1219 et
478 1181 543 1220 cum
563 1164 624 1218 istis
643 1164 723 1235 quasi
741 1163 877 1235 pacificus
926 1168 979 1238 tui,
1002 1168 1148 1224 homicida
1168 1168 1222 1235 tui,
1245 1169 1375 1222 ostensor
1397 1165 1468 1232 veri,
1492 1165 1582 1221 factor
1603 1166 1677 1234 falsi,
1691 1167 1738 1222 fur

62 1265 106 1315 est
119 1264 208 1315 status
222 1259 364 1326 Ecclesiae,
380 1275 434 1313 nec
447 1258 542 1329 gladic
559 1262 773 1329 persecutorum
788 1257 879 1312 mani·
927 1261 1036 1334 proprii
1060 1261 1196 1328 thesauri,
1219 1264 1383 1332 persecutor
1403 1259 1526 1331 propriae
1549 1259 1737 1330 conscientiae,

59 1354 136 1409 feste
150 1354 346 1425 impugnatur,
364 1369 416 1407 nec
434 1352 532 1408 dolosa
546 1352 764 1423 importunitate
784 1352 875 1407 baere·
928 1356 1025 1426 vulpes
1049 1355 1160 1427 iniqua,
1183 1354 1289 1409 vermis
1313 1353 1452 1425 inquiete,
1477 1353 1579 1424 anguis
1601 1356 1737 1423 tortuose,

62 1448 187 1503 tieorum
210 1447 357 1518 fatigatur.
374 1448 475 1501 Verum
495 1447 524 1500 in
550 1446 625 1501 falsis
640 1446 811 1514 christianis,
827 1462 877 1500 seu
928 1466 1028 1505 cancer
1041 1448 1172 1514 mordax,
1189 1447 1282 1519 paries
1303 1447 1442 1513 dealbate,
1462 1451 1630 1503 caeterorum
1645 1448 1738 1504 fatuo·

64 1542 96 1598 in
124 1541 198 1596 falsis
220 1540 364 1609 fratribus,
378 1540 427 1611 qni
449 1556 555 1595 nomen
579 1545 608 1594 et
631 1540 760 1595 habitum
780 1540 876 1596 Chris·
927 1542 1211 1609 nimfatuosissime,
1232 1544 1341 1612 martyr
1359 1539 1473 1607 diaboli,
1490 1541 1565 1595 inter
1584 1541 1661 1596 viros
1677 1542 1738 1599 sina

61 1639 151 1693 tianae
174 1635 318 1707 religionis
337 1635 501 1703 induerunt,
523 1634 595 1688 adeo
614 1634 724 1689 laborat
744 1633 876 1702 Ecclesia,
926 1639 983 1693 ,rita
1004 1636 1164 1704 ambulans,
1186 1635 1246 1706 jam
1268 1636 1382 1689 niortue
1407 1650 1440 1687 ec
1463 1633 1582 1704 sepulte,
1608 1636 1739 1693 omnium

60 1736 96 1788 ut
111 1731 179 1786 huic
197 1729 246 1802 qui
269 1728 384 1784 sedebat
405 1744 492 1800 super
512 1744 619 1799 equiem
641 1728 785 1799 pallidum,
800 1732 878 1782 recte
890 1698 915 1769 B
928 1732 1078 1787 hominum
1094 1728 1291 1802 perditissime,
1305 1744 1384 1783 serre
1399 1743 1537 1799 nequam,
1555 1727 1629 1783 intus
1642 1730 1738 1801 ligate,

61 1841 171 1882 nomen
187 1829 357 1890 essetmors,
368 1838 432 1893 quae
447 1822 691 1877 nullimortnlium
705 1821 878 1894 parcitque
927 1827 1004 1882 intus
1017 1825 1188 1892 incatenate,
1201 1824 1278 1878 intus
1290 1821 1447 1894 perforate,
1461 1821 1538 1876 intus
1552 1822 1738 1893 incarcerate,

61 1921 156 1977 etiam
171 1934 297 1990 congrue
313 1917 452 1984 infernus,
466 1916 515 1988 qui
529 1932 675 1989 nunqnam
691 1916 759 1970 dicit
773 1932 779 1969 :
793 1914 876 1970 Sufll·
928 1921 1005 1976 intus
1027 1919 1172 1986 absconse,
1196 1919 1272 1972 intus
1293 1915 1499 1987 putridissime,
1523 1916 1600 1972 intus
1620 1918 1739 1974 fetidis·

60 2016 110 2071 cit.
127 2014 198 2079 Orrid
216 2012 292 2068 enim
309 2011 396 2066 estin
415 2010 492 2065 falsis
514 2009 658 2078 fratribus,
673 2008 727 2064 nisi
748 2024 824 2063 mors
838 2008 880 2064 in·
928 2014 1011 2083 sime,
1035 2012 1210 2085 turpissime,
1233 2010 1436 2079 infelicissime,
1459 2010 1667 2082 scelestissime,
1686 2030 1740 2068 ne·

60 2108 212 2164 terfectrix
226 2105 399 2172 animarum,
416 2103 523 2175 pallida
534 2103 562 2157 in
573 2102 713 2175 hypocrisi
727 2107 756 2158 et
765 2102 880 2157 simula·
930 2107 1082 2180 quissime,
1095 2104 1365 2174 damnata-dolose,
1380 2104 1489 2173 inflate,
1503 2120 1601 2173 vacue,
1612 2113 1739 2178 ventose,

60 2199 402 2273 tione,quamsequitur
420 2198 549 2253 infernus
569 2197 675 2268 apertis
694 2196 824 2251 faucibus
842 2196 878 2252 ad
928 2201 1046 2273 pallide,
1075 2205 1221 2269 excecato,
1248 2198 1408 2265 tenebrose,
1436 2197 1546 2267 timide,
1573 2199 1738 2270 suspiciose,

60 2295 262 2353 devorandum
277 2290 655 2365 paratissimustliequibus
665 2289 880 2345 [lominusdicit
928 2294 1053 2365 turgide,
1069 2292 1246 2349 damonibus
1264 2291 1360 2362 plene,
1374 2290 1493 2362 magicis
1513 2290 1621 2346 artibus
1631 2291 1699 2347 foris
1712 2296 1741 2349 et

60 2392 93 2447 iu
119 2389 270 2460 Evangelio
290 2386 342 2442 sub
365 2386 481 2442 nomine
500 2384 658 2440 scribarum
679 2389 706 2438 et
726 2385 880 2439 pharisae
928 2388 1005 2443 intus
1027 2386 1146 2455 imbute,
1168 2387 1327 2458 desperate,
1349 2385 1440 2456 paries
1458 2384 1603 2455 inclinate,
1617 2387 1741 2443 maceria

60 2502 152 2540 rum:
173 2486 220 2539 Va
241 2483 327 2550 vobis,
343 2480 437 2536 suabe
458 2485 483 2534 et
501 2479 633 2534 Pharisaei
650 2478 808 2549 hypocrita,
831 2480 880 2549 qai
928 2482 1056 2554 depulsa,
1084 2498 1141 2536 raon
1168 2480 1278 2535 habens
1300 2478 1535 2547 fundamentum,
1563 2478 1601 2535 ad
1625 2481 1739 2538 ruinam

61 2579 195 2635 clauditis
220 2591 333 2646 reguum
357 2574 484 2629 culorum
508 2577 571 2627 oute
593 2573 722 2628 homiues.
750 2573 802 2628 Vos
825 2588 879 2627 nou
929 2577 1067 2649 proxima,
1083 2574 1186 2641 lutose,
1200 2589 1321 2641 coenose,
1336 2571 1457 2640 sordide,
1471 2572 1740 2644 spurcissime,oon·

60 2674 186 2735 intratis,
210 2686 257 2725 uec
280 2672 447 2723 introeuntes
469 2669 561 2722 sinitis
586 2669 698 2722 int-rure.
724 2669 771 2723 Va
793 2667 876 2732 uobis,
928 2672 1002 2740 fuse,
1016 2670 1121 2737 odiose,
1144 2667 1286 2736 insidiose,
1309 2667 1381 2722 sacri
1400 2665 1455 2722 olei
1471 2667 1612 2735 venditor,
1629 2668 1739 2741 lampas

61 2769 158 2825 scriba
180 2769 206 2820 et
227 2764 360 2819 Pharisaei
382 2761 537 2831 hypocrita,
560 2762 609 2830 qui
629 2759 767 2815 comeditis
788 2760 879 2815 domos
930 2765 1081 2831 exstincta,
1106 2762 1297 2829 fallacissime,
1321 2761 1356 2815 ab
1381 2761 1461 2816 omni
1481 2761 1555 2816 hono
1578 2763 1691 2819 excluse
1712 2767 1743 2820 et
1837 2834 1842 2845 Ι

61 2861 221 2920 uiduarum,
240 2859 361 2912 oratione
375 2856 454 2923 longa
471 2858 577 2909 orontes
594 2869 601 2905 ι
620 2859 731 2924 propter
751 2854 799 2909 troc
819 2869 877 2908 um·
928 2859 1063 2924 alienate,
1080 2856 1110 2911 iu
1132 2855 1274 2911 infernum
1295 2855 1358 2926 jam
1375 2854 1501 2922 detruse,
1522 2855 1739 2913 mendacissime

60 2957 137 3028 plius
161 2953 284 3022 (accipitis
300 2949 437 3019 judicium
460 2948 582 3019 (blatta,
601 2963 676 3011 xsrrr,
700 2950 742 3014 la,
765 2948 815 3017 tt).
832 2950 879 3004 Vae
928 2956 957 3008 et
969 2952 1056 3008 totius
1070 2950 1199 3006 veritatis
1214 2965 1326 3020 expers,
1340 2954 1369 3003 et
1389 2965 1441 3019 per
1457 2948 1554 3004 omnia
1573 2950 1628 3004 lieo
1646 2952 1676 3004 et
1688 2967 1740 3005 an·

62 3051 149 3115 crebis,
163 3047 293 3103 scriberet
312 3044 453 3107 Pharisaei,
470 3044 517 3112 qui
537 3043 679 3098 decimatis
698 3042 835 3095 oecultum
853 3044 879 3095 et
888 3070 916 3144 C
930 3046 998 3117 getis
1013 3048 1040 3101 et
1052 3043 1218 3100 hominibus
1233 3041 1426 3097 detestabilisl
1444 3044 1489 3097 Vm
1504 3042 1567 3112 tibi,
1586 3043 1674 3099 miser
1686 3045 1740 3117 hy·

62 3143 194 3200 unctium
219 3147 244 3195 et
269 3140 417 3208 eyminum,
441 3140 467 3190 et
490 3137 644 3205 relinquitis
670 3152 730 3205 qua
751 3137 878 3204 oratorem
930 3139 1058 3211 pocrital
1081 3138 1218 3209 pallidum
1241 3152 1348 3207 equum
1369 3135 1533 3205 ascendisti,
1558 3153 1665 3193 nomen
1689 3137 1742 3195 tibi

64 3241 133 3294 scrut
146 3237 221 3304 legis,
233 3233 371 3303 judicium
385 3235 410 3286 et
422 3229 634 3285 misericordium
653 3235 677 3283 et
696 3229 775 3298 fldem
788 3228 878 3298 (iota,
930 3249 1017 3301 mors,
1031 3232 1160 3287 infernus
1176 3237 1204 3286 tc
1218 3230 1357 3301 sequitur,
1371 3230 1406 3284 ad
1425 3229 1621 3285 devorandum
1640 3231 1741 3286 certis·

63 3331 122 3402 23).
152 3332 198 3384 t'ae
220 3328 304 3393 uobis,
328 3325 421 3380 scribe
446 3330 470 3378 et
495 3325 627 3380 Pharisaei
652 3323 810 3392 hypocritae,
831 3323 881 3391 qui
930 3327 1027 3382 simus.
1042 3327 1091 3381 Va
1103 3325 1167 3392 tibi,
1181 3325 1267 3379 miser
1280 3323 1444 3394 hypocrital
1460 3323 1567 3379 utinam
1583 3324 1743 3380 coruscen-

63 3424 205 3481 mumtutis
218 3420 290 3491 quod
308 3419 411 3487 deforis
424 3423 462 3473 est
475 3418 569 3472 coticis
583 3423 609 3471 et
620 3415 788 3487 paropsidis,
804 3417 880 3471 intus
928 3420 1057 3486 vertaris,
1071 3424 1098 3473 et
1118 3419 1168 3472 flas
1185 3418 1309 3472 calcator
1331 3415 1459 3472 falsitatis
1482 3422 1509 3472 et
1533 3420 1644 3472 amator
1665 3419 1740 3473 veri·

64 3524 156 3575 autem
184 3516 261 3586 pleni
282 3517 344 3570 estis
368 3515 469 3582 rupino
489 3516 515 3568 et
535 3511 719 3565 immunditia.
744 3509 880 3565 Pburisaee
929 3515 1005 3581 talis,
1029 3518 1059 3567 ut
1080 3528 1113 3567 ea
1134 3527 1200 3584 qum
1224 3511 1359 3565 hactenus
1383 3511 1473 3565 fecisti
1495 3510 1525 3565 in
1547 3510 1741 3580 simulatione,

64 3629 141 3675 omes,
156 3609 260 3666 munda
266 3611 347 3678 prius
361 3606 433 3677 quod
443 3607 516 3661 intus
526 3605 664 3660 estcalicis
678 3608 703 3659 et
713 3602 878 3674 paropsidis,
926 3610 988 3681 Jam
1001 3606 1123 3679 amplius
1138 3606 1225 3660 facias
1237 3606 1266 3658 in
1287 3604 1415 3670 veritate,
1430 3609 1457 3659 et
1471 3620 1530 3659 non
1545 3609 1639 3661 mutes
1651 3606 1741 3660 bono·

63 3713 97 3763 ut
120 3710 170 3777 fiat
197 3704 228 3758 id
255 3702 327 3773 quod
346 3702 448 3768 deforis
473 3705 531 3764 cst,
552 3699 693 3754 mucidum.
725 3699 772 3754 Vae
794 3697 878 3767 uobis,
929 3718 993 3757 rum
1020 3716 1139 3771 operum
1166 3698 1342 3771 qualitatem,
1368 3698 1416 3754 sed
1444 3698 1572 3770 iniquam
1602 3714 1743 3770 perversae

61 3801 157 3858 scriba
181 3805 207 3854 et
228 3798 362 3853 Pbrrrisaei
384 3797 539 3864 hypocritae,
565 3796 613 3863 qui
634 3793 734 3847 similes
755 3794 819 3847 estis
837 3806 879 3846 se·
930 3793 1121 3850 simulationis
1138 3792 1329 3848 intentionem
1346 3808 1353 3846 ε
1373 3794 1401 3847 et
1422 3791 1462 3847 ita
1484 3807 1518 3847 ex
1539 3793 1674 3864 operibus
1687 3793 1743 3849 tnls

61 3895 168 3966 pulcris
200 3891 347 3954 dealbatis,
376 3904 438 3959 qua
464 3905 480 3942 a
504 3889 572 3954 foris
599 3892 697 3957 pareat
726 3886 880 3942 bominibus
926 3890 988 3959 jam
1003 3888 1085 3945 bonis
1101 3889 1207 3943 audeas
1227 3891 1389 3958 exspectare
1402 3885 1445 3941 vel
1467 3903 1582 3958 sperare
1596 3887 1743 3959 meritum,

62 3991 194 4060 speciose,
210 3989 286 4041 intus
299 4000 360 4040 uero
370 3984 455 4055 plenu
467 3987 530 4037 suut
545 3983 651 4036 ossibus
663 3987 832 4035 mortuomm
854 3984 880 4034 et
931 3984 1005 4039 unde
1028 3983 1109 4054 prius
1123 3988 1260 4054 tanquam
1273 3981 1422 4036 simulator
1440 3980 1561 4053 dignum
1581 3984 1744 4054 exspectare

63 4085 220 4154 spurcitiem
234 4083 273 4136 sic
283 4085 308 4135 et
317 4094 364 4134 vos
379 4079 474 4145 aforis
490 4077 600 4147 quidem
615 4077 718 4146 peccetis
728 4074 880 4129 bominibus
931 4077 1070 4133 debueras
1081 4076 1267 4148 srrppliciuml
1280 4075 1401 4131 Intentio
1410 4075 1489 4132 enim
1503 4077 1588 4147 bona,
1602 4076 1660 4132 sive
1669 4077 1744 4132 mala

58 4179 143 4248 jcisti,
158 4179 232 4231 intus
245 4181 335 4230 auton
353 4174 431 4244 pleni
450 4174 513 4226 estis
527 4172 663 4242 hypocrisi
676 4175 701 4224 et
723 4170 878 4239 iniquitute.
930 4171 1010 4243 operi
1023 4187 1129 4227 nomen
1143 4170 1273 4242 imponit,
1289 4173 1318 4225 et
1331 4170 1388 4226 sire
1400 4171 1549 4239 meritum,
1567 4170 1624 4226 sive
1639 4170 1746 4243 suppli·

67 4274 116 4329 Va
136 4270 218 4335 vobo,
242 4269 335 4325 scribe
356 4273 381 4323 et
403 4267 534 4321 Plumsaei
553 4264 709 4335 hypocrita,
728 4265 777 4333 qui
793 4264 879 4332 aedifi·
930 4264 1007 4321 cium
1018 4266 1104 4337 justm
1117 4264 1313 4320 retributionis
1323 4264 1451 4337 requirit.

64 4368 134 4423 cotis
157 4365 281 4436 sepulcra
303 4363 495 4433 prophetorum
506 4379 514 4426 ;
532 4366 557 4415 et
578 4361 684 4414 ornatis
705 4362 880 4412 monumenta
966 4362 998 4415 ln
1012 4360 1065 4415 hoe
1079 4362 1152 4415 statu
1167 4358 1297 4415 Ecclesia
1317 4361 1514 4431 apparuerunt
1531 4358 1584 4413 viri
1607 4357 1742 4431 religiosi,

58 4462 207 4533 justorum,
223 4463 249 4514 et
266 4459 377 4513 dicitis:
397 4458 428 4514 si
447 4458 593 4523 suhsemus
611 4455 641 4508 iu
659 4453 754 4508 dicbus
767 4442 919 4523 pcrtmml)
931 4457 1074 4510 amatores
1099 4453 1245 4521 veritatis,
1272 4453 1473 4508 instauratores
1496 4451 1660 4524 religionis,
1686 4454 1743 4506 hu·

63 4561 227 4617 uostromm,
242 4569 297 4607 uois
311 4552 504 4608 essemussoeii
518 4564 609 4605 eorum
622 4550 652 4603 in
668 4548 879 4617 sauguinepro·
930 4549 1062 4620 gostinus
1092 4547 1279 4619 Hipponensis
1311 4546 1441 4603 Ecclesiae
1476 4545 1646 4618 episeopus,
1677 4560 1742 4618 pro·

60 4651 218 4723 picturum.
234 4650 331 4716 licique
344 4646 494 4701 testimonio
514 4647 576 4699 estis
594 4644 802 4713 uobhmetipsis,
815 4643 880 4711 quio
929 4642 1029 4698 vincire
1044 4640 1184 4697 Numidiae
1198 4641 1309 4713 legatus
1324 4641 1353 4695 in
1366 4639 1469 4709 Africa,
1483 4639 1542 4711 qui,
1553 4639 1677 4696 collectis
1686 4652 1745 4696 non

64 4744 118 4815 filii
146 4746 209 4799 estis
235 4758 325 4798 comem
350 4742 397 4810 qui
418 4740 565 4810 prophetas
589 4737 753 4793 occiderunt.
778 4738 813 4792 Et
835 4750 881 4791 oos
930 4737 1006 4792 falsis
1030 4735 1174 4804 fratribus,
1193 4736 1252 4790 rita
1279 4734 1434 4806 apostolica
1459 4732 1607 4805 praeelegit
1629 4734 1742 4789 virere:

64 4841 339 4910 imptetemmsurum
352 4840 466 4905 pitirum
485 4838 635 4888 vestrorum
651 4847 658 4886 ε
675 4835 819 4901 serpentes,
834 4846 879 4901 ge·
930 4831 1033 4904 quibus
1049 4831 1135 4886 etiam
1154 4830 1296 4901 Regulam
1317 4829 1429 4884 vivendi
1450 4828 1480 4882 in
1495 4827 1643 4883 communi
1665 4843 1743 4901 prae-

64 4936 172 4990 nimine
195 4935 362 5001 viperarum,
386 4928 517 4998 quomodo
540 4927 653 4996 fugietis
672 4942 689 4980 u
709 4925 813 4995 judicio
835 4940 880 4994 gc·
930 4926 1053 4997 scripsit,
1066 4941 1131 4998 quse
1146 4930 1245 4998 postea
1264 4940 1316 4995 per
1340 4923 1502 4978 universum
1523 4922 1623 4978 orbem
1644 4922 1744 4977 catho-

65 5029 162 5084 benaae
176 5025 298 5098 (blatta,
314 5040 389 5090 xrnu,
403 5026 448 5092 ib,
471 5023 524 5093 33).
545 5022 625 5089 Ecce,
647 5020 750 5075 fratres
770 5019 880 5074 charis·
930 5020 992 5076 lieae
1011 5019 1141 5077 Ecclesia
1158 5019 1337 5091 promulgato
1358 5023 1387 5073 et
1408 5016 1575 5090 approbata,
1590 5017 1745 5089 quamplu-

65 5122 142 5190 simi,
168 5120 311 5176 terribiles
338 5116 579 5175 comminationes
605 5131 693 5186 super
717 5114 882 5186 hypocritas
930 5114 1018 5170 rimos
1040 5113 1077 5169 ad
1094 5113 1284 5169 imitationem
1305 5111 1500 5185 apostolorum
1522 5116 1551 5165 et
1572 5110 1602 5165 in
1620 5112 1745 5166 formam

66 5216 228 5272 audivimus
243 5232 249 5269 :
265 5218 387 5269 mortem
403 5210 537 5284 pallidam
561 5211 732 5277 animarum,
748 5217 777 5264 et
792 5208 880 5263 infer·
931 5212 1000 5264 tanti
1027 5208 1081 5262 viri
1106 5207 1136 5261 in
1161 5210 1287 5261 sanctam
1306 5208 1468 5261 communis
1492 5205 1557 5259 vitm
1580 5204 1744 5260 societatem

66 5327 136 5365 num
155 5315 321 5381 sequentem
338 5313 366 5362 et
385 5308 514 5361 hiantem
530 5307 693 5372 timeamus,
708 5300 882 5374 hypocrisim
931 5303 1060 5359 invitavit
1082 5305 1168 5372 atque
1199 5301 1322 5372 collegit,
1349 5305 1377 5355 et
1398 5316 1488 5371 usque
1514 5298 1598 5354 hodie
1625 5298 1743 5371 colligit.

65 5403 264 5461 detestabilem
291 5403 457 5474 fugiamus:
486 5398 563 5471 quod
589 5398 666 5452 intus
692 5401 743 5464 est,
772 5397 883 5452 sincera
932 5396 1018 5468 Cujus
1053 5395 1172 5467 vestigia
1209 5410 1331 5465 sequens
1361 5393 1480 5466 quidam
1512 5392 1746 5465 religiosissimus

65 5499 243 5554 confessione
266 5496 438 5552 mundemus
462 5501 491 5549 et
513 5493 709 5565 purificemus,
732 5497 761 5548 et
783 5490 883 5547 crebra
931 5492 964 5546 n.
980 5492 1017 5562 (7)
1031 5491 1067 5546 de
1087 5496 1186 5546 sancto
1209 5490 1281 5545 liufo
1302 5488 1331 5543 in
1354 5487 1521 5560 burgundia
1541 5490 1669 5559 tempore
1691 5489 1745 5542 lir-

65 5595 257 5664 locrymarnm
282 5590 419 5648 effusione
441 5589 661 5659 abstergamus3
690 5587 758 5643 ioris
785 5591 882 5642 antem
932 5584 998 5640 bani
1021 5600 1102 5656 papae
1121 5586 1254 5651 surrexit,
1271 5583 1321 5656 qui
1342 5583 1466 5639 collectis
1489 5583 1516 5637 in
1541 5582 1639 5637 eadem
1664 5598 1746 5636 cauo-

99 5794 134 5860 t'l)
150 5792 368 5861 Religiosissimae
382 5794 413 5846 N.
427 5790 576 5844 arborium
593 5788 711 5852 iudicat,
722 5787 757 5841 de
769 5801 826 5855 quo
837 5786 900 5842 ride
917 5791 984 5841 tom.
999 5784 1038 5839 Ν
1052 5785 1147 5840 Gallia
1163 5786 1272 5849 Christ,
1288 5799 1349 5855 pag.
1360 5784 1417 5837 802.
