3750 6046
56 199 124 257 itti
526 194 698 259 EPlS'l'OLAE
717 194 759 259 ht
778 199 980 263 salvatori.
995 234 1030 247 -
1048 206 1103 263 AN.
1125 204 1256 267 {tid-58.
1670 215 1738 282 1542

52 330 114 383 tres
129 324 262 383 nobilitas
280 329 329 380 tua
347 341 377 381 se
397 325 511 393 habeat,
530 328 563 380 ut
577 324 698 381 videaris
718 325 872 399 religiosos
881 341 911 416 Α
921 328 1001 385 rabili
1014 330 1096 386 fratri
1109 332 1228 390 Hernico
1242 335 1404 393 Belraceusi
1418 339 1560 413 episcopo,
1575 344 1740 404 salutemet

50 421 156 479 iratres
178 436 230 492 pro
254 435 353 475 amore
378 419 480 475 Christi
503 419 624 491 diligere
653 436 685 475 ac
711 420 821 489 favore,
843 426 873 478 et
923 422 1103 494 apostolicam
1118 424 1362 486 benedictionem.

53 531 109 572 nos
122 514 174 570 tihi
189 514 290 569 uberes
304 513 446 586 possimus
459 513 617 585 gratiarum
631 513 774 571 exsolvere
788 517 873 571 actio·
961 517 1174 574 Venerabilibns
1197 513 1342 578 imtribus'
1354 525 1457 581 nostris
1486 527 1541 601 (88)
1569 532 1623 587 Ηιι.
1647 535 1738 592 Seno·

53 625 118 665 nes·
924 610 1006 667 nansi
1026 612 1237 686 archiepiscopo
1257 622 1286 670 ct
1307 617 1360 689 (89)
1379 624 1410 674 A.
1431 622 1659 683 Altissiodorensi
1677 630 1737 703 epi-

93 704 162 758 Data
176 700 308 759 Laterani
324 700 386 757 liat.
401 700 577 757 Decembris.
925 721 1009 778 scopo
1029 721 1143 762 caumm
1163 709 1322 780 quainter
1343 712 1458 770 dilectos
1477 716 1551 773 fllios
1571 726 1684 778 nostros
1702 725 1737 782 n.

419 805 517 860 emp,
924 799 1111 870 prepositum
1127 800 1163 856 de
1178 801 1286 859 biriaco
1300 811 1329 860 et
1340 806 1370 862 L.
1384 809 1637 869 Autissiodorensis
1650 818 1741 875 Eccle-

89 900 138 955 Λα
150 898 279 956 eumden
295 900 394 954 -Pro
406 899 547 968 nepotibus
559 898 699 969 cujusdam
713 901 838 955 canonici
925 892 975 946 sie
997 894 1166 949 canonicum
1188 912 1274 968 super
1294 901 1416 970 quadam
1438 904 1592 975 praebenda
1615 912 1741 967 nonitur

338 979 589 1035 Autissiodorensis.
925 985 1040 1056 agitari,
1060 987 1126 1042 olim
1150 991 1348 1048 commisimus
1367 995 1546 1068 audiendam,
1562 1004 1591 1055 et
1610 1002 1668 1058 tine
1688 1005 1752 1061 de?

313 1071 468 1144 (Laterani,
491 1072 557 1127 hcc.
582 1071 622 1144 8.)
925 1077 984 1134 bito
999 1080 1221 1138 terminandam.
1237 1085 1367 1159 Cumque
1382 1093 1656 1165 utramquepartem
1672 1104 1740 1154 ante

265 1166 414 1237 [fflnran.,
428 1165 497 1220 ibid.
512 1165 575 1232 cot,
590 1165 663 1238 aaa]
926 1187 1006 1227 suam
1030 1175 1213 1244 praesentiam
1239 1186 1413 1253 avocassent,
1435 1185 1585 1254 praedictus
1608 1189 1641 1245 n.
1664 1206 1740 1261 pres-

93 1271 231 1325 ,qnmpus
243 1267 403 1340 episcopus,
417 1283 515 1322 servus
528 1283 675 1322 serrorum
690 1267 748 1336 liei,
763 1284 877 1324 venera-
926 1265 1034 1336 positus
1055 1266 1092 1322 ad
1114 1285 1213 1325 corum
1239 1274 1418 1331 vocationem
1439 1279 1535 1334 venire
1560 1284 1740 1355 contempsit,

54 1361 111 1417 bili
126 1362 207 1416 tratri
226 1363 348 1418 {launico
365 1360 525 1416 Betriacensi
545 1361 688 1433 episcopo,
706 1362 827 1417 salutem
848 1365 877 1417 et
926 1358 978 1412 ted
1002 1360 1136 1416 eumdem
1161 1364 1191 1418 L.
1217 1365 1397 1424 frustratoria
1424 1370 1561 1428 dilatione
1583 1374 1619 1430 ad
1647 1377 1742 1433 edem

54 1455 243 1528 apostolicam
257 1454 499 1510 benedictionem.
894 1442 896 1446 ’
926 1452 1110 1522 apostolicam
1129 1458 1283 1528 appellarit
1304 1477 1311 1516 ε
1332 1462 1388 1516 Nos
1407 1479 1473 1519 raro
1494 1467 1563 1537 quia
1583 1469 1742 1540 plurimum

94 1548 239 1604 venientis
253 1547 290 1603 ad
312 1548 474 1621 apostolice
489 1547 562 1603 sedis
579 1549 760 1620 presentiam
781 1549 877 1605 dilecti
927 1544 963 1600 de
990 1552 1040 1603 tua
1067 1547 1236 1608 discretione
1261 1553 1440 1624 confidimus,
1469 1561 1600 1617 eamdem
1627 1579 1743 1620 cauum

55 1642 110 1697 lilii
135 1642 224 1697 nostri
248 1641 491 1697 Altissiodorensis
515 1642 642 1697 canonici
666 1642 877 1714 querimoniam
927 1639 1111 1711 experientias
1136 1646 1192 1698 tuae
1214 1647 1427 1717 committimus,
1449 1652 1528 1706 omni
1550 1657 1742 1727 appellatione
1826 1678 1829 1683 ·

55 1752 152 1808 nuper
163 1736 335 1806 accepimus,
346 1735 420 1807 quod
431 1734 487 1808 (87)
499 1740 531 1792 A.
543 1736 634 1791 Abbas
647 1735 771 1792 ecclesiae
783 1736 875 1792 Sancti
887 1711 915 1785 Β
927 1739 1044 1801 emota,
1068 1736 1210 1793 mediante
1229 1738 1342 1810 justitia
1365 1744 1584 1802 terminandam.
1605 1750 1744 1813 Quocirca

55 1830 190 1886 Germani
211 1829 453 1885 Altissiodorensis
476 1816 595 1897 terram,
619 1846 685 1901 quae
705 1829 878 1901 quibusdam
928 1825 1101 1884 fraternitati
1117 1832 1174 1885 tuas
1194 1846 1245 1903 per
1264 1835 1418 1905 apostolica
1437 1839 1543 1910 scriptu
1561 1844 1743 1914 mandamus,

56 1923 211 1995 nepotibus
227 1924 287 1978 suis
306 1926 424 1994 paterno
443 1923 544 1978 solatio
564 1922 716 1991 destitutis,
736 1923 808 1978 sicut
823 1940 878 1978 nu·
928 1925 1069 1990 qnatenus
1087 1927 1240 1996 utramque
1257 1933 1368 1999 partem
1385 1934 1450 1986 anta
1468 1938 1547 1989 tuam
1562 1940 1745 2006 presentiam

56 2034 113 2090 per
126 2016 297 2088 accepimus,
318 2016 500 2072 hereditario
516 2017 583 2087 jure
602 2017 746 2089 pertinere
764 2016 877 2081 dicitur,
929 2029 1038 2083 evoces,
1053 2021 1082 2071 et
1094 2018 1333 2092 rationibusque
1350 2022 1419 2079 hinc
1437 2025 1503 2080 inde
1517 2031 1664 2086 vertantur
1676 2031 1745 2087 sub-

58 2117 159 2168 contrs
176 2110 318 2182 justitiam
341 2109 471 2165 detinere
492 2111 651 2182 presumit.
670 2111 801 2183 Cumque
823 2109 880 2166 alia
929 2106 1017 2162 tiliter
1042 2108 1193 2180 inquisitis,
1219 2117 1247 2168 et
1272 2114 1400 2186 plenarie
1424 2117 1586 2192 intellectis,
1613 2125 1744 2182 eamdem

58 2205 120 2260 vice
139 2221 224 2260 causa
243 2205 305 2275 ipsa
324 2201 534 2258 venerabilibus
552 2203 687 2258 fratribus
706 2204 809 2259 nostris
825 2204 877 2259 llu.
929 2215 1044 2256 causam
1065 2205 1201 2259 canonico
1221 2206 1277 2261 llne
1297 2207 1419 2264 decidas.
1439 2211 1467 2267 Si
1485 2229 1552 2269 vero
1570 2222 1746 2274 memoratus

61 2298 223 2356 senonensi
240 2297 453 2368 archiepiscopo
468 2302 496 2353 et
510 2297 735 2353 Altissiodorensi
749 2296 880 2368 episcopo
930 2294 962 2350 lt.
984 2297 1154 2368 prepositus
1173 2301 1378 2357 contumaciter
1396 2306 1520 2361 noluerit
1539 2309 1575 2364 ad
1595 2314 1675 2367 tuam
1694 2329 1744 2368 ro·
1838 2356 1841 2361 .

60 2393 215 2449 commissa
227 2391 336 2458 fuisset,
352 2391 409 2445 tine
428 2389 524 2446 debito
543 2390 731 2459 terminanda,
747 2391 776 2446 in
791 2391 880 2463 ipsius
930 2388 1074 2444 cntionem
1097 2391 1242 2461 accedere,
1266 2394 1310 2448 vel
1333 2400 1390 2451 tue
1410 2415 1496 2470 super
1517 2401 1573 2457 hoc
1594 2406 1745 2462 sententiae

61 2485 272 2542 examinatione
295 2485 416 2557 negotii,
439 2484 475 2540 ad
499 2483 599 2540 sedem
621 2484 804 2557 apostolicam
827 2485 881 2541 luit
930 2480 1081 2538 ellicaciter
1101 2485 1226 2556 obedire,
1239 2488 1301 2559 jam
1321 2489 1429 2547 dictum
1451 2493 1541 2550 tilium
1564 2503 1693 2554 nostrum
1714 2500 1743 2557 L.

63 2580 251 2652 appellatum.
279 2578 350 2641 Quia
376 2594 443 2633 vcro
470 2594 503 2634 ex
526 2578 655 2649 injuncto
677 2577 760 2632 nobis
784 2578 880 2633 otlicio
931 2574 966 2630 de
983 2576 1044 2648 ipsa
1058 2579 1213 2649 praebenda
1230 2582 1291 2638 sine
1305 2585 1503 2657 appellationis
1517 2589 1663 2648 obstaculo
1677 2610 1743 2650 auc·

62 2673 179 2747 pupillis
204 2678 232 2728 ct
256 2672 393 2744 orphanis
417 2671 615 2743 compellimur
640 2671 670 2726 in
696 2686 748 2725 sua
770 2670 881 2743 justitia
931 2669 1046 2725 toritate
1060 2678 1158 2728 nostra
1170 2674 1313 2732 investias.

62 2766 214 2823 salubriter
228 2765 388 2837 providere,
401 2765 573 2820 fraternitati
586 2769 642 2820 tura
661 2780 712 2836 par
728 2764 881 2836 apostolica
965 2763 1037 2819 Data
1049 2765 1177 2823 Laterani
1191 2784 1217 2823 ri
1233 2768 1273 2824 ld.
1290 2771 1465 2829 Decembris.

62 2860 170 2932 scripta
184 2860 363 2929 mandamus,
384 2860 524 2931 quatenus
542 2857 618 2913 intra
636 2857 799 2930 quindecim
820 2857 881 2913 dies
1287 2888 1393 2944 cmv,

63 2959 126 3027 post
148 2953 360 3024 susceptionem
377 2953 562 3024 praesentium
580 2952 752 3021 litterarum,
767 2966 879 3007 merno-
930 2981 977 3037 Ad
991 2985 1183 3053 Mamm
1197 2989 1427 3061 archepiscopum
1440 2998 1467 3050 α
1480 2996 1581 3053 ,mm
1592 3001 1748 3060 Narbmm,

64 3051 160 3103 ratum
183 3046 314 3102 abbatem
340 3046 454 3102 studeas
476 3046 642 3118 diligentius
663 3046 825 3114 convenire,
850 3049 881 3100 ut
964 3077 1029 3119 um,
1043 3095 1077 3105 ,,
1091 3064 1129 3121 1),
1142 3081 1198 3122 „on
1209 3069 1372 3126 invadendi,
1387 3079 1554 3132 mmmmm
1565 3082 1747 3152 episcopm

64 3142 107 3196 val
122 3141 214 3212 ipsam
229 3142 335 3194 terram
356 3139 507 3211 nepotibus
520 3138 649 3211 predicti
667 3139 695 3193 l..
711 3138 763 3194 sub
778 3139 880 3194 veloci·
942 3188 944 3192 .
968 3144 1053 3200 bonis.

65 3238 123 3290 tate
141 3234 280 3301 restituat,
300 3234 342 3288 rel
363 3234 393 3288 in
416 3234 569 3304 presentia
590 3239 640 3288 tua
661 3232 730 3304 ipsis
752 3232 884 3289 exhibeat
1200 3218 1352 3291 (merlini,
1368 3223 1433 3280 ⁰⁰⁰·
1447 3225 1486 3298 9·)

61 3328 182 3401 justitiae
207 3327 462 3398 complementum.
486 3326 514 3382 Si
540 3342 606 3382 vero
629 3342 742 3382 causam
764 3327 883 3383 interire
1136 3319 1243 3390 [musa
1258 3321 1370 3388 Concit,
1386 3327 1452 3395 xxi,
1467 3328 1541 3402 titt]

65 3421 214 3489 maluerit,
241 3436 330 3493 quam
358 3423 466 3476 terram
490 3420 521 3474 in
547 3420 690 3492 intcgmm
718 3422 883 3487 restituere,
969 3424 1107 3477 marium
1123 3423 1282 3494 episcopus,
1301 3442 1399 3482 servus
1417 3445 1562 3485 serrorum
1584 3432 1645 3502 liei,
1660 3451 1749 3491 vene-

65 3520 187 3587 ntruque
205 3518 285 3588 parte
299 3515 329 3569 in
347 3520 396 3570 tua
410 3513 561 3586 presentia
573 3514 738 3583 constituta,
753 3519 782 3569 ct
795 3513 884 3568 ratio·
934 3512 1017 3567 rabili
1043 3515 1123 3569 tratri
1151 3515 1323 3575 Bnnuuumio
1348 3521 1559 3595 archiepiscopo
1585 3531 1613 3581 et
1638 3527 1750 3585 dilectis

66 3610 151 3665 nibus
174 3609 240 3664 hinc
259 3608 324 3663 inde
343 3607 487 3664 subtiliter
507 3606 682 3678 investigatis
703 3610 733 3662 et
754 3606 884 3679 cognitis,
934 3606 998 3662 tiliis
1018 3608 1260 3666 archidiaconibus
1277 3617 1305 3668 et
1323 3614 1455 3670 universo
1469 3617 1546 3675 clero
1561 3620 1748 3694 Narbonensi,

66 3719 180 3759 caumm
196 3702 296 3774 ipsam,
310 3701 390 3757 omni
405 3701 596 3773 appellatione
613 3703 753 3769 cementa,
768 3701 809 3756 ita
820 3701 884 3772 jus·
935 3700 1099 3756 salutemet
1112 3704 1296 3774 apostolicam
1310 3706 1552 3767 benedictionem.

65 3797 130 3855 titia
149 3796 291 3852 mediante
307 3795 434 3862 decidas,
452 3793 530 3866 quod
546 3794 664 3850 ulterius
683 3810 769 3866 super
783 3794 836 3850 hoc
855 3794 886 3850 in
971 3795 1114 3858 Quoniam
1129 3797 1292 3868 apostolice
1308 3801 1382 3856 sedis
1399 3818 1496 3859 curam
1509 3807 1578 3877 lieo,
1592 3815 1680 3882 prout
1696 3812 1751 3886 ipsi

65 3890 215 3947 audientia
232 3893 331 3945 nostra
351 3905 408 3944 non
429 3888 533 3944 debeat
546 3887 678 3961 replicari
693 3886 885 3960 querimonia.
935 3888 1053 3959 placuit,
1068 3889 1234 3962 disponente
1254 3894 1439 3966 suscepimus,
1457 3899 1545 3969 quieti
1565 3909 1593 3957 et
1608 3904 1668 3976 paci
1686 3907 1750 3963 uni-

66 3984 149 4049 Quod
164 3984 186 4039 si
201 3984 354 4056 praedictus
367 3982 453 4038 abbas
467 3998 520 4038 nec
538 3987 642 4038 terram
659 3982 819 4053 restituere,
833 3998 887 4038 nec
936 3997 1082 4038 versurum
1096 3985 1286 4042 Ecclesiamm
1299 3989 1432 4045 sollicitos
1444 4008 1497 4047 nos
1511 3997 1646 4053 convenit
1657 4004 1749 4056 atten-

63 4077 209 4152 justitiam
222 4077 257 4134 de
271 4076 316 4132 his
330 4075 367 4132 ad
384 4092 457 4148 quos
469 4074 569 4131 eadem
583 4081 660 4132 terra
673 4078 801 4148 spectare
815 4075 884 4131 dici·
936 4075 1015 4132 tione
1033 4078 1204 4150 prospicere,
1224 4087 1252 4136 et
1271 4098 1335 4154 quaa
1355 4100 1407 4155 pro
1426 4101 1527 4142 aarum
1548 4091 1752 4164 tranquillitate

67 4177 126 4240 tur,
142 4172 260 4227 voluerit
276 4170 421 4238 exhibere,
436 4186 529 4243 neque
541 4172 592 4226 tuo
607 4186 694 4241 super
711 4170 765 4226 hoc
777 4169 886 4243 judicio
936 4176 999 4226 ecta
1023 4171 1178 4228 viderimus
1201 4176 1370 4234 auctoritate
1391 4181 1543 4250 apostolica
1565 4186 1750 4259 conllrmare;

68 4269 155 4333 stare,
176 4282 209 4320 ex
231 4270 299 4320 tunc
319 4265 349 4319 in
371 4264 433 4337 ipsa
455 4270 540 4332 tarra,
564 4263 599 4319 de
622 4279 678 4335 quo
698 4263 888 4320 controversia
937 4264 976 4321 ita
990 4270 1098 4338 utque
1116 4268 1203 4324 serncl
1221 4269 1255 4325 ad
1270 4270 1410 4326 honorem
1424 4274 1484 4343 liei,
1499 4275 1630 4334 decorem
1651 4281 1753 4338 domus
1825 4348 1831 4355 ,

69 4363 124 4427 est,
138 4360 304 4415 auctoritate
317 4364 411 4414 nostra
429 4358 524 4413 dirioa
540 4357 692 4429 prohibeas
705 4357 799 4413 officia
811 4358 886 4414 cele·
937 4360 999 4431 ejus
1021 4365 1050 4415 et
1070 4361 1191 4416 saluum
1214 4362 1343 4419 lldelium
1365 4366 1472 4422 tuerint
1492 4372 1655 4442 constituta,
1676 4376 1752 4431 nulla

67 4455 155 4513 brari.
174 4456 313 4509 preterea
330 4452 354 4507 si
371 4453 405 4507 A.
418 4468 490 4508 uxor
509 4451 655 4525 quondam
671 4452 699 4508 S.
713 4451 750 4507 de
767 4448 926 4521 hierico-D
938 4451 1124 4510 diuturnitate
1141 4456 1278 4528 temporis
1296 4457 1325 4512 in
1344 4459 1515 4517 oblivionem
1530 4465 1752 4541 neglectumque

67 4564 152 4606 maco
166 4563 217 4620 per
231 4563 260 4603 se
277 4547 322 4602 vel
340 4561 392 4619 per
403 4546 501 4614 alium,
514 4546 667 4618 quominus
682 4546 805 4602 alterum
818 4545 887 4601 isto-
938 4546 1099 4617 deveniant,
1114 4548 1249 4622 nudaque
1269 4551 1483 4610 machinatione
1501 4573 1655 4627 pravorum
1673 4576 1754 4618 asua

68 4658 137 4701 rum
159 4640 269 4696 affectui
290 4641 477 4712 mancipetur.
496 4641 712 4713 presumpserit
733 4639 888 4713 impedire,
937 4641 1054 4696 valeant
1071 4641 1223 4699 stabilitate
1243 4646 1362 4702 moveri.
1383 4647 1488 4703 liilecta
1510 4666 1575 4706 vero
1595 4652 1624 4707 in
1642 4654 1754 4713 Christo

70 4736 102 4791 in
128 4750 279 4805 personam
305 4735 367 4804 ejus
389 4733 701 4804 excommunicationis,
724 4734 755 4789 in
779 4738 889 4790 terrain
938 4735 996 4791 tilia
1016 4742 1115 4793 nostra
1137 4738 1241 4794 nobilis
1266 4740 1371 4796 mulier
1395 4743 1594 4816 [irmengardis
1614 4747 1754 4806 Narbonae

70 4844 140 4885 vcro
154 4828 242 4898 ipsius
257 4828 427 4884 sententiam
439 4827 568 4899 proteres
580 4827 734 4884 interdicti.
939 4830 1056 4887 domina
1065 4848 1183 4905 pravam
1193 4834 1349 4906 quamdam
1359 4837 1607 4908 consuetudinem,
1617 4857 1682 4912 quae
1691 4859 1755 4900 cou-

108 4924 210 4978 Datum
225 4921 353 4978 Laterani
365 4937 392 4977 vt
405 4922 469 4977 ldus
483 4921 656 4977 Decembris·
939 4931 984 4985 tra
995 4929 1085 4985 baum
1102 4934 1131 4984 et
1147 4929 1299 4985 Lmlesiam
1316 4934 1438 4985 vestram
1453 4932 1611 5004 antiquitus
1628 4935 1753 4993 inolere·
1857 4922 1865 4931 ¹

424 5025 537 5083 CLlllll.
940 5028 994 5094 rat,
1004 5022 1186 5097 dirinaelegis
1195 5039 1292 5080 amore
1305 5041 1337 5079 ac
1351 5028 1418 5095 tue,
1429 5024 1518 5080 trater
1531 5028 1757 5109 archiepiscope,

108 5123 154 5181 Ad
173 5121 304 5180 eundern.
324 5150 358 5162 -
377 5122 429 5176 Pro
448 5118 566 5191 quodum
586 5119 713 5175 canonico
732 5118 856 5176 lindesia
941 5116 1097 5174 dilectionis
1111 5117 1216 5173 intuitu
1232 5118 1345 5173 abolere
1361 5116 1537 5189 desiderans,
1556 5121 1593 5177 ad
1608 5123 1755 5182 remissio·

352 5214 609 5271 Autissiodorensis.
942 5226 1008 5268 nem
1021 5217 1202 5284 peccatorum
1215 5227 1333 5268 snomm
1348 5213 1470 5270 institnit
1485 5220 1518 5272 ut
1536 5221 1563 5271 te
1580 5218 1623 5273 vel
1640 5223 1755 5275 tuorum

326 5308 480 5379 (Laterani,
506 5309 571 5365 liec.
598 5305 637 5379 A.)
942 5322 1137 5362 successorum
1151 5306 1278 5379 quolibet
1289 5306 1413 5363 obeunte
1427 5309 1522 5365 nullos
1535 5311 1677 5384 princeps,
1691 5314 1756 5370 nul·

288 5402 433 5476 [Ainrsn.,
447 5402 514 5458 ibid.
532 5403 583 5458 col.
601 5399 674 5475 ssa]
942 5404 986 5459 lus
1011 5402 1196 5473 castellanus,
1221 5401 1300 5458 nulla
1323 5401 1444 5459 omrnno
1469 5404 1612 5460 saecularis
1636 5423 1758 5478 persona

109 5502 245 5557 manuus
264 5496 423 5569 episcopus,
443 5513 538 5553 servus
557 5512 705 5553 serrorum
726 5496 787 5565 liei,
805 5510 891 5553 rene·
943 5497 1112 5571 episcopalia
1131 5498 1208 5554 bons
1229 5497 1376 5566 invadere,
1397 5497 1557 5554 diminuere
1577 5502 1627 5555 ent
1646 5505 1759 5573 pertur-

107 5634 158 5697 (87)
171 5631 314 5683 Arduinus
336 5629 438 5681 illustri
458 5643 559 5696 genere
581 5632 673 5694 natus,
691 5632 741 5696 qul
762 5630 894 5683 Garraaio
976 5629 1023 5696 ttttlt
1039 5624 1161 5689 lingent.
1331 5698 1336 5711 Ι
1430 5696 1436 5708 1

74 5702 171 5828 {afflati
188 5704 326 5756 successit
346 5703 422 5754 circa
443 5715 550 5754 annum
569 5702 640 5768 tier,
657 5702 809 5755 defunctus
820 5714 893 5755 anno
974 5703 1022 5767 (titt)
1035 5701 1126 5752 Alano
1139 5711 1175 5751 ex
1189 5696 1291 5750 abbate
1304 5696 1437 5763 Ripetorii
1450 5696 1524 5749 tacto
1537 5696 1676 5763 episcopo.
