3750 6046
56 138 106 194 eet
484 134 639 192 HISTORIA
660 131 924 192 ECCLESlASTlCA.
941 134 1073 191 -PARS
1091 134 1136 190 ΙΙΙ.
1152 163 1186 174 -
1200 134 1261 190 nte.
1282 132 1326 189 lx.
1690 132 1740 186 682

52 273 123 333 gere
135 261 296 333 molientes,
311 263 334 317 si
346 277 416 335 quos
428 262 608 332 invenerunt,
623 261 744 334 impigre
757 261 870 316 caecide-
881 277 911 348 Α
921 277 1017 317 ensem
1034 261 1139 317 scilicet
1152 261 1352 332 rubiginosum
1367 264 1395 313 ct
1407 257 1577 324 lanceolam,
1593 259 1622 312 et
1639 273 1739 312 arcum

50 361 131 413 runt.
145 357 266 422 Quidam
286 357 374 412 etiam
394 358 550 412 lurcorum
573 372 624 427 per
644 361 740 428 portes
763 355 869 426 ellege-
922 356 1131 428 aspernabilem
1155 355 1324 428 quibusdam
1346 352 1525 425 pauperculis
1547 351 1738 423 diripuerunt,

49 454 132 518 runt,
154 451 292 523 quoniam
318 450 485 523 impetuosis
508 450 622 504 Francis
644 449 782 521 incogniti
807 450 871 504 lue·
924 455 952 504 et
978 450 1161 505 Curbaranno
1184 449 1219 504 ad
1245 447 1455 520 improperium
1480 446 1652 501 Francorum
1674 461 1740 500 cum

49 549 132 601 runt.
922 559 1028 615 magna
1050 543 1179 597 irrisione
1201 541 1378 607 obtulerunt,
1401 556 1465 610 ques
1487 539 1533 594 ille
1554 538 1740 593 nihilominus
1850 564 1853 569 ·

87 639 239 695 Cassianus
259 637 537 704 eutem,l'urcornm
559 636 700 705 dominus,
719 635 873 691 Antiochiae
924 653 988 691 cum
1018 637 1196 691 cachinnosis
1224 634 1487 707 exprobrationibus
1512 633 1541 687 in
1568 634 1741 688 corosanum
1836 686 1839 691 .

48 731 222 799 admiratus,
239 729 313 785 iuter
327 731 470 802 fugientes
487 729 610 797 delituit,
627 736 654 785 et
668 729 829 800 arrlugiens,
844 728 872 783 iu
923 730 1010 798 misit,
1028 733 1056 784 et
1076 730 1155 785 vanis
1167 727 1369 801 jactationibus
1388 744 1505 783 vesanos
1524 727 1690 782 idololatres
1711 726 1741 781 in

48 827 161 881 terrem
181 823 317 880 Tencredi
332 824 470 895 pervenit,
491 823 597 894 ibique,
615 823 673 878 suis
694 821 774 895 equis
791 822 872 877 soda·
923 825 1063 882 Christum
1076 823 1187 878 excivit.

48 919 183 990 liumque
196 932 325 985 suorum,
341 917 375 972 ed
392 920 554 973 extremum
572 916 660 984 fessis,
676 919 788 972 coactus
807 914 872 969 sub·
959 919 1030 972 Dum
1048 916 1108 972 hoec
1125 918 1261 988 aguntur,
1276 914 1453 971 Curbaranni
1468 916 1560 969 mater
1574 914 1610 969 de
1626 912 1740 970 civitate

51 1011 137 1081 stitit,
164 1016 191 1066 et
216 1011 246 1066 in
272 1010 418 1083 quoddam
444 1011 592 1082 tugurium
618 1009 740 1066 divertit.
767 1011 821 1065 lloc
844 1014 876 1064 ut
923 1010 1014 1082 Aleph
1034 1010 1069 1065 ed
1083 1009 1175 1064 filium
1191 1009 1318 1077 accessit,
1338 1012 1366 1064 et
1388 1009 1422 1064 de
1442 1008 1486 1063 his
1505 1024 1568 1079 quac
1588 1006 1740 1062 inchoare·

50 1104 167 1162 Suriani
186 1107 217 1159 et
237 1104 374 1170 Armenii,
396 1103 521 1174 regionis
543 1105 617 1159 illius
637 1104 750 1174 accolae,
771 1103 874 1175 quibus
925 1107 970 1159 rat
983 1103 1087 1158 acriter
1102 1119 1168 1159 eum
1183 1087 1355 1173 redarguere
1370 1102 1465 1175 coepit,
1480 1101 1573 1174 eique,
1588 1101 1662 1172 quod
1679 1100 1740 1156 rin·

51 1198 146 1254 mralta
164 1198 313 1256 Cassianus
332 1196 538 1264 malefaceret,
558 1201 769 1269 compererunt,
786 1212 819 1252 ex
835 1196 875 1251 eis
925 1197 1033 1253 cendus
1053 1202 1125 1252 esset
1143 1214 1159 1252 a
1177 1195 1355 1266 Christianis,
1373 1200 1402 1251 et
1419 1195 1519 1251 eodem
1534 1210 1620 1262 enno,
1637 1210 1695 1250 non
1712 1194 1742 1248 iu

51 1293 117 1349 iere
138 1308 175 1348 ¹1
200 1307 369 1347 concursum
395 1290 425 1346 in
448 1306 515 1345 eum
539 1291 677 1358 lecerunt,
703 1288 876 1361 apprehensi
925 1290 1012 1360 bello,
1029 1295 1121 1348 morte
1142 1291 1234 1346 subita
1251 1289 1416 1359 moriturus,
1432 1288 1583 1344 manifeste
1599 1286 1743 1360 praedixit.

52 1387 383 1459 caputempulaverunt,
397 1390 426 1440 et
441 1385 607 1440 buamundo
619 1386 872 1456 praesentaverunt.
926 1387 995 1441 Erat
1017 1386 1093 1441 enim
1115 1401 1211 1452 senex,
1233 1387 1330 1455 utpote
1350 1383 1521 1452 centenaria,
1537 1386 1564 1438 et
1583 1381 1744 1437 futurorum

55 1480 148 1547 Unde,
160 1485 188 1535 et
201 1477 290 1551 ipsius
301 1477 392 1550 gratia
404 1480 434 1533 et
446 1481 544 1549 optata
557 1478 686 1534 libertate
701 1477 783 1550 potiti
799 1481 875 1533 sunt.
926 1495 1064 1551 praesaga.
1085 1478 1242 1549 Colligchat
1255 1477 1341 1531 etiam
1358 1477 1448 1531 multa
1468 1476 1503 1530 de
1520 1474 1743 1531 constellationi-

55 1573 168 1629 lnielici
189 1573 302 1628 fortune
325 1572 461 1643 deceptus
484 1571 523 1626 sic
543 1571 628 1643 periit
647 1571 808 1628 Cassianus.
830 1571 876 1626 ln·
926 1572 980 1627 bus
993 1571 1097 1627 mulier
1111 1571 1255 1643 sortilega,
1268 1574 1297 1626 et
1310 1570 1518 1642 geniculorum,
1531 1568 1743 1640 multarumque

54 1671 168 1722 certum
181 1666 304 1721 habetur
321 1681 358 1721 an
376 1666 464 1720 totius
483 1681 583 1736 expers
600 1664 726 1737 confugii
741 1665 915 1740 discusse-B
926 1669 1142 1741 disciplinarum
1173 1667 1296 1723 conscia.
1323 1666 1517 1722 laetabundus
1546 1666 1632 1720 heros
1658 1666 1743 1737 lugu·

54 1761 107 1828 rit,
122 1776 159 1815 un
176 1760 211 1815 ad
231 1757 448 1831 disquirendum
466 1774 482 1812 u
496 1758 702 1814 contribulibus
715 1759 772 1813 suis
792 1759 874 1828 adju·
925 1765 1007 1820 brem
1023 1765 1147 1817 matrem
1165 1760 1294 1835 superbis
1307 1759 1544 1833 promissionibus
1557 1757 1743 1830 compescuit,

55 1853 164 1910 lorium
184 1852 357 1908 discurrerit.
372 1853 444 1909 hlud
465 1856 575 1907 certum
593 1852 724 1920 habetur,
739 1853 876 1924 quoniam
925 1862 954 1914 et
968 1856 1050 1912 tertie
1064 1855 1111 1911 dic
1132 1858 1258 1910 arnaatus
1277 1853 1306 1908 in
1322 1853 1461 1926 oppidum
1480 1852 1534 1907 sibi
1548 1851 1744 1918 commissum,
1854 1900 1857 1906 .

54 1949 78 2004 si
94 1948 243 2004 castellum
261 1962 344 2001 suum
362 1945 516 2011 introisset,
531 1945 585 2001 sibi
604 1945 717 2017 suisque
738 1947 876 2017 opportu·
926 1966 991 2005 cum
1007 1949 1104 2004 nimiis
1117 1947 1234 2015 viribus,
1247 1946 1334 2002 venit.
1348 1945 1501 2002 Christiani
1516 1944 1630 2001 obviam
1643 1947 1746 2000 lemae·

53 2043 122 2098 nius
143 2039 340 2097 consuluisset.
363 2040 468 2095 Pleteee
491 2054 558 2094 vero
579 2044 607 2095 et
630 2055 731 2094 omnes
756 2039 877 2095 civitatis
925 2044 983 2099 litis
996 2043 1140 2111 exierunt;
1156 2041 1203 2096 sed
1219 2041 1393 2096 immensam
1409 2038 1625 2094 multitudinem
1644 2043 1672 2094 et
1685 2039 1747 2093 ior·

56 2133 287 2207 intercapedines
306 2134 345 2188 ita
364 2131 459 2188 densis
478 2136 560 2188 eraut
575 2138 717 2204 occupatae
733 2132 877 2188 cadaveri·
925 2136 1081 2192 titudinem
1103 2135 1217 2190 illorum
1240 2133 1381 2189 conficere
1404 2132 1608 2204 nequiverunt.
1631 2133 1744 2186 Extem·
1850 2132 1853 2137 '

56 2229 122 2298 hus,
140 2233 171 2284 ut
187 2227 259 2283 liber
273 2226 384 2282 nemini
402 2226 520 2281 daretur
535 2226 670 2281 incessus.
686 2226 817 2297 Compita
833 2226 874 2280 ui·
925 2231 974 2302 plo
988 2230 1017 2285 in
1030 2229 1173 2284 civitatem
1189 2228 1324 2299 reingere
1340 2227 1428 2281 coacti
1444 2229 1520 2292 sunt,
1534 2228 1564 2280 et
1579 2225 1607 2280 in
1622 2228 1744 2296 angusto

57 2321 166 2378 mimm
187 2325 217 2376 et
239 2319 324 2375 viculi
343 2319 422 2374 casis
443 2318 674 2390 impediebantur
694 2319 875 2391 corporibus;
926 2326 1074 2396 portarum
1095 2322 1223 2394 ingressu
1243 2320 1336 2390 multi,
1356 2320 1505 2390 repentino
1525 2319 1636 2389 impetu
1655 2317 1743 2373 suno·

57 2415 137 2471 unde
151 2414 251 2470 horror
265 2418 294 2469 et
307 2413 380 2469 letor
392 2412 497 2468 nimius
510 2412 684 2485 quibuslibet
697 2412 877 2468 incumbebat
926 2417 991 2485 cati,
1003 2416 1160 2488 perierunt.
1170 2414 1252 2470 Turci
1266 2413 1342 2468 enirn
1355 2413 1542 2468 vehementer
1553 2428 1601 2467 eos
1614 2410 1744 2483 aggressi

58 2508 230 2565 viatoribus·
741 2490 748 2508 ’
927 2513 1002 2565 sunt.
1018 2507 1147 2563 incubuit
1168 2523 1237 2579 ergo
1255 2505 1423 2561 Christianis
1443 2521 1548 2576 magna
1570 2504 1744 2576 desperatio.
1833 2574 1836 2578 ¹

58 2612 104 2668 lil.
129 2613 218 2675 itero,
243 2611 310 2667 duce
333 2611 521 2672 curbaranno,
544 2612 659 2665 Francos
679 2611 710 2664 iu
732 2608 877 2665 Antiochia
926 2603 977 2661 Alli
993 2606 1088 2658 tamen
1110 2599 1423 2668 alioscousolabantur,
1444 2597 1523 2655 etin
1543 2597 1622 2653 diem
1643 2597 1745 2653 crasti-

362 2689 571 2759 “duttdt'umuu
926 2713 995 2753 nam
1010 2696 1045 2751 de
1061 2695 1159 2767 proelio
1172 2693 1425 2750 concionabantur.
1436 2692 1532 2765 Aliqui
1547 2694 1655 2760 tamen,
1672 2692 1747 2747 ultra

96 2784 206 2842 Auditis
226 2783 389 2840 rumoribus
411 2783 446 2839 de
468 2785 549 2854 captu
570 2782 692 2852 riritute,
714 2783 807 2850 multi,
828 2781 875 2854 qut
926 2791 1013 2863 juset
1029 2789 1070 2844 fas
1085 2787 1320 2854 meticulosiores,
1337 2786 1372 2842 ad
1393 2786 1516 2843 dedecus
1537 2785 1580 2840 sni
1600 2787 1689 2841 noctu
1709 2784 1745 2840 de

59 2881 98 2937 ad
116 2881 178 2953 ejus
196 2877 405 2935 adminiculum
426 2877 629 2947 confluxerant,
646 2877 690 2931 rel
705 2876 796 2932 adhue
810 2892 876 2931 con·
927 2884 995 2955 fuga
1010 2882 1218 2955 cogitaverunt.
1236 2880 1394 2936 willalmus
1406 2879 1483 2936 enim
1499 2880 1534 2935 da
1550 2878 1745 2935 Grentemais·

59 2973 199 3042 flatabant,
219 2971 361 3045 perempti
385 2974 461 3026 suut·
483 2970 547 3039 ΑΙίἰ,
569 2970 599 3025 iu
621 2970 810 3042 municipium
831 2985 877 3025 ru·
929 2976 970 3032 nil
995 2979 1024 3031 et
1045 2975 1192 3031 Albericus
1216 2975 1304 3030 irater
1328 2975 1399 3046 ejus,
1422 2973 1513 3030 Guido
1538 2971 1696 3028 Trussellus
1719 2977 1747 3028 et

60 3068 148 3141 cepti,
163 3070 325 3123 eraserunt.
339 3065 393 3120 Alii
407 3080 475 3120 vero
488 3064 553 3119 ritae
572 3080 630 3119 sua
647 3065 717 3137 luga
729 3064 876 3120 consulue·
889 3033 916 3110 G
929 3070 1096 3126 lambertus
1122 3084 1244 3140 pauper,
1273 3067 1376 3139 aliique
1403 3069 1500 3139 plures
1527 3066 1655 3122 hesterni
1679 3064 1748 3122 belli

59 3167 139 3219 runt.
151 3160 323 3218 Sensadolus
333 3163 438 3226 eutem,
450 3157 573 3215 Cassiani
587 3157 670 3226 tilius,
683 3158 877 3227 curbaranno,
928 3166 1031 3220 timore
1047 3161 1186 3235 perterriti
1207 3165 1288 3229 sunt;
1309 3164 1337 3215 et
1352 3164 1384 3215 ut
1401 3161 1431 3216 in
1449 3161 1605 3216 crastinum
1626 3159 1746 3232 aulnge·

61 3255 201 3328 magistro
214 3252 463 3320 militiaesulduui‚
480 3253 628 3307 Persarum
644 3251 730 3322 rugis,
746 3253 878 3320 occurrit,
929 3264 992 3315 rent
1019 3255 1142 3323 solliciti,
1165 3254 1280 3311 funibus
1304 3270 1358 3326 per
1381 3270 1497 3309 murum
1524 3253 1640 3309 demissi
1670 3258 1745 3328 sunt.

61 3354 171 3405 etcum
191 3347 288 3403 multis
303 3345 415 3402 fletibus
435 3345 510 3401 diros
526 3346 614 3416 petris
629 3345 784 3417 patriaeque
799 3360 880 3401 casus
929 3352 1020 3418 Unde,
1036 3350 1071 3406 ad
1089 3365 1171 3405 suam
1185 3348 1352 3405 diuturnam
1370 3347 1570 3420 ignominiam,
1586 3345 1681 3402 lurtiri
1696 3348 1748 3402 Fu-

59 3443 169 3500 retulit.
186 3443 263 3497 lluoc
278 3439 414 3496 nimirum
435 3439 596 3509 Cassianus,
613 3440 681 3494 dum
702 3439 881 3494 obsideretur
928 3445 1052 3501 trementi
1066 3443 1156 3499 vocati
1177 3444 1253 3497 srrnt.
1269 3441 1338 3497 Tota
1357 3446 1441 3497 nocte
1461 3457 1512 3512 per
1531 3440 1653 3512 abrupte
1671 3455 1745 3511 pree-

60 3537 98 3593 ab
113 3534 347 3602 occidentalibus,
366 3532 402 3588 ed
417 3533 616 3588 liberationem
630 3532 788 3588 Antiochiae
802 3533 878 3588 mul·
930 3538 1094 3609 cipitiorum
1108 3535 1334 3601 ambulaverunt,
1351 3540 1379 3589 et
1398 3550 1463 3589 cum
1482 3533 1578 3588 multis
1597 3532 1747 3593 comitibus

61 3631 98 3686 tis
119 3630 284 3686 inritaverat
308 3625 506 3700 legationibus.
530 3626 622 3682 Tertia
647 3625 703 3693 die,
729 3629 879 3698 postquem
929 3633 965 3688 ad
980 3634 1095 3703 portum
1110 3629 1206 3686 Sancti
1220 3627 1362 3685 Simeonis
1377 3627 1496 3699 pedites,
1510 3626 1641 3682 manibus
1656 3630 1745 3697 etpe-

61 3725 160 3782 ciritas
171 3721 339 3780 Christianis
353 3721 503 3792 subjugata
517 3725 569 3791 est,
587 3720 756 3777 Sensadolus
770 3719 879 3776 Curba·
929 3725 1011 3781 dibus
1033 3723 1191 3792 excoriatis,
1211 3723 1398 3778 devenerunt.
1415 3720 1454 3775 lbi
1475 3721 1579 3776 multas
1596 3736 1682 3776 naves
1700 3736 1744 3777 re·

62 3833 153 3874 ranno
173 3815 360 3887 municipium
374 3813 528 3870 imminens
546 3813 621 3881 urbi,
636 3819 664 3869 et
682 3831 721 3883 se,
735 3820 764 3870 et
782 3813 880 3869 omnia
929 3823 1075 3892 perurunt,
1091 3822 1120 3874 et
1131 3820 1242 3885 nautas,
1256 3816 1285 3871 iu
1299 3821 1383 3887 portu
1397 3814 1569 3884 vacillantes,
1584 3813 1747 3870 crudelibus

62 3929 113 3968 sua
132 3909 312 3978 contradidit,
334 3906 484 3980 ipsumque
502 3908 597 3963 multis
617 3908 772 3980 quaestibus
790 3910 819 3964 et
837 3908 879 3962 la·
931 3911 1039 3969 mmtiis
1060 3915 1235 3980 terruemnt,
1255 3909 1383 3964 dicentes
1405 3908 1481 3981 quod
1500 3925 1516 3962 a
1536 3908 1633 3964 Turcis
1650 3907 1747 3966 Antio·

61 4004 167 4079 cryrnis
185 4020 217 4059 ec
235 4000 381 4076 promissis
393 4002 424 4056 in
438 4001 611 4058 Christianos
631 4001 793 4057 commorit.
809 4002 878 4058 Cur-
929 4005 993 4063 chia
1007 4009 1089 4078 capte
1103 4008 1186 4073 esset,
1203 4007 1232 4060 et
1243 4002 1350 4058 ibidem
1364 4001 1517 4058 Christiani
1531 4019 1548 4056 a
1561 4002 1681 4073 paganis
1695 4001 1747 4057 de-

62 4101 207 4157 hurunuus
225 4101 320 4153 dutum
340 4102 401 4152 erut
420 4095 510 4151 uudur
530 4099 559 4151 et
576 4095 737 4165 bellicosus,
754 4096 880 4168 prudeus
928 4101 978 4158 leti
994 4105 1098 4157 essent.
1117 4099 1165 4154 llis
1183 4097 1297 4164 auditis,
1315 4101 1468 4153 nautarum
1484 4096 1532 4151 elii
1546 4095 1678 4151 anchoris
1695 4096 1746 4151 ab·

62 4200 92 4251 et
111 4194 200 4260 dives,
216 4191 364 4263 laudisque
385 4189 551 4262 capidona
566 4189 693 4263 Calipha,
714 4189 807 4261 gentis
821 4207 880 4245 sure
928 4195 1020 4267 ruptis
1039 4209 1116 4249 mare
1130 4193 1192 4263 jam
1212 4191 1370 4259 sulcabant,
1392 4195 1422 4245 et
1439 4190 1554 4245 carbasa
1574 4191 1747 4261 crepitantes

63 4286 227 4361 apostolico,
243 4285 273 4340 in
291 4284 465 4342 Christianos
485 4282 619 4339 saeviendi
636 4282 781 4338 licentiam
800 4300 878 4339 acce·
928 4290 959 4345 in
972 4303 1057 4344 auras
1069 4285 1262 4358 obliquabant,
1273 4284 1321 4339 alii
1335 4284 1504 4356 pigritantes
1517 4282 1744 4349 dissimulabant,

63 4384 153 4455 perat,
179 4395 265 4451 saque
292 4395 351 4434 non
379 4393 569 4446 reversurum,
598 4377 690 4432 donec
714 4377 825 4449 Syriam
850 4380 1029 4480 etDomnes
1051 4385 1148 4436 temen
1170 4378 1201 4433 in
1224 4393 1376 4434 commone
1401 4376 1588 4432 turbabantur
1611 4380 1640 4431 et
1658 4376 1744 4447 palle-

63 4475 246 4541 nomentan,
262 4472 390 4544 Apuliam
412 4486 525 4543 qnoque
545 4471 598 4525 sibi
616 4470 785 4538 subdiderit,
797 4471 880 4542 jnra-
929 4475 1098 4533 bannitum
1116 4473 1178 4529 hac
1196 4474 1333 4543 aguntur,
1350 4487 1415 4526 ecce
1429 4469 1511 4525 ’larci
1530 4468 1633 4537 subito,
1649 4467 1747 4525 littora

62 4572 151 4626 verat.
169 4569 200 4624 ln
214 4566 319 4622 viribus
335 4566 391 4621 suis
404 4564 487 4621 valde
507 4563 676 4633 confidebat,
696 4564 762 4636 quia
781 4580 880 4620 secum
929 4569 1117 4642 explorantes,
1132 4566 1275 4632 adsolent,
1291 4564 1446 4636 imparatos
1461 4566 1489 4618 et
1507 4562 1657 4618 timoratos
1673 4578 1745 4619 nan-

64 4666 165 4736 geutes
186 4662 352 4717 innumerus
377 4659 509 4715 habebut·
531 4657 664 4729 Adjuucti
688 4658 772 4714 etium
796 4663 879 4713 eruut
928 4669 973 4720 tes
991 4661 1145 4727 trucidant,
1165 4666 1238 4716 rates
1258 4659 1288 4715 in
1308 4663 1393 4730 portu
1413 4658 1592 4713 remorantes
1614 4657 1745 4727 spoliant,

63 4757 105 4815 illi
122 4757 360 4812 Damascenorum
382 4771 431 4809 rer
450 4757 480 4808 et
495 4753 735 4823 lerosolymorum
755 4752 879 4808 admira·
928 4757 1043 4830 ignibus
1057 4753 1192 4828 appositis
1212 4755 1409 4820 concremant,
1430 4755 1459 4807 et
1476 4749 1632 4806 desidiosos
1652 4750 1745 4806 homi·

63 4857 119 4908 tus.
143 4849 225 4908 Turei
248 4853 278 4906 et
299 4848 432 4920 Agereui,
457 4846 561 4902 Arabes
584 4851 613 4901 et
636 4845 793 4914 Publiceni,
816 4844 880 4900 Azi-
929 4867 981 4907 nes
994 4852 1123 4922 provata
1140 4847 1305 4903 dilacerant.

63 4945 154 5016 mitre,
179 4944 259 5001 Curti
283 4946 311 4999 el
337 4944 439 5010 Perse,
464 4941 660 5013 dguluuurum
685 4956 798 5012 quoque
825 4938 880 4994 triu
965 4945 1111 5016 Pugnaces
1132 4942 1210 4998 urbis
1232 4939 1384 4996 muniones
1407 4939 1519 5012 pondus
1540 4936 1659 4994 Turrani
1679 4937 1748 4995 belli

63 5038 154 5096 millia
174 5037 216 5093 illi
237 5036 432 5094 udhoerebuul·
453 5035 509 5100 Qui
528 5034 603 5090 surm
626 5034 752 5106 uudiquu
771 5032 880 5089 luricati
930 5041 989 5094 tota
1010 5037 1055 5093 die
1077 5037 1246 5101 sustinuere,
1270 5033 1419 5105 subitoque
1443 5033 1605 5104 sapientum
1629 5031 1747 5088 cousdio

63 5138 155 5202 erant,
170 5148 224 5188 nec
239 5131 367 5203 sagittas,
381 5145 435 5185 nec
447 5130 559 5185 lanceas
575 5129 725 5196 timebant,
740 5144 793 5184 nec
806 5145 878 5200 prae·
930 5146 1045 5188 murum
1060 5129 1096 5185 de
1107 5127 1247 5201 lapidibus
1260 5127 1396 5199 impolitis
1410 5129 1438 5181 et
1448 5125 1509 5180 siue
1520 5130 1659 5182 coemento
1671 5125 1747 5182 inter

63 5231 109 5285 tor
120 5225 233 5301 gladios
244 5241 325 5280 arma
338 5224 368 5279 in
382 5224 488 5280 bellum
502 5223 642 5279 terebant.
657 5223 736 5279 Tales
751 5222 879 5295 tentique
930 5224 1071 5281 civitatem
1085 5227 1113 5278 et
1127 5222 1266 5295 oppidum
1280 5219 1463 5276 edificavere.
1478 5220 1540 5292 lpse
1557 5219 1635 5275 enim
1650 5235 1747 5276 mace·

63 5322 160 5378 hostes
180 5319 216 5375 ad
240 5321 360 5375 Pontem
383 5319 518 5374 Ferreum
539 5315 729 5373 castrametati
753 5319 829 5385 sunt,
851 5319 881 5372 et
931 5319 974 5375 rie
988 5319 1183 5391 opportunum
1196 5318 1229 5371 ut
1243 5312 1428 5370 defenderent
1445 5329 1475 5369 se
1493 5312 1658 5369 Christianis
1673 5329 1748 5386 pros·

62 5415 229 5473 firmitatem
239 5413 318 5469 illam
328 5411 476 5468 confestim
485 5416 734 5484 expugnaveruut3
744 5417 772 5468 et
783 5427 881 5467 omnes
931 5412 1002 5468 stitit
1018 5409 1169 5478 auxilium3
1184 5409 1380 5480 importunum
1402 5413 1499 5464 autem
1515 5407 1613 5463 Turcis
1631 5406 1747 5481 impug-

64 5510 206 5582 ertemplo
226 5502 440 5576 interfecerunt,
461 5510 604 5562 reservato
624 5505 729 5575 castelli
750 5505 879 5575 domino,
932 5504 1018 5562 nandi
1039 5503 1149 5577 peperit
1167 5501 1414 5574 impedimentum.
1439 5501 1539 5556 Franci
1559 5504 1620 5557 tota
1641 5499 1746 5559 seduli·

64 5603 222 5676 ferreisque
244 5600 363 5658 rinculis
386 5600 501 5672 alligato
507 5618 516 5671 ;
540 5599 589 5673 qui
614 5599 693 5655 risus
716 5602 745 5655 et
769 5599 882 5655 rinctus
931 5601 988 5655 tate
1001 5600 1119 5671 propter
1133 5611 1249 5652 murum
1258 5594 1363 5650 armati
1373 5593 1556 5661 assistebant,
1570 5609 1622 5650 nec
1638 5609 1748 5661 mmuo,

64 5698 199 5756 inventus
213 5699 265 5763 est,
278 5694 353 5752 bello
365 5696 492 5766 peracto.
506 5694 628 5765 Agereni
642 5709 722 5749 arma
734 5690 880 5763 vilissime,
930 5708 986 5750 nec
1005 5690 1179 5766 quibuslibet
1192 5689 1255 5746 aliis
1272 5688 1407 5746 curandis
1421 5685 1766 5757 indulgebant.tntar'xm

228 5789 368 5860 Parnon.
391 5789 602 5858 cnxxxrtu.
1579 5784 1629 5840 m.
