3750 6046
151 222 203 281 027
832 223 994 281 ornentur
1011 220 1143 281 Vl'l'bLlS
1777 214 1822 273 92!
1874 230 1875 244 ¹

150 352 328 408 dormannus
347 367 445 425 eques,
469 351 630 407 Rodbertus
649 352 684 407 dc
708 351 806 407 Culcio
823 353 892 423 (dei,
914 352 1177 438 co-Adiripiebat,
1190 354 1221 406 et
1233 347 1456 422 depopulatione
1469 344 1550 419 gravi
1570 340 1736 416 prouincias
1754 340 1822 397 alili·

150 449 305 519 guomento
322 447 436 509 Burdet,
452 447 481 500 in
498 446 631 517 llispunia
641 446 811 501 commorari
826 446 962 514 decrerit,
1012 448 1107 521 gebat.

149 543 235 612 atque
249 540 285 595 ad
300 541 457 613 quamdam
471 539 582 606 urbem,
596 556 661 612 quse
673 541 836 612 Terrogona
849 540 878 595 in
891 540 964 594 anti·
1048 543 1126 597 Tunc
1151 538 1302 596 lluceranii
1326 539 1385 594 fere
1412 537 1512 593 decem
1537 533 1629 589 millia
1660 530 1823 603 cougregati

150 634 214 707 quis
226 634 371 690 codicibus
384 638 574 706 nuncupatur,
590 633 713 689 secessit.
1013 640 1088 703 sunt,
1113 651 1145 690 uc
1170 650 1268 705 regem
1294 631 1487 688 llildelonsum
1509 626 1662 685 humiliter
1684 624 1822 681 adiemnt.

187 728 227 784 lbi
241 728 316 799 possi
337 729 481 800 leguntur,
497 734 627 798 ternpore
645 726 754 782 Galicui
776 727 963 799 imperatoris,
1012 734 1077 797 Nos,
1094 728 1238 801 inquiunt,
1255 732 1281 782 et
1292 725 1482 797 patresnostri
1493 724 1624 778 merenas
1634 719 1825 787 internectitur

151 823 239 877 sancti
264 822 400 893 Martyres
424 821 526 877 Christi
552 823 720 876 Fructuosus
747 820 906 892 episeopus,
936 826 965 876 et
1015 825 1122 879 crlueoti
1134 838 1234 889 sumus,
1251 828 1276 876 et
1292 821 1426 891 baptizoti
1437 816 1625 873 christianum
1643 815 1731 883 tepem
1745 812 1823 867 tibea-

151 915 281 986 ltngulus
294 921 323 969 et
337 914 471 985 Eulogius
493 914 615 981 diaconi,
633 915 681 986 qrri
702 915 796 985 primo
820 914 850 968 in
869 930 963 969 carce·
1015 923 1055 973 ter
1073 923 1211 983 tenemus;
1232 916 1280 971 sed
1303 915 1455 984 perlectum
1477 911 1549 966 dioae
1568 909 1716 978 rettgr'ouis
1736 907 1826 976 dogma

152 1024 216 1064 rem
231 1009 313 1074 tursi,
330 1007 432 1063 deinde
450 1008 575 1063 llammis
588 1009 695 1080 injecti,
711 1009 818 1063 exustis
835 1008 963 1074 vinculis,
1015 1026 1155 1081 rruuqrrom
1170 1010 1284 1065 ediscere
1295 1009 1444 1078 potuimus.
1460 1008 1530 1063 Num
1544 1018 1632 1073 neque
1646 1016 1698 1057 uos
1709 1014 1764 1070 pro
1775 1000 1827 1055 suo

153 1102 285 1156 manibus
299 1102 328 1156 in
345 1102 466 1157 modum
480 1101 570 1157 crucis
580 1103 723 1173 estiensis,
735 1106 848 1156 orantes
863 1104 894 1156 ut
905 1119 967 1156 ure·
1008 1106 1125 1176 iectioue
1137 1104 1296 1173 mttrtelium,
1311 1118 1329 1155 o
1346 1101 1442 1171 quibus
1457 1097 1567 1169 inmuta
1585 1096 1713 1167 oppressi
1730 1108 1826 1155 eutem,

152 1204 262 1264 rentur,
282 1195 478 1250 obtinuerunt.
498 1196 628 1251 Aurelius
647 1196 778 1251 Clemens
797 1196 965 1250 Prudentius
1013 1203 1147 1257 Romanos
1167 1213 1212 1253 seu
1231 1197 1321 1253 Gotlos
1345 1198 1470 1266 expetere
1488 1192 1609 1247 docteres
1629 1191 1697 1245 anei
1718 1190 1828 1255 wirne,

152 1290 187 1344 de
206 1289 274 1361 ipsis
294 1289 322 1343 in
345 1291 424 1344 libro
443 1292 476 1345 de
493 1291 661 1359 sttui-rosetus·
678 1289 827 1344 metricum
850 1305 964 1346 carmen
1015 1308 1101 1363 acque
1113 1294 1167 1363 ipsi
1181 1292 1218 1346 ud
1232 1306 1279 1345 uos
1292 1294 1424 1344 eruerunt
1446 1292 1559 1358 propter
1576 1284 1735 1339 durduriem
1751 1298 1829 1353 pugo·

152 1382 966 1455 composuit,ipsorumquecertamenluculentisrersibus
1014 1402 1122 1450 uorum,
1146 1386 1243 1456 quibus
1262 1385 1325 1439 olim
1340 1381 1694 1453 paruimusduucoutem
1719 1376 1830 1431 odoratu

152 1478 295 1534 enodavit.
314 1479 480 1532 Terracouoe
500 1479 720 1549 metropolitana
742 1477 822 1531 sedes
845 1482 917 1545 orat,
938 1481 966 1533 et
1014 1487 1103 1536 oestro
1124 1479 1271 1534 admodum
1294 1476 1451 1546 pandemus,
1472 1480 1508 1537 et,
1532 1473 1625 1528 netuli
1646 1471 1705 1526 soto
1729 1470 1828 1531 relicto,

153 1571 323 1639 oldericus,
355 1572 564 1626 eruditissimus
595 1588 703 1639 senex,
737 1571 966 1643 archiepiscopus
1014 1574 1151 1629 uobiscum
1166 1575 1285 1642 migrare
1299 1566 1751 1626 eumuaortbusctrebusuostris
1761 1569 1829 1635 opto

151 1664 281 1733 florebat,
295 1668 324 1721 et
336 1665 366 1719 in
379 1665 448 1719 vicis
460 1664 614 1737 burgisque
628 1664 755 1719 dioecesis
770 1680 828 1719 sum
839 1664 964 1719 officium
1016 1684 1083 1723 mos.
1103 1668 1267 1722 bluccrauus
1285 1664 1380 1735 itaque
1399 1679 1446 1718 ren
1468 1660 1545 1733 quod
1567 1658 1711 1732 petebant
1724 1658 1830 1713 annuit

152 1758 205 1812 sibi
234 1759 393 1830 injunctum
422 1758 582 1813 exercebat.
610 1760 642 1813 ln
675 1758 827 1829 episcopali
860 1735 1830 1833 quippeBltagnoigitureorumrnultitudodclinibussuisenivit,

152 1852 268 1907 basilica
289 1868 411 1924 quercus
431 1858 459 1907 et
481 1851 540 1923 lagi
560 1852 680 1923 olimque
700 1868 832 1923 proceres
850 1851 966 1906 arbores
1016 1863 1044 1911 ot
1058 1871 1109 1926 pro
1123 1869 1209 1909 sacrae
1223 1852 1295 1924 legis
1307 1866 1415 1917 amore,
1431 1849 1541 1920 ingenti
1556 1847 1682 1920 penuria
1696 1850 1728 1903 et
1739 1845 1831 1901 labore

149 1947 209 2018 jam
234 1952 392 2013 creverant,
416 1946 599 2017 spatiumque
624 1945 742 2000 interius
766 1945 842 2000 iutra
866 1961 966 1999 muros
1016 1949 1120 2005 afflicta
1133 1946 1280 2002 exsulavit.

153 2039 262 2095 urbisa
281 2040 380 2111 priscis
400 2039 577 2110 temporibus
594 2044 809 2110 occupauerant,
824 2038 964 2093 habitato·
1052 2046 1196 2114 drogones
1209 2039 1285 2095 enim
1302 2042 1332 2094 ut
1351 2041 1559 2105 remeaverunt,
1574 2038 1665 2090 totam
1681 2034 1831 2106 regionem

153 2132 232 2188 ribus
256 2150 308 2205 per
332 2133 542 2189 immanitatem
566 2132 773 2189 Saracenorum
795 2132 964 2205 peremptis,
1015 2137 1097 2192 bonis
1109 2133 1242 2190 omnibus
1255 2133 1402 2204 spoliatam
1416 2131 1596 2198 invenerunt,
1614 2128 1766 2201 nimiaque
1780 2144 1830 2201 pc-

153 2243 205 2282 seu
218 2226 334 2297 frigoris,
350 2226 398 2298 qui
414 2226 543 2281 camdem
557 2226 665 2281 dudum
679 2224 867 2280 incoluerant.
1016 2230 1100 2285 nuria
1112 2232 1141 2284 et
1154 2228 1230 2282 lame
1243 2233 1397 2298 antequam
1408 2224 1539 2297 proprios
1548 2224 1621 2279 lares
1630 2222 1828 2294 contigissent,

189 2320 317 2392 Denique
333 2320 490 2375 liodbertus
502 2319 637 2375 instinctu
653 2319 782 2390 praesulis
795 2319 861 2391 (ot),
871 2319 965 2373 llono-
1015 2324 1200 2380 vehementer
1213 2320 1336 2393 aporiati
1350 2324 1426 2374 sunt.

153 2414 229 2469 riom
245 2430 350 2486 papam
362 2414 440 2483 adiit,
456 2414 528 2469 velle
542 2429 625 2468 suum
643 2412 669 2467 ei
688 2412 850 2479 denudavit,
865 2413 965 2466 Terra·
1052 2420 1139 2472 Porro
1158 2415 1365 2481 Cordubenses,
1385 2413 1489 2484 aliique
1508 2411 1718 2468 Saracenorum
1737 2409 1833 2482 populi

154 2524 309 2563 conensem
329 2508 496 2562 comitatum
513 2507 548 2561 ab
572 2507 651 2561 omni
670 2505 815 2561 exactione
838 2505 966 2559 seculari
1016 2512 1095 2567 valde
1108 2510 1173 2565 irati
1188 2512 1264 2576 suut,
1278 2514 1309 2563 ut
1323 2506 1495 2563 decorauios
1507 2521 1572 2560 eum
1582 2504 1703 2559 familiis
1712 2510 1742 2559 et
1752 2504 1833 2559 rebus

152 2601 274 2656 liberum
301 2601 376 2655 dono
403 2616 484 2672 popae
513 2599 620 2671 recepit
644 2603 673 2654 et
700 2615 839 2666 rerrrsus,
867 2597 967 2652 validis
1016 2606 1075 2660 suis
1104 2604 1265 2659 discessisse
1293 2601 1434 2656 uiderunt.
1464 2600 1662 2671 Quapropter,
1689 2598 1832 2653 communi

154 2695 297 2750 sodalibus
318 2694 444 2766 quesitis
466 2694 576 2765 sibique
598 2693 748 2764 adjunctis,
769 2708 858 2763 usque
880 2691 967 2747 hodie
1018 2700 1132 2755 decreto
1155 2702 1257 2752 contra
1278 2695 1406 2750 residuos
1426 2694 1650 2760 insurrexerunt,
1666 2692 1758 2746 rebus
1775 2708 1831 2747 om-

153 2789 284 2858 etrstndit‚
299 2789 477 2859 ethnicisque
492 2787 606 2842 resistit·
1018 2794 1103 2849 uibus
1122 2808 1171 2846 eos
1195 2789 1350 2845 crudeliter
1372 2787 1610 2860 exspoliaverunt,
1627 2785 1797 2841 verberibus
1808 2790 1832 2839 et

190 2883 306 2939 interim
322 2883 388 2938 dnm
404 2884 539 2953 pergeret
556 2880 966 2951 Romamnomquoproeot-
1018 2885 1136 2942 vinculis
1161 2885 1314 2955 multisque
1347 2882 1459 2954 injuriis
1490 2880 1617 2953 graviter
1647 2881 1830 2935 vexaverunt.

154 2977 276 3049 ligandis
292 2976 543 3031 contubernalibus
557 2974 687 3029 rediisset
701 2974 730 3028 in
751 2972 967 3042 Norrnanniam,
1018 2980 1120 3037 stultos
1133 2994 1232 3034 eorum
1249 2975 1401 3032 horrendis
1416 2973 1562 3047 suppliciis
1573 2973 1796 3037 interemerunt,
1808 2980 1832 3027 et

154 3071 258 3141 Sibylla
285 3086 358 3125 ¹1¹0r
379 3070 449 3141 ejus,
476 3069 533 3123 iiiie
556 3067 698 3123 Guillelmi
720 3070 828 3138 Capite,
848 3067 970 3122 servatii
1019 3090 1118 3129 omncs
1142 3074 1211 3127 alios
1232 3072 1261 3127 in
1284 3071 1408 3126 ltiricam
1432 3070 1506 3123 ultra
1531 3068 1640 3122 fretum
1663 3067 1830 3123 Atlanticum

153 3166 350 3219 Terraeonenr·
366 3164 430 3219 Haee
448 3179 504 3217 nen
524 3163 619 3217 minus
637 3162 779 3233 lirObitete
802 3177 887 3233 quam
908 3161 968 3232 [inl-
1021 3169 1222 3240 relegaverunt
1248 3165 1404 3235 exsilioque
1431 3163 1504 3217 truci
1528 3178 1581 3234 pro
1604 3161 1829 3217 Christianorum

155 3258 317 3313 claritudine
335 3257 460 3328 rigebat.
478 3258 560 3325 Nam,
576 3256 695 3311 absente
714 3254 826 3322 marito,
848 3255 969 3326 pervigil
1020 3263 1099 3330 odio,
1113 3260 1217 3332 quibus
1240 3275 1343 3329 magna
1364 3273 1429 3329 pars
1449 3272 1548 3312 eorum
1570 3255 1709 3311 comitata
1732 3256 1829 3321 irrerut,

155 3352 322 3421 excubabat,
345 3351 464 3423 siugulis
485 3350 617 3406 noctibus
639 3350 754 3404 loricam
776 3351 808 3403 ut
828 3349 909 3403 miles
924 3350 967 3402 in·
1020 3356 1289 3411 condemnaverunt.

155 3446 270 3512 duchat,
285 3446 393 3516 virgam
407 3460 495 3499 manu
509 3447 633 3516 gestans,
648 3459 763 3497 murum
780 3441 966 3510 ascendebat;
1055 3448 1235 3504 itiidsionsus
1252 3450 1348 3500 autem
1373 3460 1432 3511 rex,
1448 3445 1480 3497 ut
1500 3443 1529 3497 in
1550 3458 1676 3514 regnum
1689 3459 1775 3499 suum
1792 3460 1831 3497 re·

150 3539 252 3595 urbem
264 3538 543 3609 circumibat,rigilcs
558 3536 708 3604 excitabat,
726 3541 847 3591 cunctos
861 3537 892 3588 ut
906 3534 969 3589 hos·
1019 3558 1132 3617 grossus
1155 3546 1206 3609 ost,
1221 3540 1335 3611 magnis
1359 3541 1388 3593 et
1407 3536 1504 3592 multis
1525 3540 1585 3592 tam
1605 3537 1730 3608 publicis
1748 3552 1829 3610 qrrarn

154 3633 224 3688 tium
242 3633 359 3688 insidias
379 3636 461 3688 caute
483 3636 676 3704 praecaverent
697 3629 854 3701 prudenter
874 3629 969 3683 admo·
1019 3636 1184 3693 domesticis
1215 3632 1403 3689 seditionibus
1432 3630 1617 3704 perturbatus
1650 3634 1711 3686 est.
1749 3633 1830 3687 liraea

154 3727 250 3783 nebat.
265 3726 427 3781 tondebitis
442 3729 486 3780 est
495 3726 608 3797 juvenis
626 3725 705 3791 here,
720 3739 784 3795 ‘inte
805 3721 907 3777 merite
929 3721 968 3775 eie
1019 3731 1096 3785 enirn
1110 3746 1182 3784 rrxor
1195 3729 1265 3800 ejus,
1280 3742 1344 3799 quae
1359 3727 1415 3781 illio
1435 3725 1593 3781 llildelousi
1612 3726 1737 3781 senioris
1754 3725 1832 3783 Galli·

154 3821 344 3876 iernnlssbetur
357 3820 422 3887 stite,
439 3826 467 3874 et
481 3819 631 3873 dileetiffiie
648 3817 755 3884 sedula,
770 3816 967 3889 ΡΟΡΠῙῙΠΙΠΙΗθ
1019 3824 1069 3879 circ
1085 3823 1161 3896 regis
1180 3822 1282 3889 luerat,
1297 3820 1413 3876 consilio
1432 3825 1461 3874 et
1480 3818 1614 3874 instinctu
1629 3819 1829 3876 Galicicnsium

155 3914 205 3968 Dei
218 3914 265 3985 pie
280 3913 397 3985 regebat
411 3911 540 3984 pervigili
556 3911 683 3966 solertia·
1019 3920 1120 3974 contra
1133 3916 1270 3971 maritum
1284 3930 1368 3970 suum
1378 3913 1576 3982 rebellaverat,
1584 3912 1829 3985 eiqueperuiciem

191 4010 270 4061 Anno
294 4007 328 4061 ab
357 4006 551 4061 incarnatione
578 4005 690 4060 Domini
714 4007 791 4071 tras,
816 4007 967 4076 postquam
1018 4016 1078 4067 tam
1099 4026 1210 4066 veneno
1229 4026 1313 4082 quam
1334 4007 1422 4063 simis
1444 4006 1615 4076 machinatu,
1631 4007 1731 4062 multis
1751 4022 1831 4063 eausa

154 4101 241 4155 Retro
254 4115 349 4154 comes
367 4115 433 4153 cum
454 4098 512 4153 suis
527 4097 692 4153 satellitibus
708 4101 736 4152 ct
759 4096 914 4151 auxiliariis
934 4096 963 4149 in
1019 4104 1188 4177 perditionis
1203 4104 1307 4158 fuerat.
1322 4101 1451 4173 nonique
1463 4099 1572 4156 Gallicii
1587 4116 1676 4172 grave
1688 4100 1831 4156 dissidium

154 4192 274 4248 Galliam
291 4192 437 4262 remeavit,
452 4192 646 4263 aragonensis
660 4207 719 4257 rex,
734 4190 800 4245 risis
810 4190 968 4262 insignibus
1019 4198 1199 4254 intercisum
1217 4204 1246 4251 ot
1259 4197 1410 4267 conjugem
1425 4194 1487 4266 ejus
1502 4198 1534 4248 ut
1544 4192 1689 4261 viderunt,
1711 4210 1764 4250 uec
1783 4209 1829 4265 pa·

154 4287 242 4358 gestis
258 4304 321 4359 qnoe
334 4287 435 4341 Franci
451 4286 513 4341 sine
528 4286 577 4340 ille
591 4302 678 4356 super
691 4301 817 4357 [lagenos
831 4284 860 4339 in
874 4283 970 4355 iiistie·
1020 4309 1080 4348 ccm
1096 4292 1137 4346 eis
1152 4292 1284 4346 idoneam
1300 4289 1436 4344 adhibere
1449 4286 1595 4343 suadendo
1607 4291 1776 4358 potuerunt,
1787 4289 1831 4342 Pe

154 4381 201 4436 nia
222 4380 359 4449 fecerant,
373 4380 492 4449 invidir;
517 4379 661 4450 'fludiSque
681 4378 800 4450 ⁰⁰l³id¹¹⁵
822 4377 966 4449 ingentem
1020 4383 1321 4451 trum-llildelousum,
1342 4381 1495 4437 Raimundi
1514 4380 1702 4451 Franoigenre
1722 4380 1830 4436 comitis

153 4492 211 4530 succ
227 4475 321 4545 geritis
333 4475 488 4530 exercitum
500 4478 669 4545 arroganter
679 4472 822 4527 adunavit.
835 4472 968 4526 Remotas
978 4470 1008 4542 1)
1020 4481 1122 4547 fitium,
1139 4495 1172 4533 01
1187 4478 1244 4532 fitis
1257 4475 1414 4532 ttitdetsnsi
1432 4473 1536 4546 Magni,
1550 4489 1650 4544 regem
1669 4473 1724 4529 sibi
1743 4477 1829 4528 statu.

154 4586 268 4641 quoqne
283 4568 415 4640 regiones
430 4584 521 4640 nsque
535 4568 569 4622 ed
583 4567 744 4624 Cordubam
760 4565 929 4638 peragrarit,
940 4570 967 4618 et
1018 4578 1111 4641 erunt,
1127 4578 1155 4627 et
1167 4572 1315 4642 hucrrsque
1328 4585 1445 4642 parrum
1459 4584 1558 4640 regern
1567 4567 1736 4638 vocitantes,
1750 4567 1829 4623 liber-

155 4663 185 4717 in
200 4663 254 4717 illis
267 4680 314 4717 sex
336 4662 562 4718 bebdomadibus
577 4678 642 4716 cum
663 4661 787 4715 exercitu
801 4659 908 4730 deguit,
922 4658 968 4713 in·
1019 4672 1108 4722 tatoni
1124 4665 1206 4738 regni
1219 4664 1271 4718 sub
1284 4680 1317 4719 eo
1330 4662 1449 4718 viriliter
1461 4660 1628 4716 detendunt.

154 4756 289 4828 gentique
306 4759 412 4811 terrore
429 4755 589 4826 indigenas,
604 4754 653 4826 qui
669 4754 790 4808 Francos
804 4770 869 4807 cum
884 4752 965 4806 llilro·
1055 4763 1086 4816 ιη
1108 4759 1242 4831 profatos
1261 4773 1341 4828 reges
1361 4755 1434 4810 acris
1456 4771 1559 4826 guerra
1584 4753 1633 4808 diu
1656 4754 1789 4821 durarit,
1806 4756 1831 4808 et

153 4850 193 4904 ris
216 4850 314 4904 adesse
338 4849 489 4920 nutabant,
512 4848 645 4919 perculit.
664 4846 796 4902 Saraceni
817 4851 914 4901 autem
938 4846 967 4900 in
1019 4855 1112 4909 multa
1137 4851 1273 4923 subjectis
1298 4849 1428 4921 plebibus
1453 4848 1556 4902 damna
1582 4847 1687 4902 intulit.
1714 4848 1831 4903 Praelata

152 4943 362 4999 munitionibus
377 4944 434 4997 suis
450 4941 667 5009 delitescebant,
684 4941 733 4995 sed
747 4956 801 5012 per
822 4956 907 5010 agros
919 4955 966 4994 ar·
1019 4964 1086 5003 vero
1095 4945 1201 5001 mulier
1209 4945 1237 4999 in
1249 4943 1383 4998 maritum
1394 4940 1566 4997 omnimodis
1575 4941 1674 5010 saeriit,
1686 4949 1715 4996 et
1727 4940 1832 5015 nepoti,

151 5042 316 5092 mentorum
330 5052 526 5108 pecorumque
539 5051 642 5106 greges
652 5035 757 5106 passim
771 5033 964 5088 dimittebant.
1019 5041 1067 5114 qui
1082 5046 1227 5113 paternam
1245 5036 1444 5091 hereditatem
1459 5034 1587 5106 regebat,
1602 5034 1682 5089 lavit.
1697 5035 1832 5101 Totidem,

152 5129 251 5184 Nullus
265 5131 298 5185 de
312 5130 433 5184 castellis
448 5130 477 5183 in
490 5129 666 5184 Christianos
680 5128 796 5196 exierat,
811 5127 860 5183 sed
873 5127 966 5183 Chris·
1020 5135 1114 5191 divino
1135 5138 1217 5200 nrrtu,
1234 5131 1306 5185 sicut
1328 5129 1397 5202 Egla
1413 5145 1483 5184 uxor
1505 5127 1599 5195 David,
1614 5133 1679 5199 post
1695 5128 1833 5183 diutinam

153 5222 230 5277 tiana
247 5224 350 5278 colrors
372 5224 407 5279 ad
428 5222 545 5278 libitum
568 5223 665 5278 omnia
687 5226 767 5277 extra
789 5220 969 5276 munimenta
1020 5228 1126 5285 eisdem
1144 5224 1312 5282 difficultate
1324 5229 1422 5296 partus
1435 5222 1529 5296 periit.
1545 5221 1767 5291 Quadoluncta,
1781 5222 1835 5277 bel·

183 5419 234 5481 tout
255 5418 319 5471 Stre
340 5418 474 5479 Aculeus,
488 5417 621 5482 d'Apr'toa,
635 5420 665 5469 ut
684 5417 811 5469 observat
829 5417 969 5477 Bolusius,
1019 5419 1160 5487 cottr'pitur,
1175 5418 1260 5484 psrpit
1272 5416 1405 5476 dolosius,
1421 5414 1576 5467 liodbertum
1594 5414 1627 5466 ds
1645 5414 1737 5467 dotato
1751 5420 1835 5466 ortrrm

153 5492 182 5541 in
206 5492 301 5542 Marce
325 5490 408 5553 dien,
431 5489 474 5541 col
498 5490 565 5541 889:
583 5491 668 5545 Anne,
695 5490 796 5555 inquit,
822 5490 882 5540 itti
903 5490 972 5540 inter
1019 5512 1073 5549 esse
1092 5511 1125 5548 ec
1146 5494 1312 5547 cobitissr‘mo
1330 5497 1403 5559 pecu
1420 5491 1452 5542 ds
1474 5491 1537 5543 Tn'o
1555 5492 1585 5540 iu
1604 5491 1774 5543 Normouuio
1791 5503 1835 5541 seu

152 5562 223 5612 uiros
251 5560 397 5625 primarios
423 5561 471 5625 pai
498 5574 586 5625 repom
612 5560 773 5611 ludovicum
806 5561 864 5617 Vll,
890 5560 971 5611 secati
1026 5568 1175 5621 Vttcossiso.

142 5632 252 5683 suntin
271 5631 413 5693 Orr'entcru,
430 5632 589 5683 nominatur
602 5632 643 5696 (iu
660 5632 778 5696 cjrrsdsm
800 5632 859 5683 Vita
875 5635 899 5682 st
912 5644 971 5696 pes·
1523 5634 1604 5699 tDom
1615 5634 1777 5699 Bouount.)

128 5702 177 5765 tri)
194 5701 358 5756 Gut'llelmuc
370 5703 486 5769 Aprtons
499 5704 533 5757 dc
551 5705 625 5766 rriu,
644 5706 693 5773 put
710 5707 741 5756 ia
757 5703 909 5773 Appeadr'co
925 5701 977 5755 ti·
1058 5708 1338 5779 teti'lcrroeoueusts
1346 5705 1487 5777 presulis,
1497 5704 1646 5773 oldegarii.

112 5774 207 5826 monti
224 5780 344 5830 cecatur
369 5776 526 5835 tt'r'ltslmus
545 5778 732 5847 emortuo...
758 5780 806 5835 Em
830 5792 887 5850 quo
911 5781 983 5833 corto
1505 5776 1510 5783 '
