3750 6046
131 184 199 244 istit
663 182 693 237 Β.
713 178 840 263 hllEllEl
860 180 1111 237 musuuususis
1129 178 1289 239 suismet.
1420 210 1423 217 ·
1742 178 1806 239 idol

132 313 176 363 est
188 304 268 361 nobis
282 303 361 376 penis
375 302 447 370 ritae,
464 302 534 357 oalir
556 301 770 374 redemptionis.
783 302 940 371 comedite,
953 317 979 391 Α
993 305 1139 375 quantete,
1155 304 1254 360 altana
1267 302 1388 376 diligite,
1404 304 1494 360 ileum
1514 302 1681 376 glorificate,
1695 320 1805 361 memo·

132 400 224 467 amici,
240 414 343 469 panem
358 398 547 468 angelorum;
563 397 652 451 bibite
668 412 734 450 cum
752 398 817 451 iesu
834 395 869 450 de
891 413 941 466 ge·
992 413 1038 450 res
1059 413 1219 468 pauperum
1242 413 1306 452 eum
1338 397 1490 454 hilaritate.
1513 399 1606 454 Vatete
1632 396 1806 455 intransitu

131 494 241 550 nimine
255 491 320 546 uitis
332 492 392 562 ejus
405 491 434 545 in
449 506 539 561 regno
555 491 654 544 Patris.
673 489 856 544 lnehriamini
872 504 941 560 gau·
992 490 1129 562 paschali,
1142 490 1171 544 in
1183 506 1300 546 ascensu
1313 491 1436 560 Domini,
1452 491 1481 546 in
1497 496 1561 546 ortu
1575 491 1767 562 resurgentis,
1780 492 1809 547 iu

130 587 177 643 dio
191 585 408 642 resurrectionis
423 584 508 651 illius,
520 585 549 639 in
563 600 620 655 quo
634 589 677 639 est
689 582 860 638 resurrectio
875 599 942 638 nos·
992 583 1082 654 glorie
1095 584 1285 654 ascendentis,
1300 584 1402 656 repleti
1415 585 1575 657 septiformi
1595 585 1704 656 gratie,
1719 583 1750 639 iu
1760 584 1808 656 ju·

131 687 185 736 tra.
209 681 284 751 Ergo
305 678 434 750 jubilate,
455 679 555 733 choros
581 677 683 745 dircite,
713 677 859 732 ecclesiam
884 677 942 731 tre·
993 676 1078 732 bileo
1094 678 1216 749 Spiritus
1230 679 1329 734 sancti.

420 1044 869 1263 Bubul
946 1044 1533 1263 nuchul

766 1342 916 1398 EPISCOPl
936 1343 1186 1399 tuusnuuuusis

525 1518 600 1636 iii
640 1514 837 1634 iiiiiil
875 1514 1173 1637 liucinii
1212 1516 1416 1635 utini

676 1737 1005 1847 HOMILIAE
1065 1736 1269 1846 OCTO.

269 1965 361 2036 (trinta
380 1961 536 2018 editionem
559 1958 691 2014 Richardi
711 1958 835 2025 Grnsoru,
856 1956 1001 2012 Societatis
1019 1960 1083 2013 lesu
1104 1958 1238 2033 theologi,
1259 1958 1439 2032 Antwerpiae,
1460 1957 1553 2025 init,
1575 1956 1671 2029 toti.)

896 2139 1023 2150 -----

525 2249 800 2337 RICHARDI
841 2248 1070 2335 GIBBONI
1106 2250 1414 2341 PRAEFATIO.

165 2475 239 2527 Petri
252 2472 402 2526 admodum
416 2471 569 2524 reverendo
584 2473 616 2522 Ι).
631 2470 920 2532 Moarnnoseonnr,
935 2469 1128 2522 claromarisci
1143 2472 1263 2524 coenobii
1276 2487 1360 2539 prope
1376 2475 1576 2538 audomarum,
1590 2474 1699 2526 ordinis
1713 2474 1814 2527 Cister-

133 2547 244 2609 ciensis,
259 2545 423 2609 dignissimo
435 2540 528 2594 abbati
544 2543 572 2595 S.
589 2543 619 2593 P.

164 2616 234 2669 Cum
251 2621 359 2667 veteres
376 2616 535 2666 divinorum
552 2627 645 2666 rerum
662 2614 811 2676 scriptores
826 2625 875 2676 pro
887 2613 978 2676 operis
991 2615 1090 2672 nostri,
1103 2617 1178 2680 quod
1198 2629 1254 2680 prae
1268 2616 1398 2666 menibus
1411 2615 1516 2678 pridem
1534 2621 1585 2678 est,
1604 2617 1813 2668 constructione

132 2688 340 2753 perquirerem,
366 2685 452 2737 incidi
482 2688 554 2737 iuter
580 2685 649 2735 elios
673 2686 700 2732 in
722 2681 877 2733 Amedeutu
901 2698 936 2734 ex
961 2683 1155 2738 Cistercieueis
1181 2688 1295 2739 familiae
1319 2688 1462 2751 religioso,
1487 2689 1625 2750 optimum
1650 2690 1756 2753 pariter
1783 2699 1814 2736 ao

133 2758 342 2810 sanctissimum
358 2756 506 2807 Leusaniae
519 2769 605 2820 prope
622 2754 785 2805 Gebennam
805 2753 975 2818 episcopum.
996 2753 1112 2820 Scripsit
1130 2757 1164 2808 de
1180 2757 1310 2808 leudibus
1328 2759 1454 2821 Deiperae
1469 2757 1590 2821 Virginis
1605 2758 1739 2809 homilias
1761 2769 1813 2806 non

133 2831 227 2894 piures
241 2832 321 2888 oct03
337 2826 386 2878 sod
403 2828 547 2889 ees,1)eus
563 2826 650 2876 bone!
668 2838 725 2890 quo
739 2823 836 2874 ardore
850 2826 961 2883 mentis,
977 2839 1032 2890 quo
1046 2825 1150 2890 Spiritu
1163 2831 1168 2878 t
1183 2829 1241 2878 Has
1255 2829 1319 2893 legi,
1340 2828 1433 2891 relegi,
1449 2828 1550 2892 quibus
1565 2842 1631 2878 cum
1650 2830 1695 2880 sic
1717 2828 1814 2879 ethee-

134 2904 210 2951 rstur
223 2900 343 2957 animus,
359 2900 457 2947 utnon
481 2895 552 2945 mihi
573 2896 632 2956 uni,
649 2894 698 2945 sed
718 2893 778 2943 eliis
796 2894 979 2956 quammultis
993 2896 1151 2959 profuturas
1173 2913 1322 2963 sperarem,
1335 2901 1418 2949 statui
1430 2900 1492 2949 illas
1508 2904 1572 2950 ants
1594 2913 1686 2950 annos
1703 2903 1814 2951 conium

130 2972 210 3037 typis
228 2982 382 3034 expresses,
397 2969 501 3018 iterum
521 2968 550 3017 in
570 2967 662 3017 lucem
678 2965 751 3016 dare.
768 2966 865 3029 Neque
879 2979 946 3017 sane
960 2967 1008 3017 diu
1028 2969 1207 3031 cogitandum
1225 2970 1278 3019 init
1292 2969 1345 3020 sub
1365 2971 1446 3033 cujus
1466 2983 1513 3020 eas
1530 2971 1643 3022 nomine
1667 2983 1704 3021 ae
1722 2973 1815 3034 patro-

134 3044 209 3094 ciuio
224 3042 391 3092 emitterem.
407 3039 491 3088 Venit
510 3039 584 3088 enim
603 3040 631 3088 in
645 3043 769 3087 mentem
791 3036 821 3085 T.
837 3035 865 3084 P.
880 3035 911 3086 R.
928 3040 987 3086 tum
1010 3035 1045 3086 ob
1063 3040 1273 3103 insignemque
1294 3039 1410 3104 praediia
1431 3043 1473 3089 est
1497 3039 1713 3098 humanitatem,
1731 3052 1813 3104 quam

133 3127 185 3178 ego
202 3111 370 3163 creberrime
390 3112 522 3174 expertus
540 3121 611 3167 sum,
628 3106 855 3174 quandoquidem
875 3120 1019 3172 nunquam
1035 3122 1090 3160 uon
1113 3112 1203 3174 patuit
1216 3109 1285 3160 mihi
1309 3109 1441 3173 praeclara
1461 3110 1508 3159 iiia
1533 3113 1621 3159 vestra
1643 3114 1673 3159 et
1693 3111 1814 3174 antiquis

133 3181 331 3245 manuscriptis
353 3180 431 3232 libris
453 3179 552 3230 referia
572 3179 754 3235 bibliotheca,
771 3183 830 3227 tum
849 3191 914 3228 vero
938 3178 974 3230 ob
996 3181 1136 3243 religionis
1158 3195 1191 3232 ae
1216 3181 1350 3247 regularis
1373 3181 1557 3231 observantie
1574 3180 1716 3242 studium,
1731 3180 1814 3245 quod,

133 3259 165 3305 ut
178 3250 372 3312 animadverti,
383 3251 505 3314 primum
528 3251 558 3300 in
570 3262 608 3310 ee,
625 3249 727 3300 deinde
742 3250 770 3297 in
785 3259 868 3313 grege
884 3248 938 3299 eibi
957 3248 1063 3299 credito
1086 3254 1161 3315 cupii
1182 3265 1244 3303 esse
1266 3265 1350 3316 quam
1372 3252 1540 3302 maximum.
1556 3251 1647 3301 Taceo
1673 3256 1814 3301 auctorem

133 3326 210 3376 hunc
228 3329 256 3375 et
271 3323 357 3374 vestri
366 3321 472 3373 ordinis
487 3333 559 3383 esse,
575 3327 602 3372 et
620 3319 796 3385 splendorem
813 3319 921 3370 illinon
938 3321 1069 3386 exiguum
1091 3322 1187 3373 afferre
1207 3327 1379 3386 (quenquam
1396 3319 1423 3369 id
1444 3319 1580 3371 hactenus
1597 3321 1727 3385 ignotum
1746 3322 1816 3380 tuiti,

132 3408 183 3447 seu
200 3393 364 3453 doctrinam,
379 3405 429 3442 seu
445 3392 578 3454 pietatem
593 3395 710 3455 spectes.
726 3388 808 3452 Quod
823 3389 926 3453 siquid
941 3395 1030 3455 potest
1044 3393 1117 3455 apud
1130 3406 1174 3444 uie
1187 3392 1336 3455 singularis
1350 3392 1381 3442 R.
1400 3393 1429 3441 Ρ.
1447 3392 1478 3441 Τ.
1497 3393 1524 3440 in
1544 3394 1684 3442 nostrates
1701 3394 1814 3455 Angtos,

133 3480 181 3517 εοε
197 3465 350 3530 prasertim
365 3463 456 3527 quiin
476 3462 680 3513 Andomarensi
702 3462 853 3525 Anglorum
873 3461 991 3527 collegio
1014 3468 1169 3525 versentur,
1192 3463 1320 3527 plurimis
1343 3463 1514 3526 argumentis
1535 3466 1634 3513 testata
1657 3463 1816 3527 propensio,

130 3551 188 3588 non
201 3537 327 3587 omittam
342 3536 411 3599 quin
425 3537 560 3597 perpetuo
573 3537 682 3584 constet
694 3533 770 3584 haud
785 3533 885 3582 frustra
901 3534 945 3582 vel
958 3535 985 3584 in
999 3536 1146 3598 meipsum,
1160 3535 1205 3586 vel
1223 3536 1250 3585 in
1266 3535 1328 3583 iilos
1347 3538 1375 3584 te
1396 3537 1475 3583 tuum
1494 3531 1627 3583 affectum
1647 3539 1676 3583 ei
1693 3547 1815 3584 amorem

132 3605 295 3658 contulisse.
313 3605 454 3669 Exiguum
473 3608 524 3663 est,
537 3603 635 3664 ieteor,
650 3602 725 3669 quod
747 3600 878 3667 rependo,
894 3601 1209 3656 dabituruihilominus
1223 3603 1384 3669 aliquando,
1402 3608 1429 3654 ie
1448 3602 1557 3653 terente
1577 3606 1605 3651 et
1624 3606 1815 3666 promovente,

137 3680 168 3726 ut
183 3679 288 3740 majora
300 3674 447 3739 proteram.
463 3674 513 3724 Est
528 3675 601 3724 enim
617 3686 692 3724 nunc
704 3686 760 3737 pree
777 3672 907 3724 manibus
921 3687 1038 3738 magnus·
1051 3676 1108 3737 ille,
1118 3688 1245 3739 magnus,
1256 3675 1381 3738 inquom,
1393 3672 1510 3723 elredus
1521 3676 1611 3723 vester
1632 3672 1817 3723 Riereilensis

134 3745 277 3806 abbas,1).
292 3744 433 3796 Beruardo
453 3743 525 3807 stylo
539 3756 572 3794 ao
594 3744 696 3806 pietate
716 3756 771 3793 non
789 3741 932 3805 absimilis,
948 3747 1030 3809 euius
1047 3749 1099 3809 e'go
1113 3748 1187 3797 varia
1200 3746 1267 3798 hinc
1288 3745 1352 3796 inde
1370 3746 1526 3808 conquisita
1549 3757 1633 3807 opera
1649 3757 1715 3794 mea
1732 3755 1817 3793 manu

134 3818 273 3881 exscripta
287 3815 379 3868 edbuc
394 3828 499 3880 premo.
513 3814 623 3879 Dignus
642 3817 745 3879 estqui
764 3816 858 3865 iucem
873 3815 975 3876 videat,
988 3821 1014 3867 et
1028 3819 1153 3869 omnium
1174 3820 1278 3866 teretur
1298 3814 1436 3865 manibus.
1450 3815 1600 3877 Exspectat
1622 3814 1817 3873 Meeaenaiem,

133 3887 270 3948 Inveniet,
287 3898 377 3949 spero,
395 3889 431 3944 te,
450 3884 601 3934 admodum
615 3883 647 3935 R.
662 3885 751 3945 Pater,
766 3882 820 3936 sibl
840 3885 979 3936 laventem
996 3892 1025 3937 et
1044 3888 1205 3952 propitium,
1218 3898 1302 3950 quem
1315 3885 1407 3951 quoad
1427 3886 1528 3935 rideris
1545 3887 1597 3936 iter
1616 3885 1651 3936 ad
1674 3892 1702 3938 te
1725 3900 1817 3951 capes

133 3961 251 4018 sontem,
273 3956 350 4005 hune
373 3952 578 4014 Amedeum,at
600 3952 711 4016 queiem
736 3958 762 4004 et
785 3960 922 4020 quactum
939 3957 1048 4007 virum!
1076 3957 1126 4008 tibi
1149 3971 1182 4007 ee
1207 3958 1261 4007 iuis
1285 3957 1459 4008 commendo.
1486 3957 1591 4020 Accipe
1614 3957 1710 4019 igitur,
1738 3957 1819 4007 Peter

132 4027 244 4090 optime,
259 4025 405 4074 alumnum
422 4023 536 4087 quidem
559 4027 693 4083 vestrum,
713 4023 762 4073 sod
781 4025 864 4077 tibia
887 4039 932 4076 me
951 4026 1130 4089 destinatum,
1144 4029 1220 4079 velut
1242 4027 1368 4077 obsidem
1385 4027 1486 4077 amoris
1503 4029 1532 4076 in
1553 4030 1579 4077 to
1604 4028 1686 4077 mei:
1710 4032 1818 4078 etcum

38 4132 43 4139 -
132 4101 229 4147 sancto
244 4097 320 4146 coetu
338 4093 388 4143 tibi
405 4094 554 4145 commisso
566 4095 661 4144 salvus
673 4098 701 4144 et
715 4095 865 4146 incolumis
879 4097 941 4148 rive
951 4097 980 4146 iu
993 4111 1081 4148 annos
1095 4099 1237 4163 plurimos.

163 4165 322 4230 Antverpiae
336 4178 350 4216 e
362 4164 481 4228 collegio
494 4164 642 4217 societatis
654 4166 733 4229 Jssu,
749 4168 779 4218 it
795 4167 852 4219 lul.
866 4168 926 4231 ipso
941 4168 971 4218 B.
990 4168 1084 4220 hleriae
1102 4169 1283 4232 Magdolonae,
1297 4168 1366 4218 1613.

1071 4239 1139 4291 Tum
1152 4238 1302 4289 admodum
1318 4237 1489 4290 Reverendss
1511 4237 1640 4288 paternit.

1157 4308 1288 4372 indignus
1298 4309 1328 4358 in
1342 4307 1453 4359 Christo
1466 4321 1564 4358 servus

1446 4378 1605 4430 Richardus
1620 4378 1784 4433 Granouus.

590 4750 647 4884 u.
693 4658 975 4885 lunen
1021 4750 1351 4888 nonius.

405 4995 541 5052 llOlllLih
562 4997 679 5053 PthlA.
955 4998 1059 5095 Bluce
1075 4997 1189 5068 clarior,
1205 4999 1282 5054 omni
1303 4997 1439 5053 suavitate
1462 4997 1580 5071 gratior,
1604 4998 1747 5072 ornuiquc
1768 5017 1819 5072 po·

173 5114 206 5152 pq
225 5113 374 5154 pavemus
394 5115 426 5154 Ei·
446 5115 575 5156 pgofflggs
594 5115 772 5158 sgqcrqsfflpffl
793 5116 910 5157 vqpfflffls
997 5095 1109 5148 terrlatu
1133 5092 1292 5159 subllmlOI',
1313 5095 1406 5147 totum
1436 5092 1575 5146 mundum
1602 5091 1765 5157 illuminat.
1792 5098 1821 5150 el

492 5186 591 5227 ΝΛΜ·
996 5185 1136 5257 unguenti
1153 5185 1256 5257 optimi
1278 5185 1443 5257 prolusione
1466 5186 1605 5241 innovans
1626 5186 1734 5256 omrue,
1750 5189 1819 5243 ohe·

166 5275 263 5331 Omnis
279 5280 377 5332 saneta
402 5280 431 5333 et
451 5279 627 5335 rationabilis
645 5279 751 5348 anime,
771 5277 946 5350 investigans
995 5279 1091 5335 rubim
1115 5283 1143 5335 ot
1160 5279 1302 5352 seraphim
1323 5279 1439 5351 agmine
1464 5281 1604 5351 potestate
1628 5281 1820 5351 transcendit,

129 5365 193 5421 eoeli
213 5371 322 5423 secreta
347 5371 494 5442 mysteria,
509 5374 537 5428 el
559 5371 739 5445 distinguens
762 5371 877 5428 ordines
898 5388 945 5427 su·
996 5377 1024 5430 et
1036 5373 1196 5446 majestate.
1207 5372 1340 5430 Gloriosis
1352 5389 1420 5446 ergo
1441 5373 1551 5429 meritis
1571 5373 1634 5445 eius
1653 5373 1820 5432 introducat

127 5476 282 5534 percorum
296 5462 458 5535 spirituum,
467 5464 572 5522 invenit
580 5466 705 5539 primam
719 5469 784 5540 post
797 5465 942 5539 Redemp·
996 5484 1048 5523 nos
1069 5483 1118 5522 rex
1140 5467 1169 5523 in
1191 5466 1353 5523 cubiculum
1376 5483 1472 5539 suum,
1487 5471 1515 5523 et
1531 5470 1640 5523 reseret
1661 5467 1749 5525 nobis
1771 5484 1817 5525 ar·

129 5556 220 5611 torem
244 5553 323 5610 illam
348 5556 378 5610 in
396 5557 563 5616 mulieribus
575 5558 768 5631 benedictam,
783 5560 864 5617 illam
882 5560 943 5632 ple·
996 5576 1066 5617 cana
1084 5564 1262 5617 secretorum
1285 5561 1379 5633 proles
1402 5559 1545 5632 heridios,
1567 5576 1633 5634 quae
1654 5560 1817 5632 uenditor

107 5661 179 5703 uani
207 5649 316 5722 gratio,
348 5667 415 5727 quae
447 5652 541 5713 Deum
572 5654 689 5733 genuit,
717 5657 747 5713 et
777 5651 949 5730 uirginitatis
996 5671 1085 5712 namo
1105 5654 1216 5728 eperitr
1236 5655 1340 5727 aperit,
1353 5657 1383 5711 et
1402 5670 1490 5712 nemo
1512 5652 1622 5711 eieudit
1639 5654 1751 5729 (Apso,
1764 5656 1816 5729 ru).

85 5739 301 5811 gloriamnon
313 5748 426 5812 ambit.
453 5752 524 5812 liceo
544 5753 640 5832 igitur
652 5753 742 5833 Virgo
764 5753 854 5815 beate
874 5751 958 5813 omiti
1006 5747 1216 5853 emisimus
1229 5746 1816 5823 guuiaueutuueeuemeercmteete
