3750 6046
93 274 1761 330 m

537 650 946 777 onustum
993 654 1318 781 VITALIS

815 957 1045 1033 annuntius:

413 1210 709 1295 COENOBII
754 1211 1106 1298 UTICENSIS
1148 1214 1443 1301 MONACHI

99 1490 712 1695 ursmmn
785 1493 1763 1699 uuusususuun
1860 1748 1867 1761 ,

792 1883 937 1985 LIBRI
971 1883 1069 1983 lllll

581 2140 637 2211 tu
677 2142 882 2211 esurus
922 2142 1056 2212 rans
1097 2142 1276 2213 urrist.

746 2707 1113 2800 PuAEFnl‘ttt.

914 2952 936 3007 l.

124 3126 251 3182 orderici
266 3127 363 3181 vitalis
376 3127 569 3182 chesnianam
584 3127 623 3199 (l)
639 3132 667 3181 et
686 3128 715 3180 lt.
739 3128 878 3198 Boisqueti
892 3128 929 3199 (2)
948 3126 1099 3182 lectionem
1120 3143 1152 3181 ex
1173 3126 1286 3197 integro
1305 3124 1378 3197 typis
1397 3125 1574 3180 mandamus.
1596 3125 1767 3183 Dii-lsionem

90 3235 183 3286 operis
196 3220 226 3271 in
247 3226 307 3271 tres
323 3220 428 3287 partes,
450 3216 485 3271 ab
505 3217 566 3288 ipso
587 3216 721 3272 Orderieo
741 3218 911 3286 institutam,
931 3216 1175 3271 consentientibus
1194 3215 1339 3271 codicibus
1361 3216 1569 3286 uranuseriptis,
1586 3219 1767 3274 mtiuuirnus.

90 3306 179 3359 libris
193 3312 223 3359 et
237 3305 379 3376 capitulis.
391 3305 468 3376 quod
484 3305 637 3361 lectoribus
651 3311 816 3378 pergratum
833 3307 892 3360 lore
904 3321 1065 3375 censemus,
1083 3305 1211 3360 rubricas
1225 3303 1410 3375 praeilrimus.

125 3396 152 3447 Si
168 3395 233 3465 quis
249 3396 337 3448 nostri
353 3396 477 3449 :stratoris
489 3396 659 3450 assertiones
674 3400 803 3451 excutere
817 3396 893 3461 volit,
909 3399 1080 3467 perpetuom
1101 3401 1128 3449 et
1147 3394 1286 3449 eximium
1302 3396 1550 3457 remittentur-ium,
1567 3412 1624 3466 quo
1642 3398 1682 3448 tir
1702 3413 1767 3451 eru-

91 3485 164 3538 ·litus
180 3486 217 3538 lte
231 3485 349 3539 Precost
360 3487 400 3553 'tlt
416 3502 495 3540 suam
511 3485 670 3539 editionem
684 3486 805 3555 ornavit,
820 3501 933 3539 summa
946 3501 1011 3539 etim
1027 3485 1131 3538 ililucia
1146 3484 1237 3538 adeat.

125 3575 203 3628 Nunc
217 3575 254 3628 de
268 3574 404 3630 Orderico
419 3582 517 3631 nostro
534 3575 644 3646 paulula
658 3576 794 3630 dieamus.

915 3750 949 3805 ll.

127 3923 280 3977 tlrdericus
304 3924 412 3992 vitalis,
435 3925 605 3991 monachus,
624 3926 746 3996 scriptor
764 3922 895 3991 eximius,
915 3924 1030 3979 natione
1053 3922 1172 3993 litigius,
1193 3925 1275 3976 iratus
1295 3928 1337 3977 est
1354 3922 1428 3993 apud
1453 3920 1659 3992 lltliuposlmm,
1682 3918 1768 3975 hodie

92 4013 219 4075 ,lichena
235 4030 324 4085 supra
337 4013 467 4069 sabrinae
479 4030 528 4070 seu
542 4015 673 4071 Savernoe
688 4018 806 4083 flumen,
819 4030 910 4087 prope
924 4013 1155 4069 Solioresluuium
1174 4028 1223 4065 seii
1237 4011 1479 4080 Scrobesburiam,
1495 4011 1581 4080 vulgo
1594 4009 1769 4077 Sluemsbmp

93 4102 203 4168 uellem,
224 4102 251 4155 iu
271 4103 397 4156 conlinlo
416 4104 584 4161 Marciorum
604 4109 633 4159 et
654 4106 808 4161 Wallorum
828 4103 960 4175 regionis,
984 4104 1030 4156 die
1054 4107 1085 4156 17
1109 4101 1252 4156 Februarii
1277 4101 1394 4165 mensis,
1413 4101 1483 4153 aum
1506 4103 1582 4153 tote.
1603 4098 1767 4152 Odeleriuni

93 4198 201 4260 pinli-em
219 4192 316 4247 babuit
332 4193 392 4263 qui,
404 4193 538 4249 defuncta
551 4210 650 4265 uxore,
663 4200 691 4249 et
704 4196 763 4267 ipsa
776 4195 805 4249 in
820 4192 993 4249 monasterio
1006 4191 1099 4247 Sancti
1112 4190 1220 4245 Ebrulll
1234 4191 1368 4259 Uticensi,
1378 4191 1407 4245 in
1421 4188 1604 4253 Norumuuim
1618 4187 1665 4241 uui
1679 4186 1770 4241 lilium

93 4296 176 4333 sittim
198 4282 334 4335 undecim
354 4283 437 4336 arinis
455 4288 555 4339 natum
576 4285 635 4339 Deo
654 4284 782 4353 dederat,
803 4283 929 4338 trabeam
949 4280 1147 4336 monachalem
1168 4281 1302 4351 suscepit.
1320 4279 1408 4334 Paulo
1431 4282 1492 4349 post
1513 4293 1618 4331 antinoi
1639 4278 1718 4341 litu,
1741 4282 1772 4331 ut

94 4371 213 4438 ridetur,
228 4390 244 4423 e
259 4370 327 4424 uiris
341 4372 462 4426 excessit
478 4371 630 4427 ordericus
638 4390 648 4441 ;
661 4377 785 4427 stemma
800 4370 953 4427 sacerdotii
966 4370 1143 4425 tricesiumm
1158 4368 1273 4424 tertium
1290 4369 1381 4423 etatis
1394 4383 1501 4422 annum
1521 4382 1609 4437 ageris
1625 4367 1661 4434 (t)
1675 4380 1768 4419 susce·

92 4466 182 4528 perat.
212 4460 321 4514 Nuruen
348 4461 410 4531 ejus
439 4462 466 4516 in
493 4461 637 4518 codicibus
659 4462 697 4516 sie
721 4462 865 4533 profertur
888 4480 894 4516 :
918 4461 1055 4521 lidericus,
1078 4460 1134 4513 sire
1156 4459 1303 4522 tllderiurs,
1330 4456 1644 4518 colecestrensem
1670 4454 1769 4509 Vitatis

98 4550 192 4603 l'itult'.

129 4637 174 4690 Sic
188 4639 222 4693 de
236 4640 329 4711 seipso
340 4642 405 4711 pius
419 4643 576 4698 monachus
589 4643 698 4698 loculus
711 4648 764 4709 est,
776 4643 804 4697 iu
818 4640 959 4713 principio
974 4641 1038 4696 libri
1053 4639 1146 4711 quinti
1162 4639 1291 4694 ilistoriae
1305 4654 1363 4691 suae
1380 4653 1387 4690 :

129 4780 143 4801 u
164 4758 269 4814 lineet
283 4760 516 4832 aliabujusmodi
531 4761 687 4833 diligenter
701 4760 893 4833 perpendens,
909 4761 991 4815 Pater
1003 4759 1127 4814 Giiarine
1144 4758 1194 4828 (5),
1207 4755 1312 4827 aliquid
1329 4751 1406 4824 quod
1422 4749 1564 4821 aliquibus
1578 4749 1605 4802 in
1621 4749 1706 4803 diuino
1722 4747 1770 4803 llei

93 4868 107 4891 a
127 4847 259 4903 lidelibus
279 4850 367 4919 prosit
389 4866 440 4905 seu
458 4852 579 4922 placcat,
598 4851 712 4907 decrevi
731 4850 897 4923 simpliciter
913 4848 1010 4917 mere,
1029 4851 1176 4918 arreptum
1196 4862 1261 4900 vero
1282 4843 1409 4898 sedimen
1430 4840 1585 4911 vigilanter
1604 4846 1711 4905 tenere,
1732 4852 1769 4891 ue

93 4960 106 4979 α
127 4953 192 4993 cum
205 4955 287 4995 servo
301 4942 432 5011 torpente
446 4958 499 5014 pro
512 4941 649 4997 absconso
662 4943 692 4997 in
707 4946 783 4998 terre
795 4941 902 4997 talento
917 4940 1047 5005 damner,
1061 4937 1180 4993 Domino
1193 4934 1377 5006 adjudicium
1393 4931 1536 4985 veniente.

129 5052 143 5075 «
163 5032 259 5086 Primo
273 5031 371 5103 itaque
386 5033 534 5104 praeceptis
549 5032 704 5088 venerandi
718 5031 834 5102 llogerii
848 5029 970 5096 abbatis,
984 5033 1012 5083 et
1029 5033 1128 5099 postea
1148 5026 1250 5080 vestris
1268 5021 1362 5094 optavi
1380 5036 1490 5092 parare,
1509 5017 1675 5089 opusculum
1696 5016 1769 5070 inri-

95 5140 109 5164 e
129 5119 211 5189 piens
228 5120 265 5175 de
285 5126 361 5177 statu
381 5123 519 5178 Uticensis
540 5123 684 5193 Ecclesiae,
704 5122 780 5193 quod
800 5120 909 5193 priores
929 5119 1017 5175 nostri
1040 5134 1101 5173 sese
1122 5122 1222 5172 mutuo
1242 5111 1381 5169 exhortati
1399 5113 1466 5165 sunt
1485 5108 1587 5168 lacero,
1608 5108 1657 5160 sed
1676 5103 1770 5158 uullus

95 5235 107 5252 ··
129 5225 229 5264 eorum
244 5211 334 5265 soluit
353 5211 406 5267 boc
425 5213 561 5286 incipere.
583 5215 655 5269 Nam
678 5212 798 5284 quisque
817 5211 901 5266 silere
921 5224 1007 5282 quarn
1029 5208 1105 5279 loqui
1124 5205 1237 5273 maluit,
1253 5207 1281 5258 et
1298 5216 1425 5257 securam
1447 5198 1573 5269 quietern
1595 5195 1673 5250 edaci
1694 5208 1770 5247 curu

126 5380 159 5440 {lt
179 5379 301 5429 Hieme·
320 5381 538 5433 nomannorum
558 5382 708 5446 Scriptores
725 5382 842 5446 antiqui,
863 5391 906 5429 res
954 5378 992 5429 Le
1007 5377 1129 5435 Pravost,
1143 5376 1159 5425 4
1174 5373 1227 5425 rol.
1246 5372 1324 5432 in-80,
1343 5366 1485 5420 l838-lffi2.

92 5449 126 5498 ul
146 5448 201 5500 attis
220 5463 268 5514 por
291 5450 416 5514 Galliam,
431 5454 563 5520 Anpttam,
584 5452 709 5518 Apuliam
730 5456 755 5503 ct
776 5452 906 5503 Orientem
987 5448 1020 5509 ll)
1032 5444 1064 5496 Id
1077 5446 1119 5497 esi
1132 5456 1205 5495 anno
1217 5441 1288 5492 1107.
1649 5505 1653 5515 Ι
1685 5503 1693 5519 1

92 5524 178 5584 ,ναίω
191 5520 356 5586 explicantes.
369 5523 459 5575 Latet.
474 5525 570 5586 Parin,
586 5524 657 5586 toto,
673 5522 766 5575 in-tol.
988 5516 1175 5583 (biduarium
1194 5512 1228 5564 de
1244 5510 1375 5570 Essartis,
1392 5508 1478 5559 abbas
1495 5505 1656 5557 monasterti
1675 5502 1770 5554 benctl

124 5590 322 5656 sermenem
340 5606 432 5646 rems
450 5594 906 5661 resumas,s0m.1x‚p.·ro;
956 5588 1064 5643 sumta
1086 5586 1226 5640 ualemus
1248 5584 1302 5636 rust
1324 5596 1340 5634 a
1362 5580 1393 5632 at
1419 5578 1485 5630 mut
1507 5575 1569 5627 rus
1591 5572 1624 5625 aa
1646 5572 1677 5625 so
1699 5571 1772 5638 iuuit

94 5661 860 5733 remanentem.x1,p.asr;tom.xn,p.aut.
957 5658 1029 5714 titt.
1157 5680 1159 5685 ·

126 5733 160 5799 {dl
187 5733 305 5787 omnes
327 5736 420 5790 Vitatis
446 5737 569 5792 unus·
590 5738 779 5799 calmonte-3
800 5734 867 5790 odit.
893 5750 909 5788 a

217 5818 345 5889 Person.
366 5818 574 5891 Gfflxllll.
1613 5804 1637 5867 l
1734 5826 1738 5833 '

49 5880 165 6006 ael
