3750 6046
465 182 570 241 tl’lsr.
590 184 730 243 APOLOG.
751 184 818 243 PRO
836 183 1014 243 CANONlClS
1032 182 1155 242 REGUL.
1584 188 1652 247 ttae

74 331 89 369 e
102 310 303 378 invocatione,
318 326 375 382 qua
390 315 505 365 vocatus
520 314 572 378 est,
586 313 615 364 et
631 326 665 364 ne
679 326 785 381 praesu-
799 309 1005 404 Aobedientiie
1025 311 1217 377 aberraverat,
1236 308 1324 365 libere
1345 308 1544 382 remittendus,
1562 311 1585 366 si
1604 329 1652 367 aa·

74 408 186 464 rdinem
208 405 429 461 eeclesiasticam
454 405 489 459 ad
511 403 655 476 exemplar
677 420 786 474 eoram,
840 411 898 460 tom
916 404 973 459 sive
993 421 1044 476 per
1062 405 1267 475 ignorantiam,
1290 405 1434 476 quianon
1456 406 1586 463 omnium
1608 409 1653 463 est

75 502 115 557 isa
135 506 201 555 sunt
222 501 252 555 in
271 506 369 554 monte
392 498 527 554 divinitus
547 498 720 566 institutum,
736 498 787 552 snb
837 497 962 564 scientia,
978 496 1036 552 sire
1051 514 1104 570 per
1122 497 1385 569 presumptionem,
1401 497 1476 569 quod
1495 499 1577 570 pejus
1595 503 1649 569 est,

75 614 90 649 u
105 595 252 667 religionis
265 593 442 660 disturbare;
459 593 552 663 magis
564 598 660 647 erstem
676 608 786 663 pacem,
838 598 867 646 ct
881 590 1094 663 usurpationem
1104 597 1261 663 susceptus,
1277 593 1306 646 et
1320 591 1479 647 monachus
1491 590 1580 647 tactus
1592 592 1652 649 iae·

72 689 193 756 mnibus,
210 689 260 761 qui
276 687 401 742 indomo
415 686 552 755 lleisuat,
567 687 723 742 cumomni
737 686 787 742 bu·
837 687 884 753 rit,
907 702 971 741 cum
992 686 1098 741 sanctis
1120 685 1256 741 Romanis
1275 684 1457 756 pontitlcibus
1477 686 1508 741 in
1529 686 1652 744 Ecclesia

72 801 102 851 e,
127 790 154 837 et
177 781 337 838 Christiana
360 781 497 836 societate
524 785 643 849 sectare,
660 798 696 836 ne
718 781 786 836 dum
838 784 866 834 et
880 797 944 836 cum
959 780 1085 836 Ecclesia
1096 779 1275 852 apertissime
1288 779 1362 847 dico,
1372 781 1402 835 et
1415 779 1539 835 tidenter
1547 783 1650 854 clamo,

72 894 122 933 rna
137 883 185 931 tua
198 877 241 930 rel
256 875 407 946 cujuslibet
419 874 536 931 alterius
551 874 654 946 religio
669 874 785 946 religio·
836 891 900 930 eum
914 891 975 931 esse
990 875 1219 931 revocandumet
1229 873 1388 929 secundam
1403 876 1533 930 tenorem
1544 892 1651 933 aaaac·

72 971 215 1026 trinsecus
226 969 349 1040 judicat,
367 968 448 1039 juxta
465 967 550 1022 rerba
569 966 715 1038 Evangelii
732 967 785 1023 do·
838 968 872 1023 tis
891 969 1031 1036 Patribus,
1050 969 1100 1041 qui
1118 968 1172 1023 buc
1189 968 1253 1023 tlcri
1275 970 1438 1037 vetuerunt,
1454 969 1651 1043 praecriptum

72 1081 130 1136 ipra
144 1064 263 1118 domum
276 1062 407 1128 sedetet
417 1061 608 1132 perniciosum
623 1061 652 1115 in
665 1060 787 1116 Ecclesia
835 1062 866 1116 in
887 1061 1014 1132 priorem
1036 1063 1178 1131 ordinem,
1192 1078 1278 1134 qoem
1299 1063 1386 1119 stulta
1408 1068 1435 1117 et
1457 1063 1652 1136 superstitiosa

72 1157 202 1213 indalum
222 1157 283 1211 siat.
299 1155 352 1210 Sed
371 1156 490 1210 fortasse
504 1155 584 1220 dicis,
597 1171 672 1226 saepe
692 1157 720 1209 te
739 1153 781 1207 ri·
837 1154 988 1211 devotione
1008 1156 1182 1222 deseruerat,
1197 1157 1415 1214 restituendum.
1439 1158 1563 1214 Econtra
1582 1174 1651 1216 veru

72 1268 145 1323 stepo
168 1251 255 1306 etiam
270 1250 403 1315 audiisse,
427 1250 597 1320 plerumque
611 1249 727 1320 insuper
741 1249 782 1303 lc·
836 1249 858 1303 si
870 1250 1029 1304 monachus
1039 1265 1098 1304 sue
1110 1249 1255 1321 religionis
1266 1251 1651 1323 proposituminriolabititer

73 1346 150 1417 quod
167 1344 256 1417 aliqui
270 1343 441 1398 elericorum
456 1342 492 1397 ad
505 1342 695 1397 monasticum
709 1341 784 1397 ordi·
835 1342 978 1411 tenuerit3
993 1344 1016 1397 si
1033 1343 1084 1398 sub
1100 1344 1211 1415 Regula
1225 1344 1302 1400 beati
1322 1345 1467 1401 Benedicti
1485 1345 1652 1403 obedienter

72 1440 223 1496 thabitam
238 1438 411 1504 transierint,
428 1443 455 1493 et
474 1455 489 1492 e
504 1438 619 1509 regione
633 1452 712 1491 rersa
726 1435 785 1490 vice
836 1435 998 1491 militaverit
1005 1456 1013 1506 ;
1031 1437 1054 1490 si
1074 1437 1181 1491 crebris
1198 1438 1364 1493 lectionibus
1385 1438 1413 1494 in
1435 1456 1520 1494 sensu
1546 1440 1650 1497 dirime

85 1533 290 1589 monachorum
314 1533 343 1586 in
366 1532 531 1587 clericatum
555 1530 691 1601 assumpti
717 1530 783 1584 sint.
835 1530 987 1600 Scripturae
1010 1531 1178 1586 exercitatus
1198 1531 1298 1587 utilem
1320 1534 1490 1589 seEcclesiae
1504 1534 1554 1589 Dei
1577 1550 1647 1606 prae-

72 1647 84 1695 ·,
99 1627 281 1682 dilectissime
297 1627 347 1693 mi,
363 1627 392 1679 et
406 1641 460 1696 ego
475 1625 540 1678 talia
554 1625 622 1691 vidi,
639 1627 668 1678 et
680 1622 783 1691 andivi,
835 1623 939 1689 buerit,
954 1625 1086 1696 exemplo
1096 1625 1173 1681 beati
1185 1626 1315 1696 Gregorii
1325 1627 1420 1698 magui
1432 1628 1556 1699 theologi
1572 1629 1649 1685 clero

72 1738 88 1776 a
110 1723 176 1791 legi,
194 1721 242 1776 sed
266 1737 324 1775 non
345 1721 435 1773 solum
456 1719 522 1790 quid
546 1719 649 1773 tactum
674 1717 719 1785 sit,
735 1709 877 1780 schrel
890 1718 1013 1773 Ecclesia
1032 1725 1148 1774 vocante
1164 1719 1198 1774 ad
1220 1719 1421 1785 sacerdotium,
1438 1720 1482 1776 vet
1502 1722 1591 1776 etiem
1611 1722 1648 1779 ad

72 1832 102 1871 er
126 1831 239 1887 quoque
264 1815 368 1869 factum
393 1814 438 1880 sit,
458 1814 502 1867 ret
529 1813 556 1866 in
583 1812 706 1867 Ecclesia
733 1810 785 1865 Dei
835 1812 1031 1882 pontiticatum
1061 1812 1169 1867 utiliter
1201 1814 1361 1884 promoveri
1389 1819 1500 1885 potest,
1528 1817 1564 1869 ut
1594 1832 1647 1883 os,
1689 1874 1693 1881 ,

72 1910 96 1964 ie
111 1910 170 1975 irat,
185 1909 339 1979 diligenter
353 1906 590 1962 considerandum
601 1911 652 1962 cst.
664 1906 691 1962 Si
706 1906 784 1961 enim
834 1906 912 1977 quod
927 1905 1075 1961 humiliter
1086 1908 1227 1962 clauserat
1249 1907 1335 1978 prius,
1350 1907 1380 1961 in
1403 1907 1495 1962 medio
1516 1907 1647 1967 Ecclesia

72 2020 100 2069 s,
123 2011 279 2073 antequam
304 2002 405 2056 transit
428 2001 462 2055 ad
490 1997 707 2066 monasterium,
731 1999 784 2054 hoc
835 1999 971 2071 deinceps
985 2000 1095 2056 utiliter
1109 2001 1232 2072 aperiat,
1248 1999 1648 2058 etutbonuslromodehoao

72 2120 75 2152 l
99 2104 141 2151 est
167 2098 211 2151 rel
237 2097 325 2150 etiam
353 2096 504 2149 toleratum
526 2099 577 2162 est,
601 2092 784 2149 solummodo
834 2093 1647 2165 thesauroprateretbouum(liuttb.,xu).llerumtamen,

72 2192 144 2246 ione
154 2189 359 2261 permissionis,
371 2205 428 2243 non
441 2192 538 2243 autern
553 2188 618 2259 lege
628 2187 673 2241 rel
684 2186 784 2258 regula
835 2186 1060 2259 quotiescunque
1074 2188 1115 2256 tit,
1136 2188 1216 2258 juxta
1232 2188 1452 2260 precedentium
1472 2189 1586 2244 Patrum
1606 2206 1649 2245 or·

72 2285 165 2340 asticre
187 2284 393 2339 institutionis:
420 2299 484 2338 cum
507 2283 648 2337 interdum
664 2281 721 2348 ilie,
736 2285 785 2336 aut
835 2281 1015 2337 dinationem
1036 2281 1096 2336 sieri
1120 2281 1216 2349 debet,
1242 2281 1283 2336 ita
1305 2281 1446 2350 videlicet,
1460 2285 1493 2337 ut
1518 2282 1648 2339 babilam

73 2379 238 2445 ecessarias,
252 2384 300 2432 aut
315 2377 433 2444 inutilis,
447 2382 495 2430 aut
509 2375 704 2430 ecclesiasticae,
725 2374 782 2429 dis·
834 2375 1023 2430 marrastiaum
1042 2391 1226 2448 nequequam
1240 2374 1367 2445 abiiciat,
1380 2374 1430 2431 sed
1450 2376 1648 2432 absconditum

72 2473 280 2530 eetcanouicae
294 2471 464 2526 obedientiae
477 2470 616 2541 superbus
631 2471 781 2540 contemp·
833 2469 907 2524 ierat
928 2468 1065 2524 canonica
1085 2454 1239 2524 instructus
1258 2468 1398 2537 doctrina,
1414 2469 1517 2525 stolam
1540 2474 1569 2525 et
1587 2485 1649 2526 ora·

72 2571 94 2622 rt
120 2567 262 2622 saecularis
288 2567 351 2620 vitae
373 2565 497 2619 lubricus
519 2569 648 2632 sectator,
668 2568 697 2619 et
718 2579 782 2634 pro·
835 2561 909 2617 rium
924 2578 1039 2633 semper
1061 2563 1281 2635 superindutum
1301 2562 1413 2631 babeat,
1429 2562 1569 2618 canticum
1583 2579 1647 2635 gra-

78 2661 289 2733 praevaricator,
303 2663 352 2713 aut
367 2660 453 2714 etiam
468 2659 622 2713 damnosus
635 2656 708 2711 torta
729 2656 782 2710 sibi
834 2656 933 2725 darum,
953 2656 1029 2728 quod
1046 2663 1112 2711 ante
1137 2656 1172 2711 da
1195 2655 1377 2712 tribulatione
1398 2656 1523 2712 clamans
1540 2656 1577 2711 ad
1595 2656 1648 2712 Do-

75 2773 88 2810 s
102 2753 231 2809 fueritin
247 2753 382 2817 Ecclesia,
397 2750 497 2822 quales
515 2752 600 2806 etiam
617 2750 644 2805 in
664 2749 783 2805 concilio
833 2750 942 2805 minum
957 2749 1117 2822 lugubriter
1131 2750 1309 2820 decantabat,
1323 2749 1458 2823 deinceps
1470 2751 1605 2823 deponat,
1619 2757 1649 2809 et

72 2866 102 2903 ro
127 2848 240 2919 quinto,
269 2863 333 2901 can.
359 2847 403 2913 re,
428 2861 486 2900 non
512 2844 700 2916 probibentur
720 2844 783 2899 sieri
835 2844 870 2900 ab
894 2845 1039 2900 octonario
1059 2845 1139 2899 Beati
1158 2845 1327 2900 immaculati
1351 2846 1437 2912 (Psat.
1464 2845 1565 2916 carni),
1583 2845 1647 2917 jam

72 2943 112 2997 hi.
832 2939 862 2994 in
879 2955 974 2994 veram
991 2942 1119 2994 octavam
1130 2939 1271 2994 transiens
1283 2955 1348 2995 cum
1359 2939 1469 2994 clericis
1478 2938 1580 2997 divinis
1589 2940 1649 2995 otti·

76 3037 129 3093 iter
143 3052 210 3090 vero
223 3035 305 3105 juxta
318 3033 474 3088 districtam
489 3039 517 3088 et
529 3033 676 3104 antiquam
692 3032 780 3088 eccle·
833 3032 883 3087 ciis
896 3033 1040 3100 assuebat,
1057 3036 1087 3087 ot
1099 3039 1237 3100 exerceat,
1252 3038 1281 3088 et
1293 3049 1346 3105 per
1358 3033 1458 3088 omnia
1474 3037 1534 3089 tam
1549 3034 1647 3091 babitu

72 3129 289 3185 einstitationis
303 3145 443 3196 normam,
458 3128 593 3181 clericum
608 3127 732 3198 aliquem
749 3083 821 3180 sitC
835 3143 922 3197 quam
938 3126 1032 3181 officio
1045 3143 1104 3182 sese
1121 3127 1181 3198 jem
1197 3127 1333 3183 clericum
1347 3127 1454 3183 iactum
1468 3143 1528 3184 esse
1548 3129 1577 3183 in
1591 3146 1649 3184 aaa·

72 3244 86 3279 e
113 3225 174 3278 tieri
203 3223 388 3287 monachum,
417 3227 476 3276 tarn
505 3220 594 3275 nmlta
620 3226 783 3274 sanctorum
834 3220 935 3275 uitesto
966 3221 1137 3291 regulariter
1168 3222 1321 3287 ostendat,
1356 3222 1493 3277 absconsa
1529 3223 1647 3294 quidem

76 3321 100 3373 la
111 3319 224 3383 dorent,
236 3316 284 3371 ubi
297 3316 482 3371 inveniuntur
494 3314 588 3369 clerici
598 3312 748 3368 criminosi
757 3319 784 3368 et
833 3313 932 3369 subtus
945 3318 974 3369 et
990 3314 1067 3383 intus
1088 3315 1170 3386 nigra
1186 3320 1263 3369 reste
1283 3313 1319 3369 ob
1339 3329 1493 3369 moerorem
1515 3316 1648 3371 humanm

72 3430 91 3467 :s
104 3411 294 3467 ecclesiastica
309 3427 428 3465 censura
444 3427 460 3463 a
473 3409 560 3464 sacris
573 3408 720 3463 ordinibus
731 3407 781 3461 de·
832 3408 1013 3473 eorrditioais,
1024 3424 1074 3463 seu
1089 3407 1262 3462 intirmitatis
1275 3412 1305 3462 et
1316 3407 1522 3478 mortalitatis,
1536 3416 1648 3465 ostensa

74 3507 92 3575 i,
107 3506 164 3561 sire
178 3506 262 3561 etiarn
278 3504 409 3575 suspensi
422 3504 455 3558 acl
476 3501 637 3575 plangenda
650 3501 784 3572 deinceps
833 3518 899 3556 rero
915 3501 991 3568 toris,
1008 3506 1037 3556 et
1052 3506 1211 3572 apparente
1224 3517 1339 3571 semper
1353 3500 1430 3556 linea
1441 3506 1469 3556 ct
1484 3502 1548 3556 alba
1561 3506 1649 3573 veste,

72 3618 149 3655 nsua
163 3600 192 3654 in
208 3598 416 3655 monasterium
431 3597 543 3663 retrusi,
558 3614 590 3651 ac
611 3612 662 3666 per
682 3596 735 3648 boc
752 3594 784 3649 li·
834 3599 951 3667 propter
963 3595 1119 3649 novitatem
1132 3595 1193 3649 vitm
1208 3602 1234 3649 et
1249 3594 1402 3650 candorem
1422 3597 1646 3666 resurrectionis,

84 3698 206 3761 constat,
225 3701 253 3749 at
276 3693 346 3748 nulli
372 3708 473 3746 sanum
498 3690 644 3745 cerebrum
668 3687 784 3743 babenti
833 3706 919 3761 quam
936 3688 1072 3744 nimirum
1087 3692 1165 3743 tanto
1180 3687 1325 3743 ardentius
1345 3689 1451 3762 populo
1468 3689 1517 3744 tlei
1533 3690 1569 3746 dc
1591 3707 1645 3747 cte·

72 3796 143 3845 nest
156 3791 224 3860 quin
239 3787 440 3842 canonicorum
456 3785 525 3840 ordo
539 3782 689 3838 sublimior
702 3783 740 3837 sit
754 3781 782 3836 ia
833 3789 895 3839 tero
910 3783 994 3839 debet
1009 3782 1172 3854 praedicare,
1191 3787 1299 3854 quanto
1322 3783 1414 3838 rarius
1429 3789 1545 3853 constat,
1565 3784 1646 3841 illum

76 3899 191 3955 aquam
206 3882 424 3949 monachorum,
441 3896 505 3934 carn
521 3877 668 3934 criminosi
681 3877 716 3931 ab
728 3877 782 3931 isto
833 3878 898 3947 boe,
922 3882 954 3932 ut
977 3877 1180 3949 prediceretur,
1198 3875 1281 3931 bonis
1303 3876 1436 3948 operibus
1457 3895 1517 3950 prm
1539 3879 1647 3935 caeteris

72 3995 108 4033 nn
122 3978 165 4032 rei
179 3977 378 4049 projiciantur,
391 3979 419 4030 et
432 3976 461 4029 in
470 3974 550 4029 illum
562 3976 698 4043 tanquam
707 3971 784 4025 dam·
834 3971 982 4027 meruisse.

72 4072 173 4127 tiuviti
189 4077 343 4126 maerentes
355 4073 383 4123 ct
396 4070 496 4123 tlentes
514 4067 551 4121 ad
571 4081 686 4138 poenam
699 4071 728 4119 ot
748 4064 782 4119 ad
869 4065 954 4121 Proin
964 4065 1027 4136 jam
1041 4081 1118 4119 narro
1136 4065 1164 4119 in
1185 4064 1312 4119 medium
1330 4063 1425 4122 veniat
1438 4064 1486 4121 ille
1507 4068 1604 4123 noster
1618 4072 1647 4125 et

72 4163 557 4227 entiamretrudarrtrrr.0uisautem
569 4160 638 4215 adeo
653 4159 782 4225 demens,
833 4164 925 4215 vester
955 4160 1164 4231 Hieronymus,
1196 4164 1291 4214 noster
1320 4160 1436 4232 quidem
1469 4161 1644 4233 presbyter,

72 4276 165 4332 quarn
181 4259 287 4313 dixerit
302 4274 330 4314 se
352 4257 455 4312 vidisse
476 4254 554 4326 quod
573 4252 705 4308 monachi
728 4253 781 4306 cri·
833 4260 926 4310 vester
938 4260 1032 4310 autem
1048 4254 1207 4309 monachus
1223 4270 1289 4309 rere
1309 4270 1366 4308 uon
1385 4254 1441 4309 alta
1453 4255 1580 4327 sapiens,
1594 4255 1647 4312 sed

72 4361 115 4410 .et
130 4354 250 4408 insanies
264 4353 340 4422 (nam
356 4359 384 4407 et
403 4369 438 4406 ex
452 4351 506 4405 illis
528 4348 577 4403 filii
598 4347 781 4402 tenebrarum
833 4347 992 4403 hurrrilibus
1004 4347 1182 4403 consentiens
1203 4349 1301 4419 (Rana,
1316 4354 1375 4419 rra),
1389 4364 1570 4421 nequaquam
1586 4355 1646 4406 ter·

72 4452 190 4513 rossuatl
209 4465 225 4500 a
246 4447 402 4501 monastico
417 4446 526 4512 ordine,
541 4446 679 4513 tauquam
699 4458 715 4495 a
733 4456 779 4495 su·
791 4459 821 4531 q)
833 4444 879 4497 tiae
895 4443 1013 4513 liuguae,
1029 4442 1079 4513 qui
1101 4458 1177 4497 nunc
1198 4442 1335 4514 temporis
1353 4443 1429 4514 apud
1451 4443 1603 4515 pterosque
1616 4444 1645 4498 in

72 4560 83 4598 e
107 4543 326 4615 projicerentur,
350 4544 379 4594 et
403 4539 431 4594 ia
453 4538 623 4593 canonicum
650 4534 782 4590 ordinem
833 4537 1039 4592 detractionem
1053 4535 1147 4590 sibilat
1168 4540 1298 4605 sectator,
1313 4536 1361 4591 sed
1379 4536 1468 4592 trium
1482 4535 1645 4608 linguarum

72 4635 292 4692 tminle1·ior·em
316 4639 344 4688 et
368 4633 468 4704 abjecti
493 4630 712 4702 reciperentur?
735 4630 784 4683 Ea·
834 4630 1044 4687 eruditissimus
1069 4630 1241 4702 indagator,
1268 4629 1373 4698 veniat,
1388 4631 1517 4702 inquam,
1539 4630 1569 4685 in
1589 4646 1647 4686 mc-

75 4748 97 4798 r,
114 4729 229 4801 quando
244 4728 363 4801 quilibet
381 4727 498 4781 clericus
520 4725 656 4781 canonica
674 4723 781 4795 proles·
833 4727 925 4793 dium,
940 4725 1049 4797 etquid
1065 4726 1100 4780 de
1111 4723 1232 4793 clericis,
1248 4724 1351 4795 quidve
1364 4723 1401 4780 de
1417 4723 1567 4779 monachis
1579 4740 1645 4781 sen-

72 4823 220 4890 rbstrietus,
234 4829 262 4877 et
278 4821 430 4893 sponsione
451 4819 556 4892 proprii
579 4819 636 4873 oris
659 4817 695 4872 ad
715 4833 781 4872 cru·
833 4819 962 4875 tiendum
973 4819 1128 4888 dictaverit,
1143 4818 1171 4874 in
1193 4833 1347 4874 commuue
1368 4819 1507 4890 proterat,
1523 4825 1552 4874 et
1572 4819 1648 4874 volu·

72 4918 215 4973 redientiae
229 4916 381 4987 obligatas,
393 4916 535 4986 alligatus,
546 4913 699 4984 qaideuim
712 4910 784 4967 mibi
833 4931 900 4969 men
924 4914 1005 4983 mihi,
1021 4919 1048 4968 et
1065 4913 1116 4969 tibi
1135 4918 1164 4967 et
1185 4912 1319 4967 omnibus
1339 4912 1537 4968 universaliter
1551 4914 1647 4985 legeu-

72 5013 106 5084 ris
125 5018 153 5066 et
168 5011 265 5065 solutis
286 5028 318 5065 ac
341 5009 482 5081 acephalis
504 5008 637 5063 clericis?
663 5022 731 5060 nam
754 5006 783 5060 in
834 5008 902 5063 darn
916 5009 976 5063 sine
989 5005 1161 5062 verecundia
1176 5007 1329 5078 expandat.
1346 5006 1391 5061 Sic
1406 5006 1484 5062 eninr
1499 5006 1597 5062 scribit
1609 5007 1646 5063 ad

72 5123 87 5161 u
106 5105 186 5176 impii
209 5104 355 5158 arnbulant
376 5105 459 5174 (Prot.
483 5112 532 5168 nt,
552 5101 586 5165 si,
609 5101 735 5171 iuquam,
753 5104 785 5153 ut
834 5102 1014 5157 Heliodorum
1032 5118 1040 5155 r
1063 5100 1224 5169 «absitus
1243 5100 1398 5173 quidquam
1422 5100 1527 5155 sinistri
1548 5101 1583 5157 de
1602 5101 1646 5157 his

72 5200 133 5269 liri,
159 5199 251 5254 bonus
269 5199 389 5252 clericus
408 5198 503 5268 aliqua
526 5195 649 5261 levitate,
674 5198 704 5249 ut
722 5193 784 5249 lieri
834 5196 942 5267 loquar,
958 5195 1008 5267 qui
1023 5195 1176 5267 apostolico
1202 5194 1305 5265 gradui
1331 5195 1526 5264 succedentes,
1543 5196 1647 5252 curisti

87 5292 322 5363 ductus,iugiens
335 5295 443 5346 arctam
469 5290 552 5351 riam,
569 5306 633 5359 quae
653 5287 730 5343 ducit
747 5286 783 5341 ad
833 5307 937 5362 corpus
956 5305 1035 5344 sacro
1056 5305 1105 5343 ore
1128 5288 1291 5355 conticiunt,
1315 5305 1366 5360 per
1387 5305 1460 5360 quos
1484 5305 1536 5345 nas
1558 5290 1644 5345 etiam

72 5405 92 5443 n
109 5388 296 5456 (limitari,
311 5382 784 5453 monasteriumpetierit,etmona·
833 5384 985 5440 christiani
1005 5394 1121 5447 stlmns;
1141 5384 1190 5453 qui
1212 5383 1301 5437 clares
1327 5384 1410 5454 regni
1431 5384 1568 5439 cmlorum
1594 5385 1644 5439 ba-

72 5482 172 5537 retiari
184 5479 373 5552 postulaverit,
385 5480 469 5550 [ilaue
481 5478 554 5545 dico,
567 5474 782 5547 patenterdica,
833 5476 942 5542 bentes,
965 5471 1181 5545 quodammodo
1202 5479 1270 5527 ante
1288 5472 1389 5543 judicii
1411 5471 1487 5527 diem
1506 5473 1646 5543 judicant,

72 5578 107 5631 ris
125 5575 241 5646 est,qui
260 5575 312 5629 boc
332 5574 456 5644 ignorat,
480 5588 546 5626 cum
575 5571 685 5625 nullum
707 5570 781 5625 arbi·
833 5570 882 5641 qui
901 5584 1034 5639 sponsam
1057 5567 1167 5621 llomini
1186 5566 1280 5621 sobria
1303 5566 1431 5621 castitate
1454 5568 1644 5623 conservant!

72 5687 169 5727 ecurus
191 5670 287 5735 doceo,
306 5685 364 5723 non
389 5671 432 5721 est
455 5664 662 5738 suscipiendus,
682 5664 729 5719 sed
748 5666 783 5720 ad
833 5664 887 5719 Sed
900 5663 1085 5731 alia,utante
1100 5660 1265 5733 perstrinxi,
1278 5660 1525 5715 monachicam
1533 5660 1668 5721 seme

72 5780 204 5839 presepe,
214 5762 292 5818 narde
306 5779 395 5833 vagas
408 5768 435 5817 et
449 5761 600 5834 profugas,
615 5762 701 5835 rupto
714 5760 785 5821 tuae
836 5759 956 5831 clerici,
977 5758 1079 5817 clerici
1098 5773 1171 5815 ores
1188 5758 1331 5829 pascunt,
1350 5767 1411 5821 ega
1428 5742 1634 5819 passerxxxix
1653 5738 1697 5787 b*
