3750 6046
153 190 206 250 347
830 192 993 250 oueuulcl
1012 194 1142 251 vttntls
1773 198 1829 253 348

151 316 256 384 presul
276 317 336 384 fiat,
354 316 494 385 porrique.
516 315 563 370 llis
584 315 697 384 auditis,
716 315 830 388 gavisus
851 319 968 374 Samson
979 315 1210 402 Aspectantium
1228 320 1373 388 appareat,
1388 317 1472 374 solita
1489 321 1584 374 umen
1603 317 1790 374 fluctuatione
1804 323 1833 374 et

157 407 197 463 ait
213 424 219 461 ε
233 410 321 471 Nunc,
341 409 449 465 domiue
467 412 505 465 net
522 427 580 476 rea,
599 413 697 481 optimc
717 411 821 467 locutus
840 427 875 475 es,
889 417 915 468 et
933 414 971 468 art
1020 409 1206 466 instabilitate
1218 426 1268 465 erra
1278 410 1445 483 navigantes
1459 411 1585 483 territat;
1598 411 1772 484 sicprseseus
1783 428 1833 467 sae

156 503 205 556 lece
226 502 370 570 agendum,
391 504 605 559 adminicutante
621 507 687 568 Deo,
702 520 742 560 me
756 512 912 578 promptum
931 510 970 563 in·
1020 504 1114 558 culum
1127 503 1300 560 volubilitate
1318 520 1368 558 sua
1381 504 1493 576 jugiter
1509 510 1639 572 vexatur,
1653 504 1832 562 innumeris·

154 597 255 651 oenus.
278 597 345 652 Ecce
366 599 396 651 in
415 599 521 668 capella
539 602 587 651 tun
609 602 647 653 est
668 599 780 669 quidum
796 616 902 670 pauper
920 602 970 656 cte·
1019 613 1075 668 que
1096 597 1188 653 modis
1208 597 1338 653 tristibus
1358 613 1409 653 seu
1430 597 1502 653 laetis
1524 597 1673 654 evidenter
1692 597 1831 655 variatur.

155 690 238 750 ricus,
261 689 309 743 sed
328 689 426 745 nobilis
444 696 469 745 et
492 692 557 746 true
572 693 759 759 moriperutus.
782 695 852 749 Huic
867 709 969 763 praesu
1018 692 1096 746 luter
1109 693 1256 762 protervos
1270 690 1370 746 mundi
1384 695 1537 760 amatores,
1551 690 1655 763 quihus
1667 690 1727 763 ipse
1744 706 1830 748 muu-

156 781 242 836 lutum
260 783 416 838 commenda
434 785 464 837 iu
483 786 530 840 Det
551 786 654 848 timore,
668 787 735 855 quio
754 786 853 857 diguus
872 794 922 851 esi,
938 793 968 842 ut
1019 784 1071 838 dus
1083 799 1140 838 nou
1154 781 1266 854 sufficit,
1285 783 1419 839 immanis
1436 783 1585 839 altercatio
1603 798 1679 855 saepa
1699 783 1793 838 oritur
1803 786 1831 840 et

157 876 271 938 estimo,
291 876 341 930 toti
358 877 465 931 honore.
483 876 555 947 llegi
571 882 666 933 autem
688 880 884 949 percunctanti
905 881 969 951 quis
1018 876 1047 931 in
1071 875 1241 931 immensum
1267 876 1374 932 crescit.
1400 877 1432 931 Et
1459 876 1528 931 dum
1552 874 1673 949 quisque
1699 876 1831 948 superior

155 972 240 1034 esset,
257 967 372 1022 samem
391 969 555 1040 respondit:
576 971 686 1027 lloetius
705 972 806 1027 dicitur
825 977 850 1028 et
869 977 908 1028 est
926 989 968 1042 pe·
1019 986 1091 1038 esse,
1106 970 1299 1042 aemulumque
1314 985 1397 1024 suum
1408 972 1552 1042 proterere
1565 968 1675 1038 nititur,
1686 969 1830 1042 equitatis

154 1075 216 1114 nere
237 1063 330 1126 Britc‚·
354 1061 401 1115 sed
418 1062 527 1118 humitis
548 1068 586 1118 est
609 1069 634 1119 et
658 1080 752 1120 revera
773 1065 856 1121 bonus
880 1067 965 1123 tome.
1019 1063 1172 1119 immemor
1191 1063 1284 1136 legem
1304 1063 1355 1119 lici
1372 1062 1590 1135 transgreditur,
1604 1066 1634 1118 et
1647 1078 1701 1134 pro
1720 1061 1829 1134 adipis·

154 1150 357 1222 conjubante
369 1168 446 1225 rege,
459 1155 733 1212 lloellusaccersitur
745 1158 862 1229 ignarus
875 1158 967 1215 adbuc
1018 1156 1106 1212 cende
1130 1157 1208 1229 quod
1234 1155 1429 1229 unnsquisque
1454 1154 1553 1224 ambit,
1578 1155 1724 1212 humanus
1743 1171 1831 1212 cruor

153 1243 189 1299 ad
205 1244 273 1315 quid
290 1251 448 1302 vocaretur.
466 1249 595 1320 cumque
609 1267 659 1305 rex
669 1251 804 1322 juvenem
816 1251 846 1306 in
864 1251 966 1308 humili
1016 1250 1171 1307 crudeliter
1179 1248 1345 1306 ellunditur.
1361 1251 1417 1305 lieo
1428 1248 1618 1304 historoorum
1628 1247 1740 1320 antiqui
1753 1249 1830 1305 cedi·

153 1336 252 1392 habitu
267 1340 454 1395 macilentum
470 1341 592 1412 vidisset,
609 1343 740 1415 despexit
744 1362 753 1413 3
768 1346 797 1400 et
815 1361 966 1402 conversus
1015 1360 1062 1400 ces
1079 1343 1193 1417 copiose
1208 1344 1349 1411 referunt,
1363 1341 1417 1398 hoc
1429 1342 1562 1399 moderni
1575 1357 1707 1399 numeres
1724 1357 1779 1414 per
1790 1342 1829 1397 vi·

153 1430 189 1485 ad
210 1432 390 1500 samsonem,
406 1434 499 1490 dixit:
522 1439 608 1492 lateue
627 1444 665 1493 cst
684 1454 762 1508 quem
781 1443 810 1495 tu
829 1444 967 1511 tantopere
1016 1453 1062 1492 cos
1077 1440 1106 1493 et
1120 1424 1229 1509 plateas
1246 1436 1442 1492 indesinenter
1455 1437 1601 1503 esserunt;
1617 1434 1693 1490 unde
1710 1433 1828 1506 qnidam

151 1526 287 1594 praelat?
307 1526 426 1582 Samson
450 1529 598 1600 respondit
613 1547 620 1584 r
639 1532 740 1595 Etiam,
756 1532 871 1588 domim.
886 1535 966 1589 Hunc
1015 1530 1051 1584 ad
1064 1545 1188 1601 praesens
1202 1529 1346 1597 laetantur,
1361 1528 1410 1584 alii
1428 1527 1618 1584 nihilomiuus
1630 1528 1702 1583 tleut
1715 1531 1744 1582 et
1759 1543 1827 1582 cou-

151 1620 208 1674 sinc
226 1619 309 1673 dubio
326 1620 444 1688 fideliter
462 1622 551 1691 effac,
567 1623 638 1678 bunc
660 1624 727 1679 mihi
748 1628 851 1696 meique
870 1628 965 1682 simiti-
1014 1623 1174 1679 tristantur.
1192 1623 1233 1679 lte
1256 1621 1368 1677 casibus
1389 1621 1555 1693 hujusmodi
1574 1619 1708 1693 quaedam
1724 1621 1755 1676 in
1774 1621 1828 1676 hoc

152 1711 201 1766 tus
214 1711 280 1782 jure
300 1728 439 1784 preponc.
452 1716 528 1770 Mitis
550 1720 588 1771 cst
606 1721 632 1771 et
651 1718 788 1786 hermeus,
803 1719 866 1776 inde
879 1690 1003 1790 mopisss
1015 1719 1114 1772 nostro
1137 1714 1234 1771 libello
1256 1714 1384 1770 breviter
1408 1714 1501 1786 tetigi,
1524 1718 1554 1770 et
1572 1713 1714 1770 veraciter
1734 1713 1828 1771 adhuc

152 1806 304 1874 presulatu
324 1806 432 1875 dignus.
456 1810 509 1864 Pro
528 1811 613 1865 macie
630 1814 750 1882 corporis
770 1828 825 1867 nou
846 1816 882 1869 sit
901 1829 965 1869 con·
1015 1808 1121 1865 addere
1135 1807 1205 1864 libet
1217 1807 1284 1878 alia,
1299 1809 1386 1879 prout
1399 1823 1416 1862 a
1429 1806 1589 1862 senioribus
1601 1805 1700 1862 didici.

153 1898 322 1968 tcmptibitis.
343 1901 463 1956 llumilr's
482 1902 593 1958 habitus
608 1906 753 1971 gratiorem
771 1921 830 1960 euru
843 1909 966 1976 nastpuut
1050 1900 1207 1956 Harbertus
1220 1901 1470 1956 cenomannorum
1483 1914 1579 1955 comes
1591 1914 1626 1954 ex
1638 1896 1785 1970 prosapia,
1795 1901 1828 1953 ut

152 1993 330 2061 sapientibus.
349 1994 394 2049 Ad
413 1998 547 2050 antenero
564 2001 672 2052 tuntum
689 2013 744 2053 nen
757 2001 866 2070 respicit
884 2003 964 2064 Deus,
1015 1994 1115 2062 fertur,
1131 1993 1223 2050 Cssfflli
1237 1992 1331 2065 Magni
1347 1992 1489 2065 ⁰lici¹¹⁰m
1508 1991 1599 2060 illust,
1617 1995 1647 2048 ⁰²
1664 1992 1763 2063 vulgo,
1778 1989 1827 2045 ⁸⁰⁶

151 2086 198 2140 sed
218 2086 343 2141 intuetur
365 2103 396 2142 eu
414 2103 475 2158 quae
497 2090 585 2145 tutent
606 2092 777 2147 intrinsecus.
799 2092 857 2147 Rex
878 2092 966 2165 igitur
1014 2102 1118 2159 purum
1138 2085 1247 2155 Latine,
1267 2085 1467 2159 cognominum
1488 2084 1752 2157 Evigilauscanem
1774 2098 1827 2154 pro

151 2177 289 2248 prudens,
306 2179 444 2250 sapientis
455 2180 544 2237 verba
557 2181 667 2237 intente
685 2183 820 2255 percepit,
838 2188 867 2240 et
884 2201 966 2257 saga·
1013 2179 1124 2252 ingenti
1139 2178 1280 2252 probitate
1294 2178 1545 2250 promeruit.Nam
1557 2181 1760 2250 postmortem
1776 2177 1828 2230 llu-

151 2270 225 2325 citer
239 2271 405 2327 examinare
423 2273 516 2344 coepit.
530 2273 648 2330 Diffusus
665 2279 760 2332 autem
779 2277 965 2350 cogitationes
1015 2272 1098 2345 genis
1111 2272 1200 2345 patris
1219 2272 1273 2340 sui,
1289 2287 1375 2343 quem
1395 2271 1479 2327 Fulce
1500 2270 1597 2326 senior
1617 2269 1672 2325 sihi
1691 2268 1828 2326 violenter

151 2377 217 2418 suas
230 2364 260 2418 in
274 2380 304 2418 se
322 2380 452 2420 reversus
467 2366 585 2422 rationis
600 2367 734 2441 ligamine
752 2370 889 2441 paulatim
902 2388 964 2426 res·
1014 2366 1190 2439 subjugarat,
1207 2365 1237 2421 in
1253 2365 1389 2421 eumdem
1402 2381 1482 2421 arma
1501 2365 1597 2421 levans
1611 2367 1767 2419 nocturnas
1779 2378 1826 2417 ex·

153 2456 263 2526 trinxit,
284 2458 522 2532 nominatumque
541 2459 677 2516 clericum
696 2462 791 2518 statim
810 2463 848 2519 ad
868 2479 897 2520 ee
917 2481 963 2520 ao·
1013 2459 1174 2531 peditiones
1185 2459 1285 2515 crebro
1297 2459 1409 2531 agebat,
1424 2461 1453 2514 et
1463 2457 1682 2530 andegavenses
1694 2456 1827 2511 homiues

151 2549 258 2620 cersiit,
271 2551 355 2622 eique
367 2567 467 2607 curam
481 2558 509 2609 et
521 2555 653 2610 seculare
663 2555 711 2626 jus
723 2557 965 2613 cenomannensis
1015 2557 1045 2608 et
1059 2569 1145 2609 canes
1165 2553 1196 2608 in
1218 2552 1280 2624 ipsa
1302 2552 1371 2608 urhe
1390 2554 1432 2608 vel
1452 2552 1482 2607 in
1497 2551 1699 2607 munitioribus
1715 2551 1826 2623 oppidis

151 2643 331 2715 episcopatus
354 2646 506 2701 commisit.
533 2648 680 2703 Decretum
702 2650 778 2720 regis
795 2651 871 2706 clero
894 2650 963 2705 insi·
1012 2646 1148 2716 terrebat,
1163 2650 1192 2701 et
1204 2645 1353 2702 horrendis
1364 2645 1515 2701 assultibus
1528 2644 1773 2717 paridosvigilare
1782 2660 1827 2700 co·

151 2740 274 2793 nuatum
292 2739 345 2807 est,
364 2741 394 2792 et
411 2740 522 2810 praefati
540 2741 633 2796 clerici
652 2741 735 2797 bonae
756 2742 819 2798 vitre
841 2743 965 2799 testimo·
1014 2738 1109 2810 gebat.

152 2829 235 2885 nium
250 2830 286 2886 ab
301 2831 346 2885 his
363 2833 412 2904 qui
429 2836 573 2889 nonerunt
588 2835 756 2891 ventilatum
771 2840 821 2891 est.
837 2837 891 2891 Pro
903 2840 964 2892 tam
1050 2833 1130 2904 llugo
1141 2830 1215 2887 iilius
1226 2831 1365 2899 llerberti,
1380 2835 1528 2903 postquam
1541 2831 1667 2887 Alaunos
1681 2831 1827 2888 Britanno-

151 2940 224 2994 pura
245 2930 273 2978 et
295 2925 416 2997 simplici
438 2927 576 2982 electione
597 2928 701 2984 devota
721 2931 780 2984 laus
799 2945 816 2984 a
833 2929 963 2985 fidelibus
1014 2942 1079 2981 mm
1090 2942 1187 2981 comes
1205 2925 1403 2980 aNormanuis
1417 2925 1447 2980 in
1460 2923 1635 2981 Normannia
1651 2925 1824 2996 impotiona-

152 3017 209 3071 lleo
222 3017 333 3073 reddita
352 3025 404 3086 est,
420 3023 450 3074 et
469 3021 576 3076 electus
594 3026 691 3092 pastor
707 3022 744 3078 ad
762 3023 854 3078 caulas
868 3023 962 3079 ovium
973 3050 1001 3124 C
1013 3023 1059 3074 tus
1072 3019 1215 3086 occubuit,
1230 3020 1341 3074 Bertam
1353 3017 1441 3090 ipsius
1451 3017 1589 3086 relictam,
1600 3017 1760 3073 Thcdbaldi
1769 3020 1826 3074 ute·

150 3126 269 3166 suarum
292 3110 327 3166 ab
349 3112 487 3185 episcopis
506 3118 535 3169 et
556 3112 674 3187 reliquis
696 3114 837 3185 lldelibus,
860 3116 963 3188 quibus
1013 3113 1141 3169 sensium
1162 3112 1272 3167 comitis
1293 3127 1430 3176 sororem,
1454 3111 1485 3166 iu
1508 3109 1678 3182 conjugium
1700 3112 1823 3184 accepit3

150 3204 202 3258 hoc
219 3220 317 3277 aroge
330 3204 442 3276 jussum
456 3207 558 3275 fuerat,
573 3207 730 3264 honorifice
742 3209 895 3281 perductus
908 3215 961 3267 est.
1014 3222 1078 3277 quae
1092 3205 1183 3261 filium
1197 3204 1313 3261 nomine
1326 3203 1495 3260 Herbertum
1509 3209 1538 3259 et
1548 3208 1606 3259 tres
1615 3203 1690 3259 illias
1700 3204 1727 3259 ei
1739 3221 1825 3276 pepe·

149 3300 186 3352 At
199 3297 246 3352 ille
261 3314 319 3353 non
339 3298 433 3355 minus
447 3300 593 3373 obstupuit
610 3302 640 3357 in
660 3306 720 3357 tam
734 3302 828 3359 subita
842 3319 960 3375 promo·
1013 3299 1060 3355 rit.
1080 3301 1142 3354 Una
1160 3314 1258 3354 earum
1277 3297 1342 3353 data
1358 3300 1401 3354 est
1417 3297 1515 3353 azsoni
1536 3296 1677 3353 marchiso
1689 3297 1823 3369 Liguria.

149 3389 226 3446 tione
239 3391 275 3446 ad
287 3392 483 3463 presulatum,
500 3409 588 3466 quam
605 3394 693 3449 llavid
709 3395 868 3467 reprobatis
883 3398 960 3451 asa·
1012 3391 1204 3447 Alianomiue
1220 3389 1373 3461 llargarita
1386 3389 1530 3445 liudberto
1544 3389 1603 3444 illio
1614 3390 1758 3446 cuillelmi
1771 3390 1824 3446 du·

149 3484 245 3539 muele
260 3484 462 3557 primogenitis
475 3486 611 3543 fratribus
621 3487 650 3543 in
662 3487 843 3560 provectione
854 3488 889 3544 ad
898 3504 962 3560 reg·
1012 3484 1052 3541 cis
1070 3483 1208 3541 neustrie
1230 3483 1401 3556 desponsata
1420 3487 1485 3538 est:
1506 3499 1571 3554 quae
1589 3483 1669 3556 virgo
1687 3483 1717 3538 iu
1737 3485 1825 3540 tutela

148 3592 229 3632 nuru.
255 3577 301 3633 Sic
324 3579 438 3635 Hoellus
463 3580 715 3637 cenomannorum
741 3581 847 3654 praesul
872 3582 962 3637 lactus
1013 3577 1144 3649 ejusdem
1156 3575 1236 3633 ducis
1249 3576 1386 3632 defuncta
1399 3580 1451 3632 est.
1462 3576 1556 3632 'tertia
1567 3592 1635 3632 vero
1646 3577 1762 3647 ioanni,
1776 3576 1824 3632 do·

148 3672 199 3739 est,
223 3677 251 3727 et
278 3672 433 3744 pontificali
453 3676 601 3731 stemmate
622 3690 675 3747 per
695 3692 730 3729 xv
755 3691 847 3731 annos
866 3679 962 3732 sancte
1012 3670 1092 3726 mino
1104 3668 1186 3726 castri
1199 3669 1416 3742 quodlllecchia
1428 3668 1542 3740 dicitur,
1557 3669 1668 3741 nupsit;
1680 3685 1748 3741 qum
1760 3686 1823 3726 ma·

146 3764 314 3837 perfunctus
330 3770 380 3824 cst.
401 3767 597 3840 Episcopalem
610 3768 769 3837 basilicam,
784 3769 814 3823 in
828 3785 885 3841 qua
899 3783 960 3823 cor·
1012 3765 1067 3821 rito
1078 3780 1131 3819 suo
1146 3769 1203 3820 tres
1219 3762 1335 3832 liberos,
1351 3762 1545 3833 Goisbertum,
1563 3762 1674 3819 ltaliam
1687 3767 1717 3820 et
1729 3763 1825 3820 Enoch

147 3873 201 3928 pus
223 3858 313 3914 sancti
334 3858 436 3915 tuliani
458 3860 633 3928 contessoris,
654 3860 741 3932 primi
757 3863 960 3918 cenomanno·
1011 3857 1133 3930 peperit.

147 3967 212 4006 rum
234 3951 363 4022 praesulis
377 3951 542 4023 requiescit,
563 3955 593 4006 et
606 3952 660 4007 alia
677 3953 752 4009 bena
767 3968 851 4024 opera
866 3954 959 4009 Eccle·
1047 3951 1185 4007 Defuncto
1196 3947 1344 4005 coisfredo
1356 3949 1482 4005 llartcllu
1494 3947 1650 4006 fortissimo
1662 3950 1827 4023 :indagaro-

147 4044 196 4098 siue
209 4043 260 4098 Dei
276 4043 437 4100 necessaria
452 4044 578 4099 condere
596 4045 691 4116 coepit,
707 4048 736 4099 et
754 4061 806 4116 pru
824 4046 961 4118 temporis
1011 4060 1079 4100 rum
1102 4043 1217 4111 comite,
1239 4044 1435 4098 successerunt
1460 4059 1494 4097 ex
1513 4058 1609 4098 sorore
1632 4043 1691 4100 duo
1708 4049 1826 4116 nepotes

147 4135 358 4206 opportunitate
374 4153 439 4208 quae
459 4142 550 4208 caepta
572 4140 655 4192 eraut
676 4137 814 4210 perticere
838 4139 959 4194 studuit.
1011 4138 1072 4209 ejus
1089 4136 1140 4192 lilii
1155 4135 1278 4192 alberici
1296 4135 1409 4191 comitis
1427 4134 1662 4204 wastinensium,
1682 4152 1698 4191 e
1722 4136 1826 4209 quibus

147 4230 207 4293 Quo
220 4228 365 4297 defuncto,
380 4229 512 4302 egregius
522 4230 695 4286 versificator
709 4231 889 4287 Hildebertus
901 4249 962 4288 suc·
1011 4229 1183 4297 Goisfredus,
1201 4229 1251 4301 qui
1264 4228 1384 4301 simplex
1401 4230 1430 4285 et
1446 4228 1597 4285 tractabilis
1613 4229 1741 4285 moribus
1753 4236 1824 4301 erat,

64 4378 71 4391 ‚
147 4321 239 4390 cessit,
265 4327 292 4377 et
313 4321 373 4377 tere
396 4339 450 4379 xxx
469 4323 550 4378 annis
572 4323 757 4395 presulatum
780 4324 961 4381 laudabiliter
1007 4324 1074 4396 jure
1090 4322 1277 4396 primogeniti
1291 4321 1416 4378 obtinuit
1435 4321 1637 4395 principatum.
1656 4322 1826 4380 Guillulmus

147 4414 249 4473 tenuit.
265 4415 412 4472 Basilicam
429 4432 494 4472 vero
508 4404 652 4488 episcopii,
667 4434 753 4490 quam
765 4412 999 4492 praedecessorl)
1010 4420 1106 4473 eutem
1128 4417 1356 4472 Normanuorum
1375 4414 1507 4488 princeps
1525 4418 1588 4488 post
1609 4420 1733 4472 mortem
1756 4417 1825 4473 ller-

148 4510 209 4581 ejus
221 4510 416 4580 inchoaverat,
431 4510 648 4579 consummavit,
663 4514 692 4566 et
707 4528 772 4567 cum
788 4511 898 4585 ingenti
912 4530 961 4585 po·
1010 4511 1084 4566 berti
1094 4510 1207 4582 juvenis
1219 4509 1418 4566 haereditatem
1431 4509 1493 4581 ejus
1505 4508 1641 4577 obtinuit,
1658 4513 1688 4566 et
1698 4508 1826 4568 cuisire·

146 4606 279 4675 polorum
305 4603 429 4677 tripudio
454 4608 625 4660 veneranter
649 4604 797 4661 dedicavit.
824 4604 876 4672 Qui
902 4623 961 4662 non
1011 4603 1503 4675 duscomestlodbertejurenicum
1516 4602 1720 4660 liliallerberti
1730 4606 1825 4660 toturn

147 4699 236 4753 multo
255 4702 329 4770 post,
351 4714 424 4754 anuo
445 4698 551 4755 scilicet
570 4698 606 4753 ab
628 4699 825 4754 lncarnatiune
846 4700 961 4757 Domini
1010 4699 1154 4756 honorem
1168 4698 1317 4768 concessit,
1331 4701 1362 4753 et
1379 4696 1541 4753 hominium
1557 4696 1742 4769 debitamque
1754 4698 1824 4754 flde-

148 4795 226 4859 trus,
245 4792 399 4848 indictione
421 4808 457 4860 1v,
477 4796 509 4847 nt
526 4780 702 4848 cislebhrtus
721 4793 894 4848 Turonensis
912 4810 960 4849 ar·
1010 4792 1123 4848 litatem
1135 4792 1170 4848 ab
1183 4792 1270 4849 illoiu
1284 4791 1437 4864 prasentia
1450 4790 1538 4864 patris
1550 4790 1627 4863 apud
1639 4791 1825 4848 eleuciouem

146 4885 344 4956 clriepiscopus
360 4901 426 4940 cum
441 4884 558 4941 Callisto
573 4885 593 4939 ll
610 4900 683 4956 papa
702 4885 799 4940 Romae
814 4885 894 4954 obiit,
909 4886 961 4942 suh
1010 4885 1126 4959 recepit.
1142 4887 1203 4942 Nou
1216 4886 1306 4940 multo
1326 4890 1391 4957 post
1406 4885 1500 4952 Fulce,
1516 4887 1706 4956 cognomenta
1727 4884 1825 4942 llichi-

145 4978 268 5033 Honorio
294 4994 382 5049 papa,
409 4977 658 5050 metropolitanam
688 4978 786 5034 sedem
814 4979 961 5036 Turonicae
1011 4997 1074 5049 nus,
1088 4985 1185 5036 contra
1197 4976 1825 5051 coislredumiratrcmdominumquesuum

148 5069 236 5138 urbis,
258 5074 357 5126 sancta
379 5072 504 5127 Ecclesia
527 5071 659 5143 precibus
681 5076 710 5126 et
725 5071 812 5143 jussis
830 5076 960 5145 cogente,
1010 5073 1168 5145 rebellavit,
1183 5089 1307 5146 eumque
1324 5089 1378 5145 per
1392 5072 1588 5146 proditionem
1605 5071 1691 5144 cepit,
1711 5076 1743 5127 et
1761 5072 1825 5146 plus

147 5163 285 5231 ascendit,
303 5164 397 5236 ibique
416 5164 605 5221 laudabilibus
624 5165 723 5221 studiis
741 5171 769 5222 et
783 5166 895 5222 actibus
908 5168 959 5224 ad·
1011 5184 1099 5240 quam
1121 5184 1177 5223 xxx
1196 5168 1277 5223 anuis
1299 5166 1329 5222 iu
1350 5183 1464 5223 carcere
1482 5165 1619 5222 chinonis
1637 5165 1720 5221 castri
1744 5168 1824 5222 clau·

146 5253 203 5309 huc
216 5251 330 5308 insistit·
1010 5278 1074 5317 sum
1087 5261 1189 5318 tenuit.
1205 5264 1236 5317 ln
1251 5264 1329 5317 unta
1341 5259 1553 5333 permutatione
1562 5275 1609 5315 res
1623 5259 1781 5315 mundanae
1793 5259 1825 5315 in

145 5359 237 5415 llVlll.
251 5357 398 5416 llertertus
417 5357 650 5415 cruomunnorum
666 5376 760 5417 cumn.
774 5360 961 5419 cenomannia
1010 5355 1209 5428 Andagarcasi
1222 5355 1366 5428 pruvincia
1380 5360 1409 5411 et
1426 5353 1457 5410 iu
1476 5352 1609 5410 confiniis
1625 5351 1689 5424 ejus
1702 5352 1826 5409 turbate

463 5439 646 5496 turbamenta.
1011 5453 1088 5519 sunt,
1108 5454 1137 5505 et
1154 5464 1290 5522 proceres
1309 5449 1412 5523 patria
1433 5447 1469 5504 ad
1488 5447 1600 5504 divana
1620 5444 1717 5503 studia
1739 5452 1827 5519 prout

181 5541 349 5602 Sicutmare
363 5547 705 5619 nunquamtutumcerta
715 5545 855 5604 soliditate
868 5545 962 5620 quies·
1010 5559 1156 5618 quemque
1192 5541 1309 5616 propria
1346 5542 1477 5599 voluutas
1511 5539 1658 5615 agitabat,
1695 5541 1827 5597 murensi

145 5637 195 5707 cit,
211 5638 260 5695 scd
282 5637 479 5712 inquietudine
496 5638 560 5713 jugi
575 5639 723 5697 turbatum
744 5656 824 5697 mure
838 5656 889 5696 suo
908 5640 960 5696 de·
1010 5640 1084 5696 suut.

20 5812 56 5825 ,-
145 5732 218 5803 fluit,
233 5737 262 5791 et
281 5734 411 5809 quamvis
430 5733 586 5823 aliquando
607 5735 796 5812 tranquillum
813 5732 961 5795 obtutibus
1047 5732 1170 5793 Falcone
1186 5731 1309 5793 ηἱωίωιι
1329 5736 1430 5792 mesto
1449 5731 1526 5807 quod
1548 5728 1707 5793 namma
1727 5728 1824 5791 coao-
