3750 6046
128 158 197 223 itti
812 162 948 221 anniani
968 163 1000 219 lV
1020 163 1115 219 PAPAE
1763 158 1822 215 itit

128 288 198 345 ordo
214 287 396 351 monasticus,
412 287 460 359 qui
476 286 632 342 secuudum
653 286 741 343 beum
758 290 787 342 et
806 289 878 343 lieati
892 290 941 344 lie·
951 298 979 370 Α
992 285 1091 351 uiridis,
1112 290 1264 357 praestante
1284 285 1415 354 Domino,
1439 285 1550 359 poterit
1571 281 1720 356 adipisci,
1745 282 1822 341 llrun

128 383 232 437 nedicti
253 384 392 447 Regulam
406 383 434 436 iu
448 382 548 436 eodem
567 384 628 437 loeo
648 383 941 450 noscituriustitutus,
994 380 1073 433 robis
1095 380 1250 451 rostrisque
1269 380 1487 447 successoribus,
1513 383 1548 435 et
1569 379 1694 435 illibata
1719 394 1824 450 penna·

129 476 274 548 perpetuis
294 475 398 529 ibidem
418 477 594 547 temporibus
617 476 814 532 inviolabiliter
832 492 943 531 conser—
993 478 1089 528 aeaut.
1105 476 1133 528 lu
1148 473 1251 545 quibus
1263 473 1324 528 inec
1338 473 1460 546 propriis
1474 474 1616 529 duximus
1634 472 1823 544 exprimenda

129 574 221 625 vetur.
239 571 379 624 Praeterea
399 585 582 641 quascunque
599 571 797 640 possessiones,
812 587 945 642 quincun-
993 567 1157 621 vocabulis:

130 682 186 739 quc
200 664 273 719 bono
286 663 362 719 idem
378 663 582 718 monasterium
597 663 626 718 in
642 664 857 735 presentiarum
867 667 943 735 juste
1030 661 1181 715 Ecclesiam
1202 662 1310 717 sinete
1331 661 1428 716 Crucis
1447 665 1477 717 et
1494 661 1597 717 Sancti
1623 660 1743 716 Nazarii
1766 677 1823 717 cum

130 766 158 816 et
176 757 310 813 carronice
335 758 459 829 possidet
484 761 531 812 aul
556 758 585 812 in
610 758 738 813 futurum
762 759 944 814 concessione
993 755 1219 826 possessionibus
1234 755 1304 823 suis;
1327 756 1474 811 ecclesiam
1495 755 1596 811 Sancti
1625 755 1779 809 laurentii
1799 756 1823 810 iu

130 850 309 921 pontilicum,
324 847 475 918 largitione
492 864 592 917 regum
613 848 654 901 vei
676 848 846 918 principum,
865 848 942 902 obla·
993 848 1138 904 Pannonia
1158 854 1187 902 et
1208 847 1304 903 Sancti
1321 850 1435 904 ioairrris
1458 850 1487 905 in
1507 848 1654 915 consule;
1680 849 1820 905 ecclesiam

130 942 208 997 lione
227 942 352 996 iidelium
368 958 416 995 seu
436 938 589 1011 aliisjuslis
608 941 708 1003 modis,
731 942 787 995 lieo
809 942 942 1012 propitio,
993 943 1103 998 Sanctae
1121 943 1213 997 ilariae
1232 942 1262 996 iu
1283 942 1364 998 vinea
1382 944 1497 998 Taliata.
1515 944 1549 997 iu
1572 943 1755 1014 episcopatu
1777 944 1821 998 ia·

131 1037 234 1109 poterit
255 1035 382 1105 adipisci,
399 1035 480 1089 lirina
500 1034 579 1089 robis
600 1036 755 1105 vestrisque
777 1036 943 1089 successuri·
993 1036 1118 1103 reatino,
1144 1036 1290 1091 ecelesiam
1314 1037 1408 1092 Sancti
1430 1038 1550 1092 loannis
1573 1037 1608 1091 in
1638 1038 1742 1092 ilonco
1766 1054 1820 1093 cuu

130 1130 183 1185 bus
196 1135 224 1184 et
237 1128 344 1183 illibata
361 1134 562 1200 permaneant3
583 1129 758 1199 sepulturam
777 1144 890 1200 quoque
905 1128 946 1201 ip·
994 1129 1220 1202 possessionibus
1239 1130 1475 1197 suis;ecclcsiam
1498 1130 1602 1186 Sancti
1624 1131 1821 1186 Laurentiiiu
1863 1162 1865 1171 ·

131 1224 189 1279 sius
208 1224 261 1279 loci
283 1223 400 1277 liberam
422 1238 482 1276 esse
502 1221 690 1291 decernimus,
712 1225 742 1276 ul
763 1239 873 1289 curtim,
895 1224 944 1294 qui
993 1223 1154 1295 auriclania
1168 1240 1235 1278 cum
1251 1224 1474 1295 possessionibus
1489 1225 1562 1294 suis,
1579 1228 1614 1279 et
1632 1240 1705 1279 cum
1723 1225 1820 1279 eisdem
1863 1228 1865 1235 '

130 1335 161 1374 sc
176 1318 232 1373 iilic
245 1316 359 1388 sepeliri
374 1315 601 1381 deliberaverint,
613 1315 757 1371 devotioni
770 1320 798 1371 ei
811 1320 944 1371 extremm
994 1316 1076 1383 villis,
1098 1317 1227 1371 homiues
1240 1319 1269 1370 et
1283 1316 1454 1373 dominicata
1472 1322 1579 1387 vestra,
1604 1317 1782 1373 molendina
1798 1326 1820 1373 et
1863 1380 1865 1411 Ι

130 1411 283 1479 voluntati,
308 1409 361 1464 uisi
382 1410 455 1464 loric
476 1409 715 1463 excommunicati
736 1410 780 1463 rel
802 1408 944 1464 interdicti
994 1411 1133 1481 quidquid
1154 1410 1264 1465 bebetis
1287 1410 1316 1464 iu
1335 1411 1460 1466 Taurise.
1482 1411 1640 1483 Hospitale
1666 1411 1765 1467 Sancti
1782 1414 1819 1467 ta·

130 1506 196 1572 sint,
214 1504 309 1559 nulius
331 1503 458 1569 obsistat,
473 1503 550 1557 salva
572 1507 668 1557 buren
687 1503 797 1574 justitia
821 1504 945 1558 matricis
994 1504 1058 1558 cobi
1078 1505 1113 1559 dc
1137 1506 1255 1559 Cerussa
1280 1520 1345 1559 cum
1364 1504 1480 1559 ecclesia
1494 1511 1525 1561 et
1546 1505 1742 1576 possessione
1763 1523 1819 1575 sui,

129 1598 270 1657 Ecclesiae.
285 1597 327 1652 dd
347 1597 481 1651 iudiciuin
503 1600 599 1650 autem
620 1595 705 1667 liujus
719 1597 817 1650 assde
831 1601 943 1667 aposto·
996 1596 1135 1667 quidquid
1149 1597 1262 1653 habetis
1275 1597 1305 1653 in
1315 1597 1435 1653 ccclesia
1447 1600 1562 1654 Sanctae
1574 1599 1683 1655 narie
1692 1600 1723 1654 iu
1735 1601 1819 1669 Prata:

129 1693 185 1747 tica
199 1692 321 1747 concessi
337 1690 470 1761 precepti
482 1690 666 1760 protectionis
679 1690 835 1744 bizantium
854 1706 944 1744 uuum
956 1670 983 1742 Β
995 1691 1188 1745 touiurcuturn
1211 1692 1286 1762 quod
1311 1690 1424 1746 habetis
1444 1692 1474 1746 in
1496 1693 1612 1763 Gauio,
1638 1694 1766 1760 Fussala,
1787 1695 1820 1747 i'i-

129 1786 212 1841 nobis
233 1784 395 1854 nostrisque
416 1783 625 1837 successoribus
643 1783 725 1838 aunis
745 1784 863 1853 siugulis
878 1800 943 1855 per·
995 1784 1102 1855 gazolo,
1119 1785 1214 1852 l'lexu,
1232 1784 1383 1840 badarzolo
1397 1789 1426 1840 ci
1441 1787 1601 1842 Biancana.
1619 1787 1772 1859 Quidquid
1781 1789 1821 1843 ba·

131 1879 254 1935 solvetis.
994 1877 1065 1932 betis
1080 1878 1109 1933 in
1125 1879 1243 1933 ecelesia
1261 1878 1355 1935 Sancti
1377 1880 1452 1935 Petri
1475 1886 1503 1934 et
1529 1880 1636 1936 Sancti
1663 1881 1820 1949 sursum,

167 1972 429 2042 lleceruimusergo
439 1975 471 2026 ut
481 1971 551 2025 ririlli
562 1971 678 2026 omniuo
689 1971 841 2027 bominum
854 1971 943 2039 liceat,
995 1971 1138 2035 homiues,
1162 1973 1371 2042 molendinum,
1397 1979 1425 2029 et
1446 1972 1646 2043 dominicata,
1675 1992 1743 2047 quie
1766 1984 1822 2031 suut

128 2067 279 2139 puleiatum
313 2064 519 2121 monasterium
546 2068 654 2119 temere
684 2065 868 2136 perturbare,
897 2073 946 2121 aut
995 2065 1087 2136 posita
1102 2066 1131 2120 in
1144 2066 1289 2133 albereto,
1301 2082 1335 2122 ex
1347 2072 1469 2139 utraque
1481 2071 1567 2140 parte
1585 2069 1736 2125 iiumiurs.
1746 2069 1821 2135 Quid·

131 2161 331 2233 aqueductum
347 2160 382 2214 ab
396 2159 497 2214 abbate
511 2159 546 2213 de
560 2159 641 2214 l¹rule
655 2158 734 2213 robis
745 2159 817 2230 juste
832 2176 946 2215 conces·
995 2159 1065 2229 quid
1081 2159 1192 2214 habetis
1216 2161 1246 2215 iu
1272 2164 1352 2215 curta
1375 2161 1469 2216 Sancti
1491 2162 1607 2228 Basilii,
1627 2171 1660 2218 et
1681 2164 1820 2219 ecclesiam

131 2271 206 2322 surii,
222 2272 271 2310 seu
293 2261 411 2308 caeteras
430 2253 623 2325 possessiones
642 2253 752 2307 auferre
775 2253 818 2307 vel
839 2254 946 2308 ablatas
995 2253 1089 2308 Sancti
1117 2253 1209 2319 Petri,
1238 2253 1267 2308 iu
1294 2255 1464 2322 Ponticello,
1492 2272 1563 2310 cum
1596 2258 1822 2328 possessionibus

130 2349 266 2417 retinere,
287 2347 418 2401 minuere
436 2349 486 2399 aui
505 2345 648 2417 aliquibus
667 2345 861 2400 vexationibus
881 2347 945 2400 lati·
996 2345 1068 2414 suis;
1087 2347 1215 2401 homiues
1235 2352 1264 2402 et
1287 2347 1461 2403 dominicata
1487 2364 1556 2419 quae
1585 2354 1663 2405 sunt
1688 2353 1778 2423 posita
1798 2355 1821 2407 in

132 2458 215 2514 gare;
229 2440 324 2495 omnia
340 2439 452 2510 integra
465 2443 668 2495 conserventur
683 2455 794 2506 eorum,
811 2456 861 2509 pro
878 2456 947 2511 quo·
996 2439 1149 2496 Ponticello
1168 2444 1197 2495 et
1216 2440 1364 2495 abruliam
1384 2457 1449 2497 cum
1471 2443 1531 2497 suis
1550 2443 1669 2499 fundis.
1686 2445 1822 2516 Quidquid

130 2550 196 2591 rum
218 2534 427 2606 gubernatione
448 2539 476 2587 et
496 2532 699 2588 sustentatione
718 2548 849 2587 couccssa
868 2537 945 2601 sunt,
996 2533 1107 2588 habetis
1118 2534 1146 2588 in
1157 2534 1271 2589 civitate
1284 2534 1429 2601 Faventia,
1442 2539 1537 2589 lotum
1548 2536 1688 2592 fundum
1702 2539 1819 2594 l'isiliaui

131 2628 229 2683 usibus
253 2627 417 2682 omnimode
444 2626 604 2698 protutura,
631 2626 708 2680 salva
736 2626 946 2697 llatispoueusis
997 2630 1025 2683 et
1039 2626 1161 2695 Cerreti3
1181 2632 1290 2683 curtem
1306 2628 1423 2684 aviliani
1438 2645 1506 2684 cum
1523 2631 1674 2687 omuibus
1687 2635 1820 2704 pertinea-

131 2721 254 2795 episcopi
270 2721 407 2776 canonica
419 2720 540 2790 justitia.
996 2720 1044 2775 tiis
1057 2720 1129 2788 suis;
1143 2727 1173 2776 et
1185 2737 1250 2792 quae
1264 2725 1331 2776 suut
1344 2721 1434 2793 posita
1449 2722 1479 2777 ia
1493 2729 1629 2795 utraque
1646 2732 1730 2797 parte
1742 2727 1823 2782 iluui·

167 2816 196 2872 Si
212 2833 269 2888 qua
283 2815 380 2887 igitur,
392 2820 446 2869 etc.
998 2813 1055 2881 uis;
1073 2813 1225 2869 ecclesiam
1238 2815 1331 2871 Sancti
1345 2815 1420 2871 Petri
1433 2815 1463 2871 iu
1476 2817 1624 2874 casaliclo
1644 2836 1713 2875 cnm
1729 2836 1822 2893 posses

166 2911 225 2981 Ego
239 2908 378 2965 Adrianus
390 2906 537 2962 catholicis
552 2906 682 2962 Ecclesia
695 2906 856 2979 episcopus.
998 2906 1124 2962 sionibus
1151 2909 1217 2976 suis,
1234 2924 1297 2979 quae
1320 2915 1362 2965 est
1383 2909 1415 2963 in
1439 2911 1618 2983 episcopatu
1643 2916 1819 2971 Cornelieusi.

170 3004 268 3057 iteiruic
280 3004 401 3072 sequitur
412 3003 571 3072 subscriptio
583 3003 702 3070 quinque
714 3002 908 3055 erudientium.
958 3040 986 3114 G
998 3000 1139 3072 Quidquid
1153 3001 1263 3056 bebetis
1274 3002 1302 3056 iu
1314 3002 1451 3058 comitatu
1466 3004 1563 3059 Canii.
1576 3005 1733 3080 Quidquid
1746 3008 1819 3063 babe-

167 3099 269 3151 batum
297 3095 427 3149 Laterani
455 3112 507 3166 per
533 3111 650 3149 manum
678 3093 814 3161 iioiaudi,
843 3101 949 3151 sanctie
1002 3095 1036 3149 tis
1060 3096 1089 3149 iu
1115 3095 1249 3150 corniano
1276 3097 1380 3167 Baguae
1408 3098 1526 3167 caballi;
1554 3100 1718 3157 ecclesiam
1741 3103 1820 3159 Sancti

133 3193 269 3248 numme
284 3187 413 3243 Ecclesiae
435 3188 590 3259 presbyteri
611 3187 761 3243 cardinalis
784 3194 812 3242 et
837 3190 948 3243 cericei·
999 3188 1122 3245 Cervasii
1135 3195 1164 3244 et
1176 3191 1296 3245 Protesii
1309 3207 1374 3246 cum
1391 3192 1631 3261 possessionibus
1644 3197 1718 3251 suis.
1734 3200 1763 3252 ln
1775 3197 1820 3267 epi-

133 3284 198 3340 larii
213 3282 389 3340 xrrliaieud.
404 3282 517 3354 Aprilis,
532 3281 726 3349 indictiones,
746 3281 950 3337 iucarnationis
1000 3287 1115 3353 scopata
1137 3284 1310 3339 Burronieusi
1334 3285 1481 3340 ecclesiam
1502 3285 1610 3343 Sancti
1634 3290 1781 3345 Lairreutii
1797 3291 1820 3343 iu

134 3375 288 3435 Dominicis
319 3392 395 3431 aurio
426 3378 508 3444 il'e'lt,
541 3374 722 3446 pontificatus
754 3392 819 3430 reru
851 3375 951 3430 donini
999 3376 1108 3433 Galeria
1128 3394 1192 3432 cum
1217 3378 1450 3448 possessionibus.
1470 3381 1501 3433 iu
1526 3380 1710 3455 episcopatu
1734 3385 1820 3438 Ferra-

134 3470 253 3528 Adriani
270 3487 350 3544 papa
364 3471 406 3538 lV,
422 3486 496 3524 auno
511 3469 603 3524 tertio.
1001 3469 1088 3525 riensi
1105 3470 1250 3526 ecclesiam
1271 3471 1367 3527 Sancti
1393 3471 1487 3527 vitalis
1509 3490 1577 3529 cum
1603 3478 1822 3547 possessionibus

314 3565 457 3621 Ptumbum
473 3582 482 3618 ε
495 3564 638 3619 Adrianus
650 3564 702 3619 i'P.
718 3566 767 3619 ii⁷.
1002 3563 1073 3632 suis;
1087 3566 1196 3618 curtem
1210 3565 1307 3620 Sancti
1316 3565 1460 3621 Laurentii
1472 3567 1503 3621 iu
1516 3567 1649 3625 Scornio
1659 3588 1728 3626 cum
1741 3572 1821 3627 omui·

489 3669 598 3724 Ci'ill'i.
1002 3657 1055 3711 bus
1070 3657 1297 3726 possessionibus
1315 3659 1389 3728 suis;
1406 3676 1470 3731 quae
1487 3662 1592 3716 omnia
1611 3670 1684 3719 sunt
1700 3665 1822 3736 positaiu

135 3765 295 3822 dionostnii
308 3764 338 3819 S.
357 3764 457 3820 i'itolis
476 3766 641 3818 Ravennatis
659 3765 849 3832 protectionem
866 3766 951 3818 susci·
1003 3751 1146 3806 ῐθῑῪίῑθΓίθ
1169 3751 1342 3807 ferrariensi
1357 3756 1387 3808 θῑ
1400 3753 1588 3811 Adfifflesssi·
1612 3756 1762 3831 Quidquid
1781 3759 1822 3813 ht·

365 3845 409 3914 pit
431 3844 552 3912 terrorque
570 3846 719 3911 corifirmet.
1001 3843 1074 3899 hatis
1087 3844 1117 3898 iu
1135 3845 1247 3900 civitate
1267 3849 1418 3916 Argentea,
1438 3847 1534 3913 terris,
1556 3851 1660 3920 aquis,
1685 3853 1824 3923 paludibus

393 3935 543 4007 (laterani,
558 3935 646 4006 April.
660 3939 698 4005 ii.)
1003 3944 1032 3991 et
1043 3936 1243 4008 piscationibus
1254 3955 1289 3993 ex
1301 3946 1420 4010 utraque
1431 3945 1514 4011 parte
1525 3941 1610 3997 Padi.
1625 3945 1658 4000 lu
1670 3946 1824 4017 episcopatu

272 4030 444 4101 intucamur,
460 4028 567 4083 Butler.
581 4028 685 4092 Ciuile,
699 4030 732 4096 ii,
748 4030 819 4102 ilbi
1003 4031 1156 4100 Cerrieusi‚
1173 4031 1313 4103 quidquid
1327 4032 1445 4099 bebetis,
1462 4040 1521 4088 tam
1536 4034 1568 4089 iu
1584 4038 1694 4093 salinis
1708 4056 1791 4111 quara
1803 4041 1825 4094 iu

174 4126 311 4179 ttriuraucs
330 4122 488 4193 episcopus,
508 4137 606 4176 serras
624 4138 768 4177 serrorum
786 4124 845 4194 liei,
868 4124 952 4179 diiec·
1004 4120 1140 4188 aedificiis,
1162 4121 1312 4176 ecclesiam
1330 4122 1424 4177 Sancti
1441 4122 1590 4179 Theodori
1612 4142 1686 4183 cum
1705 4129 1826 4184 omuibus

139 4218 173 4273 lis
196 4216 260 4272 liliis
284 4221 417 4274 dmsuico
435 4215 530 4271 abbati
554 4215 716 4271 monasterii
737 4217 832 4273 Sancti
857 4218 954 4272 l'italis
1003 4213 1224 4286 possessionibus
1243 4215 1310 4283 suis,
1324 4221 1381 4270 tam
1399 4215 1429 4270 in
1450 4216 1546 4284 terris,
1560 4235 1659 4290 quam
1673 4222 1714 4290 ‚in
1739 4223 1825 4283 eineis,

138 4310 333 4378 ilareuuatis,
359 4310 477 4381 ejusque
504 4309 655 4376 frutribus,
681 4312 739 4364 tam
765 4311 954 4382 presentibus
1004 4308 1078 4363 sitris
1092 4313 1120 4363 et
1133 4307 1300 4381 paludibus;
1314 4325 1378 4381 quae
1392 4310 1489 4364 omnia
1511 4316 1584 4366 suut
1603 4315 1707 4387 posita
1726 4318 1756 4372 in
1777 4318 1826 4388 epi·

139 4421 227 4479 quum
240 4404 342 4460 futuris
359 4404 522 4475 regularem
541 4402 627 4457 vitam
648 4403 789 4475 protessis,
809 4404 838 4459 iu
856 4406 1123 4483 perpe-Dscopatu
1143 4402 1299 4471 Ceiuieusi,
1315 4409 1344 4457 et
1365 4404 1394 4457 iu
1410 4403 1579 4476 episcopatu
1600 4410 1740 4467 Ceseua.
1755 4410 1828 4477 Quil-

141 4503 234 4555 tuuru.
1005 4496 1073 4566 quid
1093 4495 1206 4551 bebetis
1221 4495 1251 4550 in
1271 4502 1352 4551 curte
1372 4497 1475 4552 Saliam
1496 4504 1527 4555 et
1542 4499 1575 4555 in
1600 4503 1776 4576 episcopatu
1788 4508 1830 4563 [a-

177 4594 350 4666 ileligiosom
363 4592 450 4647 ritum
469 4590 651 4662 eligentibus,
670 4591 790 4647 sollicita
806 4608 856 4647 uos
874 4608 957 4664 opor·
1006 4605 1093 4644 sense.
1114 4590 1145 4645 lu
1161 4590 1325 4661 episcopatu
1346 4590 1522 4647 Ariminensi
1547 4596 1714 4655 ecclesiam
1734 4600 1832 4657 Sancte

141 4692 181 4745 tet
193 4686 420 4744 consideratione
442 4685 612 4757 prospicere,
635 4700 670 4740 ue
692 4684 812 4756 alicujus
831 4686 955 4741 necessi·
1005 4683 1100 4739 liuciae
1110 4682 1138 4737 in
1150 4684 1284 4739 Gauriuiu
1295 4701 1361 4739 curu
1374 4684 1508 4740 omuibus
1520 4690 1765 4757 possessionibus
1775 4711 1833 4759 suis,

141 4782 206 4838 tatis
221 4781 342 4843 occasio,
357 4785 407 4835 aut
419 4795 466 4834 eos
480 4777 591 4834 desides
601 4778 694 4847 iaciat,
708 4784 767 4845 aut,
778 4779 854 4850 quod
867 4779 955 4835 absitl
1007 4776 1092 4844 silvis,
1105 4777 1175 4848 ripis
1186 4781 1215 4832 et
1229 4778 1389 4845 montibus;
1403 4778 1543 4850 quidquid
1557 4780 1683 4840 hahetis
1697 4788 1730 4843 in
1742 4788 1836 4844 eodem

141 4877 229 4933 robur
254 4891 340 4930 sacra
367 4873 592 4929 correersationis
616 4872 762 4945 infringat.
788 4876 956 4946 Eaproptar,
1007 4872 1170 4943 episcopatu
1186 4872 1214 4927 in
1230 4871 1315 4943 plebe
1333 4872 1427 4928 Sancti
1447 4874 1632 4946 archangeli
1658 4884 1692 4935 et
1712 4882 1744 4937 iu
1764 4883 1836 4955 plebe

142 4970 238 5027 dilecti
252 4970 280 5025 in
296 4969 418 5025 bonriuo
433 4967 492 5035 lilii,
509 4967 609 5021 restris
619 4967 702 5037 justis
721 4967 958 5039 postulationibus
1008 4965 1104 5020 Sancti
1119 4965 1182 5021 i'iti.
1198 4965 1328 5021 Castrum
1338 4965 1509 5037 liariguaui,
1524 4982 1597 5024 cum
1612 4974 1742 5030 ecclesia
1755 4975 1837 5033 Sancti

143 5066 303 5121 clementer
318 5062 472 5119 annuimus
486 5063 514 5115 et
527 5060 680 5133 praelatum
697 5062 913 5129 monasterium,
929 5062 959 5118 in
1007 5058 1122 5113 ioannis
1138 5064 1167 5114 ct
1181 5076 1247 5113 curu
1261 5059 1394 5115 omnibus
1407 5059 1599 5130 pertinentiis
1611 5066 1688 5122 suis.
1700 5068 1840 5141 Quidquid

143 5170 201 5226 quo
213 5152 310 5207 diriuo
325 5152 478 5223 irraucipati
491 5150 556 5205 estis
570 5149 717 5221 obsequio,
731 5150 783 5206 sub
798 5150 872 5207 beati
884 5151 959 5208 Petri
1009 5152 1120 5208 habetis
1132 5153 1163 5207 iu
1178 5154 1340 5225 episcopatu
1358 5154 1577 5225 Seuugallieusi,
1593 5163 1660 5216 tam
1681 5162 1717 5217 in
1737 5164 1841 5219 cit-ime

144 5248 174 5301 et
185 5250 284 5302 nostra
296 5246 475 5319 protectione
489 5243 656 5316 suscipimus
666 5250 695 5299 et
705 5245 853 5315 praesentis
863 5245 959 5318 scripti
1010 5263 1097 5320 quam
1109 5247 1194 5318 juxta
1205 5246 1349 5303 civitatem
1365 5250 1391 5304 el
1407 5250 1499 5303 extra

143 5339 296 5413 privilegio
309 5338 530 5395 commuuimus.
549 5338 712 5394 Statucntcs
727 5345 758 5394 ut
775 5355 959 5411 quascunque
1045 5340 1232 5396 Decernimus
1250 5358 1329 5413 ergo,
1346 5341 1423 5413 quod
1444 5340 1518 5397 nerlii
1539 5346 1672 5403 omnino
1692 5348 1843 5407 hominurn

143 5432 343 5507 possessiones,
362 5449 540 5506 qruccuuque
555 5431 633 5488 buna
651 5429 731 5489 idem
754 5434 960 5489 merresterium
1011 5434 1096 5491 liceat
1105 5434 1302 5506 supradictum
1311 5434 1522 5491 monasterinm
1530 5440 1652 5495 tamem
1659 5442 1843 5513 perturbere,

143 5527 174 5586 in
192 5526 411 5601 presentiarum
429 5527 508 5599 iuste
522 5529 552 5583 et
565 5526 700 5583 canonice
719 5526 855 5599 possidet,
869 5527 960 5583 autin
1010 5532 1060 5584 aut
1073 5528 1135 5601 ejus
1155 5528 1348 5600 possessiones
1370 5528 1494 5597 ardema,
1509 5528 1555 5587 val
1567 5530 1692 5591 ablatas
1712 5538 1843 5605 tanuen,

143 5623 277 5681 laturum
292 5618 474 5677 concessione
494 5620 674 5692 pontilicum,
693 5618 844 5693 largitione
860 5636 963 5693 regum
1011 5621 1152 5693 minuere,
1166 5638 1215 5677 seu
1229 5622 1402 5695 quibuslibet
1415 5621 1620 5681 cantionibus
1635 5626 1781 5703 nflgm,
1794 5628 1842 5687 seri

144 5717 189 5779 rei
208 5712 384 5795 principum,
404 5712 549 5775 oblatione
567 5713 707 5789 bdelium,
727 5730 778 5775 seu
798 5714 861 5773 aliis
876 5714 962 5795 J'ustis
1010 5715 1120 5777 illibata
1139 5716 1238 5775 omnia
1251 5717 1405 5797 clintegro
1424 5722 1842 5805 commemorassemus
