3750 6046
149 201 218 258 tuor
843 198 980 255 abnuunt
1000 199 1031 253 ΙΙΙ
1052 197 1147 254 t‘nrAE
1766 194 1831 249 l'o'tt

147 294 150 299 Ι
473 324 636 381 curatve.
974 337 1004 408 Α
1050 324 1108 393 Ego
1120 320 1250 375 astaldus
1264 318 1359 391 presb.
1376 318 1453 373 card.
1469 317 1513 372 tit.
1528 318 1557 373 S.
1574 316 1687 371 Prisca.

145 443 321 512 Prtottepium
337 456 388 512 pro
401 444 563 497 monitaterio
583 443 631 499 SS.
646 443 762 499 Nazarii
773 445 797 496 et
821 440 891 495 Celsi
908 443 961 497 Ve-
1049 417 1106 486 38⁰
1121 414 1254 469 Glffldus
1268 412 1361 484 9¹⁰⁵b·
1376 411 1453 466 card·
1470 411 1514 465 ιη·
1532 408 1798 514 ὃῦὓθξῑὲῑθρῂῦὓῑ·

499 524 617 577 senensi.
1047 512 1105 580 Ego
1120 506 1334 574 tlildebraudus,
1351 505 1445 578 presb.
1463 504 1541 559 card.
1555 504 1683 559 basilicos
1694 504 1742 559 ΙΙΙΙ
1758 507 1829 575 Apo·

404 638 557 708 (Laterani,
573 637 707 708 illabili.)
1013 603 1167 704 ⁸l⁰¹⁰r¹¹¹¹¹j
1444 693 1448 702 1
1706 691 1711 701 ¹

1047 696 1106 767 Ego
1118 695 1217 761 Gindo,
1232 694 1323 765 presb.
1338 693 1415 748 card.
1429 697 1472 747 tit.
1487 693 1513 747 S.
1528 694 1726 763 Chrysogoni.

319 749 789 825 [Ufflffi'rnalmwa'v’m‘l
1046 791 1105 860 Ego
1133 786 1300 856 Guilelmus,
1328 786 1422 858 presb.
1456 786 1533 840 card.
1562 785 1605 841 tit.
1636 786 1664 839 S.
1695 784 1776 839 Petri
1801 785 1833 838 ad

181 888 321 943 Annianus
340 886 499 956 episcopus,
521 900 618 939 servus
638 900 784 939 servornm
800 884 862 951 bei,
877 883 962 939 dilec·
1012 882 1138 937 Vincula.

148 981 184 1035 tis
207 979 271 1034 liliis
284 980 419 1035 ciream
440 978 534 1033 abbati
554 977 720 1032 monasterii
744 977 791 1033 SS.
806 977 914 1032 Nazarii
934 982 963 1033 et
1048 977 1105 1045 Ego
1128 974 1218 1042 Oddo,
1238 973 1372 1028 diaconus
1394 973 1469 1027 card.
1491 972 1519 1027 S.
1534 971 1650 1042 Georgii
1674 970 1714 1024 ad
1738 972 1832 1025 t'eliuu

148 1075 230 1140 Celsi,
243 1074 361 1144 ejusque
381 1072 513 1127 fratribus
536 1075 594 1126 tam
608 1071 795 1140 praesentibus
816 1087 901 1142 quam
922 1072 962 1126 lu·
1012 1072 1149 1123 Aureum.

149 1167 231 1233 turis,
247 1166 430 1221 monasticam
444 1166 531 1220 vitam
546 1165 679 1234 professis
693 1165 723 1218 in
737 1170 918 1235 perpetuum.
1048 1163 1106 1231 Ego
1121 1161 1295 1231 liudulphus,
1311 1159 1445 1214 dincouus
1458 1159 1535 1213 card.
1553 1159 1581 1214 S.
1598 1158 1707 1212 Luciae.

183 1261 309 1327 Quoties,
332 1262 385 1314 etc.
401 1259 629 1314 communimus.
645 1261 676 1313 ln
698 1258 799 1329 primis
819 1258 961 1333 siquidem
1047 1256 1106 1325 Ego
1136 1255 1244 1321 Petrus,
1268 1254 1341 1308 diac.
1366 1253 1442 1306 card.
1467 1254 1556 1306 sancti
1582 1250 1734 1306 Eustachii
1756 1252 1831 1322 juxta

149 1356 305 1409 statuentes
326 1357 357 1407 ut
371 1353 442 1408 ordo
464 1352 646 1418 monasticus,
661 1352 710 1423 qui
732 1351 891 1428 secundum
911 1351 962 1406 Dei
1013 1348 1154 1419 ternplum
1167 1347 1312 1418 Agrippae.

149 1446 265 1501 etbeati
286 1445 427 1501 Benedicti
444 1445 581 1514 Regulam
603 1444 632 1498 in
648 1445 708 1514 ipso
721 1443 895 1498 monasterio
916 1443 960 1497 in·
1047 1442 1106 1511 Ego
1129 1440 1323 1511 llaymundus,
1348 1439 1483 1494 diaconus
1508 1439 1664 1493 cardinalis
1688 1438 1720 1494 S.
1745 1438 1830 1493 llariae

148 1540 262 1595 stitutus
276 1555 336 1594 esse
350 1537 536 1610 dignoscitur,
549 1537 693 1608 perpetuis
706 1535 810 1591 bituris
825 1535 962 1607 tempori·
1010 1534 1041 1587 in
1056 1533 1104 1587 Via
1118 1534 1193 1587 late.

148 1632 201 1688 bus
213 1632 414 1687 inviolabiliter
426 1632 599 1686 observetur.
612 1631 764 1700 Propterea
778 1645 960 1700 quascunque
1048 1628 1150 1681 ilatum
1166 1628 1304 1695 Laterani,
1319 1643 1370 1697 per
1386 1643 1501 1680 marium
1516 1625 1641 1680 llolandi
1656 1631 1765 1680 sanctae
1780 1626 1830 1680 llo-

148 1726 349 1798 possessiones,
365 1740 542 1797 quaecunque
562 1724 638 1778 bona
653 1723 755 1778 cadem
771 1721 893 1777 Ecclesia
909 1701 999 1776 im-B
1012 1736 1103 1774 niente
1124 1720 1254 1774 Ecclesiae
1268 1719 1423 1792 presbyteri
1445 1719 1597 1773 cardinalis
1619 1722 1649 1773 et
1672 1719 1830 1773 cancellarii

147 1819 455 1890 praesentiarnmjuste
469 1821 498 1871 et
510 1817 645 1871 canonice
659 1816 794 1888 possidet,
809 1819 858 1869 aut
871 1815 901 1869 in
916 1816 960 1869 lu·
1012 1830 1058 1867 xiii
1090 1813 1228 1868 Kalendas
1259 1813 1346 1879 lunii,
1372 1813 1527 1868 indictione
1560 1829 1599 1878 vr,
1626 1812 1832 1866 incarnationis

148 1916 247 1967 turunr
261 1912 440 1966 concessione
454 1910 631 1981 pontificum,
641 1909 792 1980 largitione
806 1925 908 1979 regum
920 1910 961 1964 vel
1013 1906 1124 1960 Domini
1146 1922 1222 1961 anno
1252 1909 1330 1975 itta,
1351 1907 1535 1977 pentilicatus
1559 1922 1628 1960 rere
1663 1907 1697 1960 b.
1720 1906 1831 1960 Adriani

149 2005 323 2077 principum,
338 2003 480 2059 oblatione
502 2003 639 2069 fidelium,
654 2019 704 2057 seu
726 2002 788 2056 aliis
805 2001 888 2071 justis
903 2018 962 2057 mo·
1012 2015 1092 2070 papae
1105 2001 1149 2067 1v,
1165 2016 1239 2054 anno
1253 2016 1289 2054 ir.

149 2097 202 2165 dis,
215 2101 366 2168 praestante
378 2097 506 2162 Domino,
516 2096 619 2168 poterit
631 2095 759 2166 adipisci,
771 2094 856 2149 firma
870 2095 960 2161 vobis,
1325 2116 1502 2171 fflxppffl·

147 2191 305 2261 vestrisque
325 2190 531 2244 successoribus
548 2193 577 2244 et
595 2189 702 2243 illibata
717 2191 913 2259 permaneant.
930 2189 961 2242 ln

147 2284 249 2355 quibus
260 2284 318 2338 baec
328 2283 451 2355 propriis
465 2282 597 2337 duximus
607 2281 796 2353 exprimenda
805 2281 959 2337 vocabulis.

183 2376 333 2433 Ecclesiam
349 2377 375 2431 S.
391 2376 484 2432 llarioe
505 2376 539 2430 de
554 2375 713 2430 llarcellitis
735 2391 801 2429 cum
815 2373 960 2446 pertinen-

147 2470 205 2538 tiis,
217 2469 295 2525 salvo
312 2485 397 2524 censu
412 2469 495 2523 unius
506 2467 631 2534 bizantii,
643 2484 730 2538 quem
743 2467 863 2539 singulis
877 2467 959 2522 arinis

146 2562 312 2633 procedam
333 2562 449 2618 ecclesia
468 2561 560 2627 nobis,
574 2560 731 2631 nostrisque
752 2560 960 2615 successoribus
1064 2561 1192 2630 [Wnucn,
1207 2565 1277 2618 llist.
1292 2562 1330 2616 du
1345 2578 1415 2631 pays
1429 2562 1463 2616 dc
1481 2565 1571 2624 llesse,
1590 2563 1641 2629 ΙΙΙ,
1656 2580 1685 2633 p.
1706 2565 1780 2632 los]

146 2655 252 2710 solvere
274 2654 576 2722 debeatis3ecclesiem
591 2654 619 2709 S.
635 2653 795 2708 Sebastiaui
817 2670 881 2708 cuin
899 2671 961 2724 per·
1044 2656 1184 2710 Annianus
1217 2654 1376 2725 episcopus,
1403 2671 1673 2710 se1·nrsservorurn
1702 2656 1765 2717 llei,
1788 2656 1824 2711 di·

146 2749 292 2818 tinentiis;
308 2747 641 2815 ecclesiasdeCarliano,
657 2747 806 2801 ecclesiam
822 2747 850 2802 S.
866 2747 959 2801 llariae
1009 2748 1082 2802 lecto
1115 2748 1172 2802 lilio
1202 2748 1358 2803 Ganuenosi
1389 2749 1542 2819 preposito
1572 2749 1705 2803 ccclesiae
1739 2750 1826 2805 Sancti

1012 2232 1135 2286 Ecclesia
1154 2233 1183 2287 S.
1207 2233 1321 2286 ioannis
1343 2232 1519 2286 Setbodtcnsis
1541 2232 1612 2286 bonu
1642 2234 1830 2301 possessiones-

1208 2326 1259 2381 que
1271 2328 1303 2365 oc
1320 2313 1464 2381 privilegio
1479 2315 1631 2382 confirmat.

1312 2427 1419 2496 (Sutrii,
1433 2428 1498 2482 lun.
1516 2426 1572 2497 ΙΙ.)

38 2908 42 2917 ¹
147 2841 183 2896 de
197 2841 299 2896 Cluave
319 2840 579 2912 compertinentiis
598 2840 666 2907 suis,
683 2839 958 2896 ecclesiamS.Cas-
1009 2842 1121 2896 loannis
1137 2841 1268 2911 Baptistae
1288 2841 1316 2894 in
1340 2841 1452 2901 Selliod.
1478 2841 1596 2912 ejusque
1620 2844 1826 2897 successoribus

146 2934 217 2990 siani
230 2933 487 3007 compertinentiis
506 2933 574 3001 suis,
591 2932 738 2987 ecclesiam
751 2932 780 2988 S.
797 2933 907 2988 blartini
923 2934 959 2987 de
1009 2935 1142 2988 cunoriicc
1158 2934 1371 3001 substituendis,
1386 2934 1415 2988 in
1430 2938 1613 3005 perpetuum.

145 3027 256 3098 lavago
270 3044 336 3082 cum
349 3027 531 3099 pertinentiis
545 3026 614 3094 suis,
625 3026 773 3087 ecclesiam
789 3026 817 3080 S.
831 3026 958 3098 Sepulcri
1044 3026 1133 3081 erucii
1162 3028 1249 3081 nostri
1276 3044 1328 3082 uos
1354 3028 1483 3083 hortatur
1510 3029 1666 3084 auctoritas
1698 3030 1825 3100 religiosa

30 3158 38 3169 .
145 3136 210 3174 cnm
231 3120 365 3191 hospitali
388 3135 453 3173 cum
476 3118 655 3190 pertinentiis
678 3118 744 3187 suis,
759 3119 906 3174 ecclesiam
930 3120 957 3175 S.
1009 3121 1069 3175 loca
1087 3120 1215 3190 diligere,
1229 3125 1257 3175 et
1271 3137 1305 3175 ea
1323 3121 1374 3175 sub
1387 3122 1551 3192 apostolica
1564 3123 1644 3177 sedis
1665 3125 1823 3179 munimine

144 3212 240 3267 Vitalis
259 3229 324 3267 cum
340 3212 518 3284 pertinentiis
537 3213 606 3281 suis,
623 3212 770 3267 ecclesiam
788 3214 816 3268 S.
832 3213 958 3267 Felicitan
1009 3214 1169 3268 confovere.
1184 3215 1271 3284 liujus
1292 3215 1333 3269 rei
1357 3215 1457 3284 gratia,
1474 3215 1575 3270 dilecte
1599 3215 1630 3270 in
1655 3218 1777 3271 Domino
1790 3217 1821 3271 lili

144 3322 209 3360 cum
234 3306 417 3376 pertiuentiis
438 3305 504 3371 suis,
521 3305 616 3360 villum
635 3305 769 3362 Cosiliani
791 3322 856 3360 cum
880 3306 959 3360 omini
1009 3306 1149 3374 Gerbodo,
1159 3307 1214 3360 tuis
1220 3307 1303 3377 justis
1311 3307 1548 3379 postulationibus
1556 3309 1822 3365 clementerannui·

32 3420 35 3427 ¹
141 3398 206 3470 jure
230 3415 290 3466 suo,
318 3404 426 3454 terrani
453 3414 540 3470 quern
560 3398 673 3453 habetis
695 3399 724 3453 iu
752 3399 882 3468 lenazzo,
904 3406 959 3454 ier·
1009 3416 1083 3469 mus,
1099 3407 1126 3455 et
1142 3399 1290 3455 ecclesiam
1304 3402 1398 3456 Sancti
1412 3402 1527 3456 loannis
1541 3402 1681 3473 baptistae
1695 3405 1754 3470 cui,
1768 3421 1821 3458 auc·

144 3507 207 3546 ram
230 3491 266 3547 de
294 3492 444 3560 Nodesula‚
471 3496 578 3546 terram
608 3492 643 3545 de
669 3493 763 3559 Portu,
790 3496 896 3547 terram
922 3493 958 3546 dc
1008 3499 1070 3549 tore
1085 3494 1218 3561 llomiuo,
1235 3494 1377 3564 presides,
1393 3495 1427 3549 ad
1447 3494 1701 3565 jussacrosanctae
1728 3500 1821 3553 Renu-

144 3583 260 3654 Porcile,
288 3590 397 3639 terram
427 3584 462 3639 de
484 3585 596 3656 Gepito,
625 3590 730 3639 terram
762 3584 797 3640 de
823 3585 957 3654 Lavaguo
1009 3603 1053 3641 ure
1073 3586 1202 3641 Ecclesiae
1222 3586 1379 3657 specialiter
1399 3587 1607 3658 pertinentem,
1623 3589 1661 3644 ad
1688 3592 1822 3662 exeniplar

143 3693 208 3732 cum
243 3677 331 3732 vineis
363 3681 392 3733 et
426 3677 556 3733 domibus
584 3678 651 3745 suis,
682 3680 787 3733 terram
826 3678 862 3732 dc
888 3678 958 3733 Gril-
1008 3680 1822 3752 praedecessorumnostrorumboueeinemorioePascbalis

144 3770 221 3840 lana,
248 3773 355 3825 terram
382 3769 416 3826 de
447 3769 565 3837 llizano,
594 3775 698 3826 terram
726 3771 761 3825 dc
794 3772 957 3826 Montcauro
1008 3778 1037 3827 et
1049 3773 1205 3828 iunocentii
1220 3774 1408 3828 Romanorum
1423 3774 1602 3845 pontiticuni,
1617 3777 1673 3831 snb
1688 3777 1767 3833 beati
1781 3781 1819 3833 Pe-

142 3879 207 3918 cum
219 3863 399 3929 molendinis,
415 3869 444 3918 et
456 3863 649 3919 valeatoribus
671 3868 701 3919 et
714 3864 802 3919 vineis
817 3865 884 3933 suis,
899 3869 955 3919 ter·
1007 3865 1045 3920 tri
1060 3871 1086 3921 et
1110 3870 1206 3921 nostra
1231 3868 1403 3937 protectione
1426 3868 1611 3939 suscipimus,
1628 3873 1660 3924 et
1685 3874 1822 3942 praesentis

142 3971 205 4010 ram
218 3955 252 4011 de
265 3955 351 4011 ldizoli
365 3972 431 4011 curn
445 3956 524 4010 olivis
537 3962 564 4011 et
578 3957 666 4011 vineis
683 3957 750 4024 suis,
767 3965 873 4012 terram
888 3974 955 4012 cum
1007 3959 1104 4030 scripti
1119 3959 1268 4031 privilegio
1287 3961 1506 4015 communimus.
1523 3963 1617 4026 Quam
1633 3963 1771 4020 videlicet
1783 3982 1822 4019 cc·

145 4047 225 4102 olivis
238 4048 268 4103 iu
287 4048 432 4104 territorio
448 4050 475 4104 S.
489 4050 581 4105 Mariae
605 4050 634 4104 in
648 4049 734 4117 Selle,
750 4054 856 4105 terrani
878 4054 907 4105 et
919 4051 957 4105 vi·
1006 4052 1123 4107 clesiam
1138 4053 1371 4108 [liturarusbonae
1382 4053 1527 4108 memoriae
1541 4055 1699 4125 quondam
1712 4059 1825 4113 Gelnbu·

147 4140 691 4212 neasdeColignela‚tcrrasdeLilusi,
708 4144 956 4199 tcrramdeGarda
1007 4145 1094 4200 sensis
1126 4162 1218 4200 couies
1246 4163 1297 4216 per
1327 4145 1485 4201 Rebeuuldi
1512 4147 1642 4217 religiosi
1678 4152 1825 4207 sacerdotis

142 4249 207 4286 cum
222 4233 302 4287 olivis
317 4233 384 4301 suis,
398 4234 520 4289 insulam
543 4235 578 4290 de
592 4237 719 4306 Paquara
735 4252 800 4290 cum
818 4237 907 4307 pratis
928 4242 957 4293 et
1006 4238 1197 4293 ministerium
1214 4239 1297 4293 beato
1311 4241 1393 4295 Petro
1408 4243 1554 4295 etsanctae
1573 4242 1725 4299 Romanae
1739 4247 1826 4300 Eccle-

141 4341 207 4380 cum
217 4325 348 4380 omnibus
360 4328 395 4382 ad
409 4327 502 4398 ipsam
512 4329 732 4400 pertinentibus.
744 4329 874 4384 Obeunte
888 4346 956 4385 vero
1006 4331 1054 4385 siue
1066 4331 1168 4386 devoto
1182 4338 1210 4387 et
1223 4332 1345 4387 fideliter
1354 4332 1464 4402 obtulit,
1475 4336 1505 4387 et
1516 4335 1672 4405 regulares
1682 4340 1829 4394 canonicos

142 4420 181 4485 te,
198 4435 272 4473 nuuc
287 4419 415 4490 ejusdam
438 4421 492 4476 loci
513 4422 624 4482 abbate,
638 4422 681 4476 rel
696 4426 809 4477 tuorum
831 4424 1112 4496 quolibetDibidein
1135 4426 1304 4497 congregari
1329 4427 1476 4497 disposuit.
1500 4429 1531 4481 ln
1555 4428 1666 4499 primis
1692 4432 1831 4506 siquidem

141 4528 346 4582 successorum,
362 4515 455 4570 nullus
476 4514 515 4569 ibi
531 4515 658 4587 quelibet
679 4516 869 4589 subreptionis
881 4521 956 4572 astu·
1005 4521 1159 4573 statuentes
1172 4524 1203 4573 ut
1219 4519 1288 4573 ordo
1301 4520 1463 4587 canonicus,
1479 4520 1528 4590 qui
1545 4523 1719 4581 secundum
1733 4529 1782 4583 Dei
1801 4528 1833 4582 ti·

139 4604 190 4672 tie,
214 4598 263 4659 seu
286 4606 423 4662 violentia
447 4613 640 4679 preponatur,
664 4608 718 4663 nisi
742 4626 829 4681 quem
852 4610 955 4666 fratres
1006 4626 1116 4665 moreni
1139 4617 1166 4666 et
1188 4612 1263 4667 beati
1287 4612 1435 4683 Augustini
1460 4613 1617 4684 Regulam,
1648 4624 1680 4674 et
1706 4622 1836 4677 ordinem

141 4699 287 4753 communi
308 4716 456 4770 consensu,
472 4702 516 4756 vel
537 4701 658 4757 fratrum
671 4718 735 4772 pars
750 4703 869 4758 sanioris
891 4720 956 4759 con·
1005 4704 1319 4760 Premionstratensiuni
1340 4705 1469 4773 fratrum,
1488 4706 1515 4760 in
1532 4709 1644 4765 cadem
1660 4714 1788 4771 ecelesia
1802 4718 1838 4770 iu·

140 4789 195 4846 silli
209 4793 366 4848 secundum
382 4794 431 4849 Dei
450 4793 592 4862 timorem,
607 4800 636 4850 et
652 4795 726 4850 beati
744 4796 885 4851 llenedicti
899 4799 952 4854 Rc·
1004 4797 1117 4852 stitutus
1132 4814 1192 4852 csse
1206 4798 1392 4870 dignoscitur,
1405 4800 1553 4871 perpetuis
1569 4802 1692 4861 ibidem
1707 4811 1840 4881 tempori·

140 4885 237 4955 gulam
252 4887 438 4958 praeviderint
454 4888 632 4960 eligendum.
649 4890 723 4945 Sane
739 4890 882 4945 novalium
898 4907 955 4946 res·
1005 4891 1057 4945 bus
1070 4890 1273 4947 iuviolabiliter
1283 4898 1473 4947 conservetur.
1485 4895 1639 4952 Praeterea
1654 4918 1839 4977 quaecuuque

139 4982 260 5047 trorum,
290 4996 354 5050 quae
381 4981 502 5053 propriis
539 4983 680 5052 manibus,
709 4988 759 5039 aut
793 4984 954 5056 sumptibus
1003 4984 1090 5051 bona,
1108 5001 1292 5058 quascunque
1306 4986 1499 5057 possessiones
1513 4987 1620 5045 cadem
1647 4995 1841 5054 ecclesiaiui·

139 5071 239 5138 colitis,
263 5073 320 5127 sire
343 5073 379 5128 de
403 5075 584 5130 nutrimentis
605 5082 762 5131 vestrorum
784 5077 952 5133 animalium
1004 5080 1220 5149 praesentiarum
1232 5081 1309 5150 juste
1322 5084 1350 5135 ct
1365 5080 1500 5138 carronice
1517 5083 1670 5156 possidet,
1686 5098 1741 5146 aut
1755 5096 1786 5147 iu
1801 5096 1841 5148 lu·

138 5162 265 5220 decimas
285 5183 303 5220 a
315 5167 395 5224 vobis
416 5168 511 5224 nullus
526 5174 680 5242 prasumat
704 5170 828 5242 exigere.
848 5173 951 5227 Decer·
1003 5176 1098 5226 turum
1112 5172 1291 5227 concessione
1302 5173 1481 5244 pontificum,
1494 5175 1660 5245 largitione
1679 5200 1790 5257 regum
1803 5190 1844 5244 rel

139 5257 234 5313 nimus
259 5276 340 5333 ergo,
365 5267 432 5333 etc.,
455 5263 540 5331 salva,
565 5267 620 5319 etc.
635 5264 748 5321 Cunctis
768 5267 876 5336 autern,
896 5271 951 5322 etc.
1003 5265 1176 5336 principum,
1189 5265 1333 5321 oblatione
1344 5265 1483 5334 fidelium,
1496 5283 1549 5323 seu
1558 5269 1732 5345 aliisjustis
1743 5282 1843 5349 modis,

138 5348 240 5406 Amen.
1003 5358 1059 5413 lleo
1069 5358 1200 5430 propitio,
1213 5359 1317 5431 poterit
1331 5359 1460 5431 adipisci,
1472 5359 1560 5417 llrma
1575 5364 1632 5421 tibi
1645 5370 1770 5445 tuisque
1783 5393 1842 5431 suc·

172 5442 230 5515 Ego
243 5444 385 5503 Adrianus
398 5448 545 5506 catholicae
558 5450 689 5507 Ecclesia
701 5451 861 5524 episcopus.
1003 5450 1172 5520 caesoribus,
1186 5457 1214 5506 et
1236 5450 1347 5506 illibata
1367 5459 1572 5523 permaneant.
1589 5458 1627 5514 ln
1651 5464 1767 5535 quibus
1786 5469 1842 5525 baee

171 5534 233 5607 Ego
254 5537 397 5594 liuboldus
416 5542 513 5613 presb.
527 5544 604 5600 card.
617 5543 662 5600 tit.
677 5544 786 5601 Sancta
806 5546 950 5602 Praxedis.
1002 5544 1126 5616 propriis
1139 5545 1272 5601 duximus
1285 5544 1474 5617 exprimenda
1490 5548 1647 5609 vocabulis
1662 5573 1671 5611 ε
1687 5560 1840 5617 ecclesiam

171 5628 231 5703 ligo
244 5628 334 5686 tulius
347 5633 444 5705 presb.
459 5636 534 5691 card.
551 5635 593 5691 tit.
609 5637 704 5693 Sancti
716 5638 849 5695 Marcelli.
1003 5638 1193 5710 parochialem
1209 5638 1237 5694 in
1257 5639 1359 5695 Selbod
1380 5656 1447 5694 cum
1462 5644 1653 5713 appendiciis
1676 5652 1753 5723 suis,
1766 5657 1838 5729 agris

165 5722 230 5795 Ego
245 5720 416 5781 Octavianus
426 5727 522 5801 presb.
536 5730 615 5787 card.
632 5731 674 5805 tit.
692 5732 722 5787 S.
735 5731 856 5787 Ceciliae.
1002 5734 1030 5786 et
1042 5731 1160 5788 decimis
1173 5748 1207 5787 aa
1224 5738 1344 5807 utreque
1358 5739 1439 5813 [rarle
1452 5732 1659 5801 interfluentis
1677 5746 1835 5820 liintaicbe,
