3750 6046
823 186 983 245 ORDElthl
1002 186 1130 243 tlmtts
1767 192 1806 249 lli

141 318 176 373 dc
190 317 361 389 Principatu,
376 317 495 390 aliisque
514 317 657 373 nonnullis
677 315 819 375 nobilibus
837 325 866 375 et
888 336 952 391 pro-
965 317 1129 404 Amuriens
1152 317 1226 371 idem
1251 316 1355 388 praesul
1375 314 1526 389 specialem
1551 317 1669 389 speciali
1694 318 1808 377 amicun

141 411 265 466 bissimis
289 411 366 480 viris,
385 411 613 485 comprehendit,
628 411 908 485 vinctosquecatenis
923 414 952 468 in
1004 413 1096 468 amico
1119 410 1373 479 commendaverat,
1398 409 1434 466 de
1458 412 1627 483 pontificatu
1652 413 1810 471 ltascheme

142 521 254 560 carcere
275 505 361 579 longo
383 510 513 579 tempore
536 506 636 561 tenuit.
660 507 822 563 tancradus
845 512 952 575 autem,
1003 505 1106 560 assumi
1120 505 1155 559 ad
1170 504 1391 576 patriarchatum
1408 505 1567 561 Antiochiae
1590 505 1724 579 imperat.
1739 508 1812 563 llucis

142 599 272 671 princeps
292 599 411 666 militiae,
438 598 535 654 audite
559 599 669 654 domini
691 601 954 673 consanguineique
1002 598 1093 671 igitur
1108 599 1200 670 jussu,
1216 599 1308 655 clerus
1331 603 1359 653 et
1379 600 1502 672 populus
1522 600 1703 656 bernardum
1723 599 1812 674 elege-

142 693 186 748 sui
209 694 374 761 infortunio,
393 694 575 749 contristatus
595 697 647 762 est,
670 694 718 749 sed
740 710 798 750 non
822 694 954 750 muliebri
1004 699 1082 761 runt,
1096 697 1125 748 et
1136 692 1301 764 pontilicem
1314 692 1344 747 in
1357 692 1495 748 cathedra
1506 693 1603 750 Sancti
1613 694 1689 750 Petri
1699 696 1813 767 apostoli

142 804 223 842 more
245 787 279 842 ad
303 786 401 842 inanes
425 788 565 859 lacrymas
586 804 635 843 seu
655 788 781 843 lamenta
803 805 954 844 conversus
1005 787 1226 842 constituerunt.
1241 788 1307 842 Erat
1327 787 1404 841 enim
1424 787 1527 858 peritia
1547 788 1709 844 litterarum
1729 788 1812 844 imbu-

144 887 195 937 cst.
209 882 249 936 En
263 881 340 937 omui
356 896 481 952 namque
497 880 708 953 circumjacenti
729 882 873 954 provincia
891 899 953 937 om·
1005 884 1070 949 tus,
1087 881 1146 952 qui,
1161 884 1341 952 postquama
1363 880 1496 952 subjectis
1511 885 1554 936 est
1573 882 1718 953 cognitus,
1731 882 1815 938 factm

143 991 208 1030 nem
229 974 360 1029 militiam
384 972 510 1028 lidelium
532 975 703 1043 convocavit,
723 975 903 1030 Antiochiam
926 977 955 1029 et
1005 981 1047 1031 est
1061 974 1183 1042 odibilis,
1198 974 1265 1045 quia
1276 990 1386 1043 avarus,
1403 980 1431 1030 et
1444 991 1478 1029 ex
1489 975 1615 1031 naturali
1627 976 1743 1033 feritate
1756 992 1812 1049 gen·

144 1085 245 1125 omues
258 1068 363 1122 viculos
378 1068 440 1139 ejus
453 1085 485 1123 ac
500 1068 604 1139 oppida
617 1069 645 1123 iu
659 1069 809 1124 circumitu
825 1067 955 1140 diligenti
1006 1069 1041 1124 tis
1067 1068 1233 1135 Gothorum,
1258 1069 1333 1124 unde
1359 1072 1544 1139 processerat,
1572 1068 1661 1125 nimis
1681 1075 1813 1126 austerus.

144 1162 270 1218 custodia
283 1161 416 1231 munivit,
430 1167 468 1229 et,
485 1161 611 1233 quaudiu
632 1163 688 1217 dux
706 1163 736 1217 in
757 1162 876 1216 vinculis
891 1162 953 1229 luit,
1006 1161 1055 1216 llic
1071 1161 1166 1216 multis
1180 1161 1280 1216 dicbus
1292 1162 1423 1216 Ecclesiae
1438 1162 1488 1216 llei
1501 1162 1627 1234 praefuit,
1640 1168 1670 1217 et
1683 1180 1773 1236 usque
1786 1166 1817 1220 ad

143 1261 355 1312 contraomnes
374 1255 499 1310 hostium
521 1256 642 1327 impetus
666 1255 956 1328 irreprehensibiliter
1006 1255 1180 1328 decrepitam
1211 1260 1323 1312 aetatem
1348 1256 1497 1327 regiminis
1529 1257 1623 1312 locum
1654 1260 1817 1330 occuparit3

143 1350 310 1416 defensarit,
325 1349 385 1405 imo
398 1349 469 1403 lines
482 1349 542 1420 ejus
558 1348 690 1404 nobiliter
702 1349 841 1404 dilatavit.
1007 1351 1086 1421 cujus
1109 1355 1249 1420 tempore,
1273 1355 1303 1405 ut
1324 1350 1430 1405 dictum
1455 1355 1498 1405 est
1524 1357 1551 1406 et
1577 1350 1705 1422 apertius
1731 1352 1819 1408 adbuc

179 1444 293 1499 alexius
319 1443 488 1514 imperator,
516 1446 548 1496 ut
572 1442 773 1498 buamundum
799 1443 829 1497 in
857 1459 958 1498 manus
1008 1442 1133 1510 dicetur,
1161 1442 1317 1498 multarum
1346 1444 1471 1515 procella
1498 1443 1720 1501 tribulationum
1750 1446 1819 1502 into-

143 1541 299 1595 Turcorum
332 1536 462 1592 incidisse
493 1536 654 1609 comperiit,
687 1537 816 1608 gaudens
849 1536 957 1609 legatos
1006 1537 1080 1593 nuit.

144 1649 208 1688 cum
230 1630 357 1703 pluribus
372 1630 462 1686 xeniis
483 1630 650 1686 ltalimanno
673 1630 785 1699 direxit,
800 1630 956 1685 admodum
1045 1632 1099 1685 Per
1113 1636 1205 1685 totum
1220 1631 1360 1686 meandum
1374 1631 1503 1687 auditum
1516 1636 1560 1687 est
1580 1633 1657 1704 quod
1678 1634 1820 1689 Buamun·

145 1727 295 1783 obsecrans
308 1729 339 1780 ut
351 1724 502 1780 maximam
523 1741 573 1794 pro
591 1724 758 1779 Bnamuudu
779 1724 957 1797 redemptio·
968 1704 997 1777 B
1009 1724 1060 1780 dus
1081 1724 1199 1780 viriculis
1215 1741 1392 1796 paganorum
1412 1726 1540 1780 irretitus
1561 1731 1611 1782 est.
1626 1726 1736 1783 Omnes
1760 1744 1822 1783 eum

146 1837 213 1876 uem
228 1819 375 1890 reciperet,
390 1819 542 1890 ipsumque
557 1818 677 1889 acceptis
699 1823 814 1874 centiam
832 1817 957 1873 millibus
1007 1819 1147 1890 plangunt
1160 1819 1323 1887 Christiani,
1334 1819 1488 1891 ipsumque
1503 1821 1532 1875 iu
1547 1837 1662 1877 carcerc
1679 1822 1822 1877 honorant

144 1914 357 1985 Philippeorum
371 1911 422 1966 sibi
435 1911 576 1967 redderet.
590 1912 648 1966 lloc
660 1912 798 1967 nimirum
812 1913 882 1984 egit,
901 1929 956 1966 non
1008 1914 1092 1968 etiam
1109 1913 1220 1984 pagani.
1241 1914 1311 1968 Tota
1326 1913 1446 1969 Ecclesia
1469 1914 1565 1970 orabat
1582 1931 1634 1986 pro
1656 1915 1704 1970 illo
1723 1917 1822 1983 Deurn,

146 2011 177 2063 ut
190 2008 316 2062 vinctum
330 2005 432 2060 ducem
447 2005 589 2074 liberaret,
604 2022 636 2061 ac
652 2007 686 2062 ad
701 2006 850 2061 tutandam
863 2006 956 2063 Chris·
1009 2010 1041 2061 ut
1055 2006 1089 2062 dc
1103 2006 1235 2061 nrauibus
1249 2006 1431 2063 inimicorum
1446 2007 1599 2079 dignanter
1611 2009 1736 2065 salvaret
1750 2025 1823 2066 eum.

146 2101 308 2157 tianitatem
335 2099 462 2170 pristinae
489 2098 612 2154 libertati
639 2106 826 2167 restauraret,
851 2101 899 2155 sed
927 2103 959 2155 ut
1009 2101 1155 2172 Beniguus
1181 2106 1276 2156 autem
1301 2101 1384 2167 Deus,
1411 2101 1459 2172 qui
1488 2102 1584 2156 omnia
1610 2103 1729 2171 creavit,
1758 2103 1827 2159 sicut

146 2195 203 2251 suis
218 2211 283 2250 eum
298 2192 416 2248 vinculis
431 2197 568 2264 perpetuo
586 2193 770 2265 illaqueatum
789 2200 957 2249 coarctaret.
1009 2212 1103 2250 seruos
1122 2211 1186 2249 sares
1207 2211 1257 2266 pro
1279 2197 1400 2267 peccatis
1425 2195 1662 2251 tribulationibus
1685 2197 1826 2269 castigare

149 2289 337 2344 Vehementer
361 2285 437 2341 enim
464 2286 577 2341 delebat
601 2286 679 2359 quod
702 2288 882 2343 Antiochiam
907 2288 959 2342 sibi
1010 2288 1098 2357 novit,
1114 2287 1153 2343 sie
1164 2288 1339 2361 supplicibus
1351 2292 1379 2344 et
1389 2289 1539 2344 humiliter
1552 2288 1752 2345 invocantibus
1765 2307 1826 2345 eum

147 2382 310 2439 abstulerat.
333 2380 446 2435 Certum
469 2384 513 2434 cst
539 2375 614 2452 quod
641 2381 701 2452 ipsa
730 2381 897 2452 metropolis
925 2381 960 2436 de
1010 2382 1177 2438 mirabiliter
1195 2382 1342 2451 succurrit,
1361 2386 1390 2437 et
1412 2399 1465 2455 per
1487 2382 1563 2454 ipsos
1587 2383 1674 2438 etiarn
1695 2384 1828 2439 inimicus

149 2475 270 2548 imperio
283 2474 597 2546 Constantinopolitano
609 2477 670 2545 cst;
688 2475 736 2529 sed
745 2475 882 2530 violentia
893 2476 961 2530 Tur·
1011 2476 1065 2531 illis
1092 2493 1141 2548 spe
1163 2476 1264 2531 melius
1289 2476 1430 2531 subvenit.
1460 2477 1515 2531 lluc
1542 2477 1655 2548 experti
1682 2481 1753 2532 surii
1777 2479 1826 2532 sub

148 2587 259 2640 corum,
275 2586 318 2625 xn'
337 2568 419 2622 annis
434 2573 586 2640 antequam
607 2568 750 2639 Cisalpini,
772 2574 853 2641 capla
879 2568 959 2635 urbe,
1011 2571 1158 2625 Pharaone
1171 2570 1313 2624 Abraham
1327 2572 1356 2624 et
1370 2570 1485 2641 loseph,
1503 2570 1578 2626 inter
1591 2572 1763 2642 :Egyptios5
1778 2572 1828 2626 hoc

86 2728 91 2735 ,
151 2665 314 2720 Cassianum
329 2661 505 2731 occidissent,
522 2664 648 2733 augusto
662 2662 863 2717 subtractaest.
881 2662 960 2720 ldem
1011 2664 1109 2719 Tobios
1133 2666 1162 2719 et
1176 2664 1284 2735 Raguel
1297 2663 1349 2717 sub
1374 2665 1566 2720 Salmanassar
1583 2670 1612 2719 et
1631 2664 1828 2720 Sennacherib

149 2758 283 2832 princeps
301 2758 348 2828 jus
371 2773 455 2811 suum
480 2772 594 2826 semper
614 2756 800 2811 calumniatus
823 2763 884 2825 cst;
899 2758 960 2825 sed,
1012 2764 1040 2813 et
1055 2760 1125 2812 Aser
1137 2757 1245 2824 liddon,
1267 2757 1343 2812 iuter
1361 2758 1509 2829 Assyrios3
1525 2757 1579 2812 hoc
1600 2758 1702 2813 [laniet
1725 2764 1757 2814 et
1775 2765 1829 2814 tres

152 2852 290 2925 probitate
317 2852 544 2905 Normannorum
571 2850 675 2905 aeriter
695 2850 836 2915 obstante,
865 2852 962 2907 libitus
1013 2851 1105 2923 pueri,
1119 2851 1225 2923 aliique
1240 2851 1499 2921 transmigrationis
1518 2851 1578 2921 lllii,
1599 2851 1652 2906 sub
1674 2852 1828 2908 Nabucho-

152 2963 217 3001 suos
228 2945 342 3017 explere
356 2943 515 3015 prohibitus
530 2946 582 2997 est.
602 2942 793 3011 Muluianum,
809 2945 962 3016 mirllisque
1013 2945 1138 3000 donosur
1163 2952 1191 3000 et
1219 2944 1455 3012 Evilmerodach,
1481 2945 1557 3000 inter
1582 2945 1749 3014 Chaldaeos3
1777 2946 1829 3001 hoc

154 3039 245 3094 modis
262 3037 398 3105 tentavit;
422 3053 504 3108 prece
529 3037 676 3108 pretioque
698 3054 767 3109 erga
789 3054 916 3109 paganos
935 3046 964 3095 et
1015 3039 1114 3093 Esdras
1128 3043 1157 3093 ct
1175 3037 1305 3093 Neemias
1327 3041 1356 3092 et
1376 3038 1578 3105 blardochaeus,
1592 3054 1659 3093 eum
1676 3043 1766 3111 nepte
1782 3056 1830 3094 sua

153 3132 328 3190 christianos
347 3133 452 3186 trustra
468 3129 615 3201 laborarit,
630 3130 707 3202 quia,
724 3131 875 3186 conatibus
890 3132 964 3187 illius
1015 3131 1126 3199 Esther,
1141 3131 1192 3186 sub
1211 3133 1292 3202 Cyro,
1309 3132 1391 3186 llario
1413 3134 1443 3186 et
1460 3134 1618 3201 artaxerce,
1634 3132 1711 3187 inter
1732 3134 1831 3188 Persas

153 3227 276 3294 cassatis,
291 3224 387 3280 civius
406 3223 558 3279 victoribus
580 3224 672 3293 cessit,
688 3225 742 3279 illis
763 3226 893 3296 equidem
915 3227 964 3298 qui
1014 3229 1044 3280 et
1055 3224 1169 3295 bledos;
1185 3225 1237 3280 boc
1250 3225 1335 3281 ctiam
1349 3225 1478 3296 apostoli,
1494 3225 1599 3297 aliique
1618 3226 1710 3280 sancti
1725 3226 1829 3299 pradi-

154 3321 242 3377 nimia
264 3320 367 3374 virtute
382 3317 498 3374 devictis
516 3318 654 3389 Agauenis
668 3320 798 3373 eamdem
816 3320 889 3374 nacti
903 3320 964 3374 lue·
1015 3324 1123 3374 catores
1146 3318 1265 3373 feliciter
1290 3324 1450 3388 senserunt,
1474 3318 1524 3390 qui
1539 3318 1695 3388 multoties,
1710 3319 1826 3391 quaudo

154 3421 228 3482 rant,
245 3418 274 3470 et
293 3414 440 3469 obtentam
455 3412 483 3466 in
500 3412 605 3466 virtute
621 3411 669 3468 llei
683 3412 852 3468 mirabiliter
865 3413 962 3468 defen·
1015 3412 1045 3468 in
1054 3417 1187 3468 extranea
1198 3412 1385 3467 barbarorum
1397 3413 1462 3467 loca
1471 3412 1565 3467 subito
1575 3417 1729 3479 venerunt,
1738 3411 1830 3485 primo

154 3511 294 3566 severant.
329 3507 516 3562 Dalimannus
547 3522 614 3561 vero
646 3506 814 3577 petitionem
846 3508 964 3579 htrgusti
1016 3506 1200 3579 despicabiles
1212 3506 1369 3562 uladrenae
1382 3506 1542 3561 etmendici
1553 3505 1735 3573 habitisunt3
1745 3507 1831 3578 paulu

153 3602 324 3675 repudiavit,
347 3604 375 3655 et
404 3599 613 3665 buamundum,
630 3616 717 3672 quem
737 3600 820 3655 Turci
843 3602 965 3656 Parvum
1016 3605 1088 3673 post,
1110 3600 1332 3655 clarescentibus
1355 3600 1443 3671 signis
1467 3605 1496 3655 ct
1524 3599 1688 3655 tonantibus
1713 3600 1830 3672 lingitis,

155 3700 244 3753 Deum
267 3695 493 3751 Christianorum
512 3693 726 3765 nuncupabant,
739 3694 818 3748 omni
836 3699 966 3767 tempore
1016 3694 1160 3750 mirabiles
1174 3700 1378 3765 apparuerunt,
1394 3698 1423 3749 et
1443 3694 1548 3749 incolas
1571 3696 1658 3748 autea
1678 3693 1833 3750 indomitos

154 3792 184 3847 in
199 3790 318 3845 vinculis
331 3789 437 3844 hahere
453 3787 594 3855 decrevit;
610 3788 686 3859 quod
702 3789 862 3843 maximum
882 3789 967 3844 decus
1017 3789 1054 3844 ad
1066 3805 1151 3843 omne
1166 3788 1272 3843 benum
1288 3789 1339 3843 sub
1350 3788 1423 3860 jugo
1439 3804 1526 3843 sacrae
1540 3787 1614 3858 legis
1627 3786 1831 3844 edomuerunt.

154 3885 210 3957 legi
226 3900 284 3937 sum
299 3900 349 3954 pro
367 3881 454 3935 nihilo
469 3881 628 3935 aestimavit.
1017 3883 1062 3939 Sic
1076 3882 1210 3938 nimirum
1225 3882 1283 3948 ille,
1298 3882 1347 3953 qui
1362 3881 1433 3937 dixit
1448 3898 1454 3936 :
1469 3885 1552 3939 Pater
1564 3897 1639 3937 meus
1656 3897 1744 3953 usquc
1755 3882 1834 3937 modo

190 3977 310 4042 Quidam
325 3977 447 4042 aracos,
463 3978 592 4045 tempore
605 3976 773 4044 Tmcorunr,
794 3976 965 4046 patriarcba·
1017 3981 1154 4047 operetur,
1170 3980 1250 4046 ctcpo
1268 3991 1362 4047 operor
1375 3978 1478 4046 (sorra,
1492 3992 1517 4042 r,
1534 3974 1587 4045 17),
1603 3974 1730 4030 athletas
1754 3991 1831 4043 suos,

156 4078 216 4127 tum
229 4069 382 4125 Antiochiae
394 4067 563 4139 possidebat,
575 4068 626 4139 qui
635 4068 788 4123 victoribus
799 4069 968 4124 Normanuis
1017 4071 1051 4125 dc
1065 4069 1168 4142 quibus
1182 4070 1345 4124 futurorum
1360 4069 1479 4135 notitiae,
1495 4085 1547 4141 pro
1561 4068 1729 4123 divinorum
1743 4069 1834 4124 admi·

155 4163 341 4220 intractabilis
356 4167 426 4217 erat.
444 4162 513 4216 h'am
527 4161 590 4233 ipsi,
609 4165 758 4233 postquam
777 4163 967 4235 principatum
1018 4165 1130 4219 ratione
1143 4180 1275 4236 operum,
1290 4163 1440 4219 scribendo
1461 4164 1570 4235 loquor,
1584 4179 1678 4234 nuper
1698 4164 1727 4217 in
1750 4180 1835 4235 erga·

156 4258 251 4330 adepti
265 4259 340 4323 sunt,
357 4254 514 4310 secundum
530 4255 600 4310 ritus
615 4255 706 4310 tatius
720 4257 829 4311 clerum
840 4262 868 4312 et
881 4274 969 4329 popu·
1018 4259 1092 4313 stulu
1108 4258 1239 4326 visitavit,
1253 4263 1281 4313 et
1296 4258 1433 4312 mellilluo
1449 4261 1561 4312 nectare
1575 4256 1766 4328 benignitatis
1779 4274 1836 4313 suae

156 4353 216 4407 lum
238 4351 387 4421 disponere
408 4349 611 4417 decreverunl3
634 4348 709 4420 quod
731 4350 850 4422 Pelasgi,
864 4351 970 4422 priscos
1020 4352 1142 4407 ubertim
1163 4351 1323 4407 letificavit.
1339 4351 1469 4423 Flagellis
1488 4351 1593 4422 quippe
1613 4350 1834 4422 oppressionum

156 4462 249 4501 mores
280 4444 390 4505 secuti,
432 4442 500 4497 sutis
539 4443 726 4515 incongruum
765 4461 823 4500 esse
862 4446 1170 4522 temereDtenigenae
1182 4463 1232 4518 pro
1246 4446 1397 4501 sceleribus
1413 4446 1545 4500 humanae
1560 4443 1724 4516 tragilitatis
1738 4446 1835 4502 verbe·

158 4543 337 4597 censuerunt.
370 4537 459 4608 Capto
493 4540 588 4592 autem
621 4539 806 4606 ltuammrdu,
840 4555 970 4594 murmur
1021 4546 1131 4607 rantur,
1147 4544 1175 4595 et
1195 4540 1376 4595 clementiam
1396 4539 1566 4607 Conditoris,
1586 4538 1695 4594 coelesti
1717 4539 1835 4594 verbere

157 4641 250 4690 ortum
279 4639 320 4688 est
347 4632 376 4686 in
402 4630 519 4703 populo,
544 4631 620 4703 quod
646 4632 705 4702 ipse
728 4633 830 4703 praesul
856 4636 971 4703 pararet
1019 4634 1127 4701 alllicti,
1143 4634 1363 4706 lacrymabiliter
1384 4649 1503 4689 exorare
1522 4637 1673 4704 coguntur.
1691 4634 1768 4687 Deus
1788 4650 1835 4687 au·

156 4725 970 4798 urbcmllntieehenamprederehugust05cumqueidem
1020 4734 1088 4795 titur,
1104 4730 1162 4784 ilex
1185 4733 1291 4797 noster,
1307 4727 1353 4800 qui
1371 4729 1460 4783 salvos
1482 4727 1547 4783 lacit
1571 4731 1722 4798 sperantes
1742 4727 1772 4781 in
1795 4743 1834 4795 se,

159 4821 345 4894 comperisset
355 4820 428 4874 dese
438 4820 493 4874 tale
505 4835 636 4874 murmur
647 4835 716 4887 esse,
728 4820 815 4875 iratus
825 4824 867 4875 est
877 4820 968 4888 valde,
1021 4829 1149 4895 potenter
1161 4840 1220 4877 suae
1242 4838 1351 4894 sponsa
1367 4838 1464 4893 preces
1486 4820 1628 4876 exarrdivit
1648 4820 1794 4889 Ecclesia,
1808 4826 1836 4875 et

159 4924 197 4985 ct,
217 4916 312 4972 nescio
332 4932 367 4970 an
391 4914 511 4987 puritate
532 4913 668 4985 sinrplicis
683 4914 862 4970 eonscientiae
875 4914 970 4987 indig·
1021 4917 1173 4972 auxiliatus
1187 4921 1229 4972 est
1244 4917 1336 4971 vincto
1352 4916 1416 4970 duci
1432 4915 1532 4986 atejus
1550 4913 1675 4986 collegis,
1691 4929 1743 4985 per
1759 4913 1837 4986 inge

161 5019 252 5082 natus,
279 5028 314 5065 an
342 5008 444 5064 statarii
468 5011 564 5063 reatus
587 5008 762 5063 accusatione
782 5014 811 5064 et
826 5015 902 5064 metu
921 5010 969 5064 sti·
1020 5010 1100 5066 nium
1126 5014 1154 5065 et
1177 5027 1261 5082 opem
1285 5009 1394 5065 inimici
1410 5009 1454 5064 sui
1475 5008 1552 5078 iiliae,
1567 5006 1616 5079 qui
1637 5007 1787 5078 quondam
1807 5008 1836 5062 iu

159 5103 401 5172 mutatus,relicto
417 5102 769 5174 episcopatu,iueremum
787 5103 970 5170 secessit,nec
1021 5105 1159 5175 bethulia,
1185 5106 1298 5161 desecto
1321 5103 1435 5175 superbi
1461 5101 1622 5158 Holofernis
1648 5104 1778 5171 gutture,
1799 5102 1836 5156 si-

158 5198 234 5255 ultra
258 5197 351 5253 redire
375 5197 411 5253 ad
436 5213 493 5264 cos,
519 5213 641 5269 quorum
667 5213 761 5252 mores
787 5196 969 5263 abhorrebat,
1021 5199 1102 5255 tienti
1116 5199 1220 5272 populo
1238 5198 1367 5254 subvenit
1380 5213 1431 5268 per
1446 5196 1577 5253 virtutem
1596 5194 1707 5263 iudith,
1720 5195 1837 5250 audacis

160 5291 301 5348 diffinivit.
335 5291 489 5347 Normanni
522 5295 617 5346 autem
653 5291 846 5347 dominatores
879 5292 969 5362 urbis,
1021 5292 1125 5348 viduas.

161 5387 324 5443 discedente
343 5387 469 5458 Pelasgo,
484 5385 572 5456 gavisi
593 5391 667 5453 sum,
684 5390 713 5440 et
734 5386 908 5455 ltuarnundo,
922 5385 972 5457 qui
1057 5387 1151 5453 Melan,
1167 5387 1222 5442 sitia
1244 5385 1403 5441 balimauui
1421 5383 1568 5457 principis,
1585 5383 1708 5455 pulchra
1728 5388 1791 5439 erat
1810 5386 1839 5439 et

159 5481 272 5536 rinctus
293 5486 363 5549 erat,
388 5478 477 5535 totius
499 5478 600 5534 seriem
623 5478 665 5534 rei
690 5480 921 5549 notificaverunt,
944 5485 972 5536 et
1023 5482 1146 5537 multum
1157 5480 1345 5552 sapiensetiu
1360 5476 1838 5551 omnidomepatrisauimagnam

160 5574 308 5632 consilium
320 5576 380 5647 rius
389 5574 423 5629 de
434 5572 630 5629 substituendo
643 5574 803 5646 patriarcha
816 5575 969 5646 petierunt.
1023 5579 1193 5648 potestatem
1209 5575 1326 5643 habens,
1339 5575 1500 5645 multasque
1512 5572 1626 5628 diritius
1642 5577 1673 5627 et
1688 5570 1788 5643 plures
1799 5569 1838 5626 ad

161 5670 211 5727 Ille
234 5684 302 5725 vero
329 5666 505 5725 bernardum
529 5667 739 5736 provincialem,
763 5668 812 5741 qui
836 5667 970 5738 llaimari,
1023 5669 1068 5727 sui
1080 5669 1249 5726 famulatum
1270 5684 1364 5725 serves
1381 5667 1538 5741 possidens.
1554 5668 1630 5736 llaec,
1642 5664 1751 5722 auditis
1765 5666 1837 5721 stre-

159 5764 307 5827 Pediensis
318 5761 454 5839 episcopi,
470 5761 633 5835 capellanus
645 5763 747 5833 tuerat,
762 5766 792 5820 et
810 5778 895 5837 quem
919 5763 972 5821 sibi
1023 5764 1178 5823 nuihhbus
1203 5764 1388 5835 Francorum,
1415 5762 1477 5821 illes
1500 5761 1635 5821 ardenter
1660 5758 1783 5833 emnil,
1809 5762 1839 5819 st
