3750 6046
61 206 131 263 lts't
560 208 663 269 arist.
683 210 826 271 APOLOG.
846 212 914 270 PRO
932 210 1109 269 cuNoNtcts
1127 212 1249 271 uacet.
1671 214 1739 273 ltaa

59 346 93 385 ac
106 328 222 385 titulum
237 329 377 404 triumphi
388 348 448 389 non
462 332 525 402 sibi,
539 334 590 390 sed
610 336 681 408 llegi
700 336 872 392 saeculomm
883 348 913 423 Α
923 335 1036 391 cesione
1044 336 1189 408 compulit,
1198 336 1311 409 legendi
1319 336 1370 393 tibi
1377 337 1456 394 dabit
1465 337 1567 409 otium,
1576 336 1737 411 etlegendo

59 424 227 492 immortali,
241 425 387 495 invisibili,
402 428 456 484 soli
477 429 535 485 Deo
550 430 712 498 ascribens;
727 435 772 486 ter
785 431 874 503 virgis
923 430 1085 502 prolixitate
1103 430 1182 486 tollet
1200 430 1329 487 taedium.
1346 432 1441 488 Restat
1455 448 1523 504 ergo
1541 437 1573 488 ut
1588 432 1740 489 beatorum
1804 502 1807 509 Ι

59 535 160 589 emaus,
175 520 261 575 semel
277 521 428 592 lapidatus,
442 526 487 578 ter
499 523 681 597 naufragium
695 542 805 598 passus,
821 526 873 581 bo·
923 524 1133 579 monachorum
1147 527 1243 579 sancta
1257 525 1439 597 conquiescat
1456 525 1610 596 humilitas,
1625 528 1654 581 et
1671 525 1740 599 quia
1788 586 1794 597 ,

59 629 132 670 num
146 620 290 671 certamen
303 617 455 686 cortand03
466 634 582 673 cursum
595 620 833 689 consummando,
843 621 875 676 fi·
923 617 997 673 Deus
1010 617 1105 672 omnia
1118 617 1317 673 conclusitsub
1331 623 1456 690 peccato,
1467 622 1499 674 ut
1511 619 1642 675 omnium
1655 619 1741 675 mise-

61 707 127 763 dem
148 709 302 779 servando,
326 726 458 766 coronam
483 710 602 783 justitiae
632 713 685 768 sihi
719 714 875 786 repositam
923 715 1031 779 reatur,
1048 727 1100 766 nec
1115 715 1210 767 tamen
1222 716 1264 768 est
1286 712 1335 784 qui
1345 711 1488 768 interdum
1509 727 1536 768 se
1555 713 1739 769 ubsoouduto

60 802 163 871 sciens,
177 806 205 858 et
220 809 314 859 certus
326 804 372 860 cui
380 805 543 871 crediderit,
555 805 675 863 fideliter
685 809 873 880 exspectando
924 805 1011 861 celcra
1022 804 1170 875 ejus(Psul.
1186 805 1272 877 ινιιι),
1286 805 1488 877 imperfectum
1495 809 1626 862 nostrum
1637 822 1740 862 omnes

61 898 97 967 (ll
112 899 191 963 lira,
217 898 268 968 1rl3
294 898 328 953 ad
344 899 477 954 ultimum
501 901 597 956 llomoe
625 901 782 973 gloriosum
796 919 873 959 mur·
925 898 1126 970 deploremus,
1154 902 1183 955 et
1205 899 1272 972 quia
1294 902 1378 955 uescit
1396 899 1472 955 bomo
1499 906 1591 956 utrum
1610 901 1672 957 odio
1696 902 1740 957 uel
1838 904 1846 917 '

59 992 168 1061 tyrium
183 995 400 1061 consummavit,
415 995 519 1051 multos
533 1012 629 1052 secum
643 997 672 1051 in
688 996 809 1069 gloriam
823 997 873 1052 ad·
923 1008 1014 1048 umore
1034 993 1134 1063 dtprrus
1155 996 1191 1049 stt
1206 993 1317 1067 (Ereta,
1333 994 1381 1064 ιι),
1400 994 1449 1049 sub
1463 997 1572 1066 poteutr'
1585 1010 1670 1050 mauu
1689 996 1740 1051 Dei

61 1084 179 1154 ducens,
200 1087 333 1142 etadhuc
359 1088 445 1143 hodie
463 1105 514 1160 per
534 1089 720 1145 admirabiles
738 1090 875 1162 Epistolos
924 1085 1111 1141 humiliemur
1132 1086 1152 1158 (l
1174 1089 1259 1150 Petu,
1276 1088 1314 1157 r),
1344 1090 1374 1142 et
1395 1088 1461 1143 dum
1485 1093 1590 1159 ternpus
1611 1090 1738 1145 babemus

61 1195 128 1233 suas
141 1180 170 1233 in
183 1180 306 1236 Ecclesia
321 1181 435 1251 docens,
447 1187 475 1238 et
486 1183 611 1239 fructum
625 1183 793 1252 afferebam
808 1184 873 1256 plu·
926 1178 1039 1249 idolol„
1064 1179 1113 1250 rr),
1135 1196 1348 1252 preoccupemus
1371 1184 1470 1249 sociem
1497 1182 1553 1252 ejus
1578 1185 1609 1237 in
1633 1185 1739 1250 coufes-

61 1273 149 1328 rimos
172 1273 268 1329 srdeles
294 1279 356 1346 pest
381 1292 411 1331 se
437 1276 563 1332 trahens.
592 1276 694 1332 Paulus
718 1278 876 1333 monachus
925 1275 1201 1345 siouelPsul.xu1r)‚
1226 1274 1341 1330 sollicite
1361 1282 1503 1344 caraulas,
1524 1292 1560 1332 ne
1575 1276 1612 1331 do
1636 1275 1737 1333 ordine

61 1367 194 1438 simplex,
209 1367 334 1433 humilis,
350 1369 476 1438 devotus,
491 1370 644 1439 solitarius,
660 1372 775 1439 tacitus,
791 1371 876 1427 timo·
925 1366 964 1421 sic
985 1366 1146 1423 inordinate
1162 1368 1376 1436 contendamus,
1398 1374 1428 1423 ut
1442 1370 1476 1425 de
1491 1369 1568 1425 omni
1582 1368 1736 1427 beatorum

61 1465 152 1529 ratus,
166 1478 264 1533 aspere
278 1463 423 1534 jejunans,
438 1464 513 1520 rictu
526 1466 629 1535 temris,
644 1469 721 1521 veste
732 1465 872 1538 hispidus,
925 1460 1026 1515 ordino
1040 1462 1143 1517 merito
1157 1478 1334 1529 corruamus,
1351 1466 1380 1517 et
1394 1463 1424 1518 in
1437 1463 1590 1519 elationem
1602 1464 1736 1536 prolapsi,

63 1556 192 1611 oratione
207 1556 333 1625 sedulus,
348 1557 452 1629 vigiliis
465 1564 493 1614 et
504 1559 648 1615 laboribus
663 1560 788 1628 attritus,
803 1560 875 1617 nihil
925 1558 953 1610 ei
967 1555 996 1609 in
1017 1554 1137 1610 flatrum
1150 1555 1364 1611 intitulationem
1386 1572 1439 1627 per
1463 1558 1597 1613 Salonem
1620 1558 1738 1614 circum·

61 1653 167 1721 praeter
180 1649 325 1705 Christum
336 1668 478 1724 quarens,
493 1652 547 1707 sibi
556 1654 585 1709 in
597 1653 708 1710 Christo
718 1654 871 1723 sufficiens,
924 1648 1002 1704 venii
1028 1652 1057 1704 ei
1080 1648 1204 1718 abducti,
1230 1649 1337 1705 frustm
1364 1650 1516 1706 Christiani
1548 1651 1654 1709 simus:
1684 1652 1738 1708 hoc

60 1744 95 1800 de
110 1744 263 1815 praeteritis
277 1746 401 1817 peccatis
416 1746 597 1817 lacrymando
608 1747 760 1820 poenitens,
778 1748 813 1804 dc
827 1749 871 1804 lu·
884 1722 913 1794 B
925 1742 1054 1811 scientes,
1075 1744 1162 1815 quod,
1181 1744 1254 1798 sicut
1265 1744 1295 1798 in
1315 1744 1374 1813 illa,
1388 1761 1453 1817 quae
1467 1745 1496 1800 in
1509 1746 1586 1800 coelis
1600 1747 1736 1815 Ecclesia,

60 1839 132 1894 turis
145 1855 196 1910 pro
211 1854 294 1910 possa
305 1856 355 1894 suo
379 1839 583 1898 studiosissima
597 1857 707 1910 cavens,
724 1841 754 1896 in
770 1860 874 1915 propo.
925 1836 1028 1892 diversi
1042 1841 1109 1893 sunt
1122 1838 1237 1893 ordines
1250 1837 1403 1894 beatorum
1412 1838 1576 1911 spirituum,
1591 1839 1631 1895 ita
1644 1839 1673 1895 in
1683 1839 1739 1896 hac

59 1931 114 1987 aito
129 1931 248 1999 stabilis,
273 1932 327 1988 sibi
344 1932 395 1988 soli
408 1933 495 2001 utilis,
516 1931 545 1990 in
561 1934 656 1992 labore
676 1952 872 2007 perseverans,
925 1948 988 2004 ‹1¹¹ae
1003 1930 1097 1986 adhue
1112 1931 1141 1986 in
1165 1931 1250 1987 terris
1263 1936 1315 2000 esi,
1339 1932 1444 1988 divorsi
1460 1935 1527 1989 suni
1540 1932 1654 1989 ordines
1666 1933 1738 1991 ilde·

59 2025 176 2082 tandem
200 2025 228 2081 in
249 2042 316 2098 pace
339 2025 552 2084 obdormivitin
567 2029 690 2085 Domino
711 2031 793 2099 (Act,
812 2030 873 2099 ru),

58 2136 112 2174 nec
127 2119 263 2188 doctrina,
280 2136 330 2175 nec
341 2121 446 2191 scripto
459 2138 644 2194 quemquam,
664 2123 718 2178 nisi
733 2123 807 2179 torte
823 2122 872 2178 ali·

58 2231 144 2285 quem
160 2215 289 2285 exemplo
303 2215 457 2271 eremitica
476 2217 700 2272 conversationis
721 2234 779 2272 suae
799 2217 873 2272 inri-

58 2313 132 2364 tans.
154 2308 353 2378 Comparemus
375 2326 444 2379 ergo
467 2310 517 2364 hos
544 2309 614 2365 duos
638 2311 737 2365 Paulos
758 2311 873 2377 Christi,

59 2405 124 2457 uter·
137 2417 237 2457 eorum
257 2401 309 2456 tibi
323 2402 435 2457 ridetur
455 2403 484 2457 in
499 2403 623 2459 Ecclesia
645 2405 695 2458 Dei
715 2403 873 2472 sublimior,

58 2496 146 2551 autin
162 2495 334 2567 possidenda
347 2497 483 2567 praeclara
495 2498 659 2552 haereditate
674 2497 796 2566 llomini,
811 2498 874 2553 smi-

58 2590 95 2644 tis
117 2588 269 2658 laboribus,
297 2589 431 2661 digniori
451 2591 581 2663 nunquid
602 2591 710 2646 benum
733 2592 762 2646 in
787 2592 875 2647 oculis

57 2685 117 2739 tuis
130 2683 180 2738 tibi
195 2683 316 2753 ridetur,
325 2684 400 2755 quod
410 2685 514 2739 Paulus
527 2688 632 2753 noster,
647 2686 751 2741 omisso
762 2691 876 2757 aposto·

56 2778 119 2833 latu
132 2782 160 2832 et
173 2778 302 2849 neglecto
317 2775 486 2846 ministerio,
502 2778 577 2850 quod
593 2796 609 2833 a
624 2778 744 2834 Domino
759 2796 874 2851 accepe-

924 2029 994 2084 lium
1002 2046 1010 2097 3
1024 2032 1053 2084 et
1066 2029 1138 2084 sicut
1148 2029 1217 2085 iuibi
1231 2046 1289 2086 non
1304 2035 1485 2099 corruerunt,
1503 2030 1557 2085 nisi
1572 2031 1639 2086 elati
1652 2034 1682 2086 et
1691 2031 1734 2087 in·

924 2121 991 2189 ridi,
1006 2123 1044 2177 ila
1059 2124 1089 2177 in
1107 2124 1201 2179 locum
1218 2124 1334 2179 illorum
1360 2141 1417 2179 non
1430 2129 1497 2179 sunt
1510 2124 1666 2193 ascensuri,
1682 2125 1739 2181 nisi

924 2215 1047 2270 humiles
1061 2220 1091 2271 ct
1104 2217 1272 2274 charitatem
1287 2217 1437 2273 habentes.

959 2311 999 2364 Tu
1023 2309 1120 2381 igitur,
1149 2312 1239 2366 irater
1258 2311 1288 2366 in
1312 2311 1424 2367 Christo
1451 2312 1645 2382 dilectissime,
1669 2328 1736 2368 cum

924 2402 979 2459 tuis
1000 2404 1203 2476 paenitentibus
1220 2411 1249 2461 et
1275 2407 1391 2476 peccata
1410 2422 1471 2474 aua,
1487 2412 1514 2460 et
1542 2406 1626 2461 totius
1640 2405 1739 2478 populi

923 2496 1098 2569 lugentibus,
1110 2498 1259 2569 ingredere
1273 2498 1302 2553 in
1315 2503 1436 2569 petram,
1445 2499 1619 2555 abscondere
1628 2499 1740 2555 infossa

924 2592 1044 2647 humen
1064 2591 1138 2648 facie
1152 2591 1264 2646 timoris
1282 2592 1407 2659 Domini,
1422 2600 1479 2647 eta
1494 2593 1585 2664 gloria
1608 2595 1738 2665 majesta·

924 2685 960 2739 tis
972 2685 1043 2756 ejus,
1058 2700 1122 2740 cum
1135 2685 1289 2741 surrexerit
1302 2690 1452 2757 percutere
1477 2691 1592 2755 terram,
1608 2687 1738 2759 jejuniis,

923 2778 1109 2848 orationibus,
1133 2778 1248 2850 vigiliis,
1266 2780 1405 2851 lacrymis,
1422 2786 1451 2836 et
1466 2780 1531 2852 jugi
1551 2781 1738 2838 meditatione

57 2874 113 2938 rat,
128 2874 157 2925 et
178 2870 207 2926 in
233 2871 366 2941 gentibus
379 2871 594 2939 honorificabat,
618 2872 655 2927 ad
669 2889 799 2929 eremum
814 2874 874 2932 sire
924 2887 972 2926 cor
992 2877 1073 2925 tuum
1093 2871 1264 2939 exercendo,
1279 2877 1308 2927 et
1328 2875 1459 2945 spiritum
1477 2878 1559 2929 tuum
1581 2875 1737 2946 scopando,

57 2965 96 3019 ad
107 2965 309 3020 monasterium
323 2966 515 3034 descenderet,
526 2967 705 3034 ubi,tametsi
716 2968 873 3024 cavaretab
924 2964 1076 3020 Dominum
1088 2966 1400 3020 losumcouaolatorcm
1414 2968 1544 3022 omnium
1559 2970 1738 3040 gementium

57 3059 148 3113 otioso
168 3058 264 3126 verbo,
289 3065 385 3114 tamen
397 3059 515 3114 forsitan
536 3076 594 3115 non
606 3065 719 3116 vacaret
732 3061 768 3116 ab
781 3061 873 3119 otioso
924 3058 1094 3114 fiducialiter
1117 3074 1245 3129 precare,
1262 3062 1291 3113 et
1312 3058 1398 3130 pedes
1417 3059 1605 3116 humanitatis
1621 3062 1737 3118 interim

57 3152 197 3208 silentio?
207 3152 338 3224 quinimo
348 3169 434 3224 quam
448 3153 586 3209 meliuset
600 3155 785 3215 utiliusessel.
794 3155 873 3227 quod
923 3155 1040 3225 supplex
1049 3152 1221 3224 amplectere
1229 3169 1261 3208 ac
1268 3156 1346 3221 tene,
1354 3153 1443 3209 donec
1452 3155 1740 3228 misereaturtui,qui

56 3250 163 3307 Paulus
176 3255 277 3318 vester,
292 3251 392 3306 relicta
407 3251 572 3310 solitudine.
585 3252 609 3306 si
622 3258 719 3308 tamen
736 3259 829 3324 aptus,
844 3255 873 3309 et
923 3248 1074 3303 miseretur
1086 3247 1228 3315 omnium,
1243 3253 1270 3303 et
1285 3247 1353 3302 nihil
1375 3247 1433 3302 odit
1456 3264 1569 3316 eorum,
1588 3266 1653 3320 quae
1669 3250 1737 3305 lecit

57 3345 96 3400 ad
109 3344 325 3416 praedicandum
350 3345 551 3413 loretelactus,
574 3346 614 3402 ibi
627 3346 665 3401 ad
688 3347 871 3403 excolendam
923 3341 1105 3396 dissimulans
1129 3347 1242 3411 peccota
1263 3342 1402 3396 bominum
1421 3347 1532 3413 propter
1547 3346 1737 3412 penitentium

56 3439 109 3495 Dei
130 3438 254 3506 vineam,
275 3438 324 3493 ubi
339 3442 434 3495 noster
451 3440 556 3495 Paulus
572 3441 685 3495 vineam
701 3440 871 3509 inchoasset,
923 3436 1068 3505 (Suum).
1078 3435 1137 3506 Ego
1148 3440 1243 3490 autem
1256 3451 1322 3488 cum
1333 3435 1468 3490 iratribus
1479 3434 1736 3507 meispauperibus

56 3538 230 3605 cooperante
259 3533 379 3601 Christo,
401 3538 520 3606 propter
544 3551 631 3606 quem
649 3536 754 3603 omnio,
777 3538 872 3607 etper
922 3527 1035 3595 Christi,
1057 3528 1193 3582 minimos
1216 3543 1362 3582 serrorum
1385 3529 1444 3592 liei,
1461 3529 1660 3601 qualecunque
1673 3546 1735 3585 ras·

56 3643 145 3699 quem
158 3627 266 3694 omnia,
281 3627 403 3683 totidem
425 3627 499 3683 filios
514 3628 642 3685 Ecclesiae
666 3629 715 3684 llei
729 3630 869 3701 parturis·
922 3621 1017 3676 culum
1039 3621 1070 3675 in
1092 3619 1198 3692 templo
1220 3620 1342 3689 Domini,
1366 3621 1482 3676 ultimus
1497 3637 1595 3677 eorum
1608 3623 1657 3694 qui
1672 3639 1733 3679 aer·

55 3725 111 3788 set,
127 3725 155 3776 et
167 3721 336 3776 enutrissetl
922 3716 1002 3771 riunt
1016 3715 1199 3771 tabernaculo
1213 3714 1339 3781 loederis,
1355 3731 1406 3786 pro
1427 3714 1534 3770 viribus
1547 3717 1617 3773 meis
1637 3733 1735 3775 arcam

94 3815 173 3870 b'unc
186 3831 252 3870 vero
266 3831 352 3887 pensa
365 3815 492 3869 laborem
506 3816 665 3887 utriusque,
680 3831 770 3887 pensa
781 3817 871 3872 etiam
921 3810 1085 3866 testamenti
1108 3824 1174 3864 cum
1196 3808 1307 3864 crateris
1330 3807 1520 3864 sacerdotibus
1542 3810 1591 3865 Dei
1604 3810 1733 3882 portabo,

55 3909 183 3964 imrctum
211 3909 269 3963 sire
296 3908 459 3964 mercedem
487 3909 646 3981 utriusque,
672 3915 700 3964 at
724 3912 802 3966 certa
826 3911 870 3967 val
921 3921 988 3961 cum
1010 3903 1238 3960 ministrantibus
1260 3902 1380 3959 fideliter
1400 3903 1574 3974 ministrabo,
1595 3906 1734 3976 populum

54 4002 179 4057 Paulum
203 4002 364 4072 apostolum
381 4002 640 4073 incomparabiliter
659 4001 871 4073 praeferendum
921 3997 1112 4053 Christianum
1129 3997 1165 4052 ad
1180 3999 1285 4052 terram
1307 3995 1504 4069 promissionis
1519 4002 1732 4070 properantem,

52 4094 213 4166 judicabis;
229 4099 280 4150 aut
295 4112 311 4150 a
326 4096 528 4151 communione
544 4096 631 4152 totius
644 4096 774 4151 Ecclesiae
793 4096 869 4166 judi·
921 4092 956 4147 ad
967 4092 1169 4164 expugnandas
1182 4091 1311 4147 carnales
1323 4091 1578 4163 concupiscentias,
1592 4096 1621 4149 et
1633 4093 1670 4148 ad
1687 4092 1736 4149 de·

54 4189 112 4255 cio,
128 4188 205 4260 quod
221 4188 301 4244 netas
315 4192 367 4257 est,
381 4190 458 4245 solus
471 4189 644 4262 discrepabis
661 4207 667 4245 :
684 4193 871 4262 Unusquisque
920 4185 1065 4240 bellandas
1080 4185 1234 4256 spiritualis
1253 4184 1391 4256 nequitiae
1410 4187 1517 4241 turmas
1539 4187 1614 4242 tubis
1631 4187 1735 4243 divinos

54 4284 129 4338 cuim
158 4283 301 4338 mercedem
332 4286 443 4354 accipiet
472 4285 618 4339 secuudum
650 4300 728 4338 suum
752 4285 871 4340 laborem
920 4279 1071 4350 Scripturce
1085 4279 1234 4335 humiliter
1242 4279 1381 4346 excitabo,
1391 4279 1492 4348 donec,
1503 4279 1583 4335 victis
1595 4281 1734 4349 hostibus,

55 4377 79 4447 (l
93 4375 166 4442 Gor,
188 4376 238 4439 ιιι).
251 4376 331 4440 Quod
346 4376 369 4431 si
386 4376 460 4433 forte
474 4377 545 4432 mihi
567 4378 636 4432 dicis
649 4378 728 4449 quod
740 4394 794 4433 nec
804 4394 868 4451 ego,
921 4372 1733 4445 murilerichocorruant,donecllethausethmorrhaus,

54 4485 108 4524 nec
123 4469 275 4541 quisquam
289 4486 401 4537 eorrrm,
417 4472 467 4543 qui
480 4487 556 4527 nunc
569 4473 636 4526 sunt
648 4470 777 4527 canonici
792 4472 869 4528 ordi·
879 4459 909 4533 D
920 4473 949 4522 et
970 4466 1158 4534 Chananeus,
1181 4466 1356 4535 Pherezaeus,
1379 4471 1408 4521 et
1427 4466 1535 4534 Eraeus,
1557 4466 1732 4538 Gergesaeus,

52 4562 110 4629 nis,
126 4561 225 4617 similis
236 4563 272 4616 sit
282 4566 379 4618 nostro
390 4563 483 4633 primo
496 4565 642 4637 apostolo,
656 4582 755 4621 verum
769 4566 868 4634 fatcor,
921 4567 950 4616 et
961 4561 1105 4617 lebusaeus
1119 4560 1214 4615 divino
1227 4560 1322 4631 gladio
1335 4560 1488 4628 intereant,
1509 4559 1598 4615 donec
1607 4560 1731 4633 lludian,

52 4673 155 4711 rerum
168 4655 352 4724 dicis;sedet
365 4674 418 4730 ego
429 4674 526 4713 rerum
541 4675 587 4713 me
601 4659 697 4715 dicere
711 4663 780 4733 puto
794 4660 870 4733 quod
920 4653 1239 4722 etsisara,0tlabi¹1‚
1265 4656 1295 4709 θῑ
1318 4653 1405 4722 0¹⁸⁰b2
1426 4656 1456 4709 θῑ
1479 4652 1545 4720 zeh,
1576 4658 1603 4708 θῑ
1627 4654 1730 4719 zebee.

52 4767 108 4806 nec
122 4757 164 4819 tu,
184 4767 237 4806 nec
257 4751 410 4824 quisquam
425 4752 631 4808 modernorum
646 4754 867 4823 monachorum,
920 4754 948 4804 et
960 4748 1091 4805 Salmana
1104 4747 1199 4803 divina
1213 4747 1509 4820 percussionemdant
1521 4748 1603 4818 (Paul.
1618 4750 1730 4821 cxxxii),

51 4859 139 4915 quem
162 4860 216 4915 ego
236 4845 377 4913 noverim,
396 4845 495 4900 similis
519 4846 665 4902 silvestro
689 4848 784 4918 primo
805 4864 867 4903 mo·
919 4843 1019 4912 donec,
1049 4842 1189 4914 superatis
1218 4841 1388 4897 Philistuaeis
1410 4847 1439 4897 et
1462 4842 1597 4898 omnibus
1622 4843 1732 4899 caeteris

51 4938 161 5007 nach03
188 4954 241 4993 uec
269 4945 366 4993 tamen
394 4939 447 4994 hoc
472 4940 517 4994 rel
543 4941 610 4996 illud
630 4941 747 4998 dicendo
763 4942 867 4998 divina
918 4936 1098 5004 adversariis,
1125 4950 1224 4993 omnes
1251 4936 1281 4991 in
1307 4936 1448 4991 caelestem
1474 4936 1641 5005 Jerusalem,
1667 4954 1732 5011 quas

50 5032 151 5103 gratia
172 5032 285 5087 iontem
305 5038 382 5099 tunc,
409 5038 437 5089 et
453 5049 539 5102 nunc,
559 5037 589 5088 el
610 5051 726 5106 semper
741 5036 864 5106 largissi-
916 5048 1030 5088 sursum
1055 5034 1107 5099 est,
1135 5047 1220 5103 quam
1243 5030 1399 5086 secundum
1415 5029 1505 5085 tribus
1526 5046 1590 5085 suas
1610 5031 1646 5086 ad
1666 5048 1731 5089 con·

51 5142 132 5182 mum
145 5126 230 5181 alicui
244 5126 372 5182 lidclium
393 5127 539 5183 obstruere
553 5128 745 5200 audeo;quin
759 5129 865 5201 potius,
916 5125 1055 5182 litandum
1076 5124 1186 5181 nomini
1207 5123 1319 5179 Domini
1340 5124 1422 5191 (Paul.
1445 5122 1517 5195 cxci)
1536 5140 1600 5179 cum
1621 5126 1728 5196 gaudio

49 5221 186 5293 quoniam
212 5226 270 5276 tam
295 5225 396 5291 patens
424 5224 453 5276 ct
477 5221 626 5277 abundans
650 5225 693 5277 est
722 5222 864 5287 omnibus,
916 5220 1116 5287 ascendamus,
1137 5217 1209 5274 etin
1233 5216 1342 5289 templo
1356 5215 1464 5289 pacifici
1488 5217 1729 5276 Salomonisdt'em

50 5315 162 5387 gaudeo
178 5331 346 5387 semperque
361 5314 508 5387 gaudebo.
916 5315 1058 5370 eohmucm
1090 5316 1120 5368 tn
1145 5313 1285 5368 corrdeusr'a
1307 5313 1390 5383 (Paul.
1414 5312 1508 5384 cxru),
1533 5312 1591 5369 sire
1616 5313 1645 5369 in
1669 5314 1728 5370 ire·

87 5410 190 5464 Verum
201 5409 260 5481 jam
274 5414 390 5481 propter
400 5410 593 5483 quorumdam
605 5410 864 5484 importunitatem,
916 5408 1151 5481 quentationibus
1163 5407 1386 5475 constituamus3
1404 5405 1453 5461 ubi
1465 5423 1514 5462 ras
1530 5407 1685 5477 electionis,
1700 5414 1729 5466 et

47 5504 98 5575 qui
109 5502 161 5558 sibi
178 5503 245 5558 solis
259 5506 371 5559 tantum
394 5521 508 5576 semper
521 5521 643 5574 summa,
659 5523 725 5562 cunr
748 5525 805 5565 non
828 5509 865 5564 sit
915 5520 978 5577 quae
991 5519 1058 5559 rasa
1078 5501 1107 5557 in
1132 5502 1283 5568 honoram,
1298 5516 1355 5556 non
1382 5500 1411 5555 in
1432 5501 1639 5559 contumaciam
1651 5502 1728 5559 tacta

47 5596 166 5663 summi,
181 5597 225 5652 rel
238 5598 326 5652 etiam
340 5614 398 5653 non
412 5598 465 5653 soli
480 5598 596 5667 summi,
607 5600 791 5671 promittunt,
807 5603 864 5659 lon·
914 5615 997 5654 suum
1012 5596 1136 5653 cilicium
1150 5595 1295 5652 habebant
1307 5613 1315 5666 ;
1327 5595 1375 5651 ubi
1382 5595 1556 5651 cessantibus
1563 5596 1624 5666 iam
1632 5613 1729 5650 crem-

48 5692 113 5763 glor
135 5691 210 5746 sacta
235 5693 279 5746 est
297 5692 415 5763 epistola
431 5709 516 5764 quam
535 5710 590 5767 ogo
606 5695 799 5768 speraverim3
815 5696 865 5754 sed
914 5692 1044 5770 pleribus
1066 5707 1209 5749 rarorum
1238 5690 1373 5764 deposito
1397 5687 1555 5742 adamans
1577 5699 1652 5735 cam
1676 5693 1758 5743 nm·

45 5783 178 5853 charius,
192 5801 256 5857 quie
267 5801 316 5843 ure
330 5787 368 5844 ad
378 5787 566 5851 scribendum
583 5790 809 5856 tilriuooessarle
822 5812 871 5855 oc·
921 5792 1000 5855 tilica
1021 5808 1136 5871 magua
1160 5788 1335 5849 semeitica
1354 5777 1595 5842 editissimas
1609 5765 1793 5819 ‘mmm
