3750 6046
98 210 147 279 tst
547 251 552 264 ·
788 232 948 290 causator
967 233 1096 291 vtTths
1723 229 1776 287 ssa

99 350 159 402 tum
180 353 208 404 et
228 367 350 422 agapem
370 369 514 410 servorum
538 358 585 412 tlei
608 357 683 413 dalea
705 367 798 429 erant,
821 362 912 434 ipsam
924 361 1126 447 ¹grauabatur,
1140 361 1251 416 occidit.
1266 363 1319 416 f‘ro
1335 376 1390 432 quo
1405 365 1485 417 reatu
1502 359 1603 415 afacie
1618 356 1679 431 ejus
1694 357 1776 430 prius

96 441 235 515 affligere.
246 444 301 501 Sed
315 446 456 519 benignus
468 450 558 519 lesus,
570 452 618 524 qui
631 457 673 508 est
686 469 768 510 verus
781 456 913 512 Ecclesiae
963 455 991 510 in
1006 454 1192 523 Britanniam,
1204 454 1308 510 deiude
1323 454 1351 509 in
1366 453 1508 526 hugliam,
1523 456 1669 525 postremo
1681 451 1775 507 Bene·

97 552 226 608 sponsus,
240 540 370 610 quamvis
385 543 516 599 saevireut
531 544 567 600 ad
585 545 801 618 deprimendam
819 550 912 605 Eccle·
962 554 1077 604 ventum
1095 564 1159 603 oum
1179 547 1244 603 filiis
1259 552 1287 603 et
1302 546 1451 620 nepotibus
1465 546 1587 619 aufugit.
1602 545 1650 600 ilie
1664 543 1776 617 primus

97 629 147 685 siae
160 647 261 688 navem
274 635 360 690 maris
374 635 484 705 fluctus,
497 638 557 710 ipse
571 639 741 697 mirabiliter
753 643 870 698 emicuit
883 643 912 698 in
962 633 1192 697 Normenuorum
1213 640 1311 697 sedem
1332 639 1361 696 in
1382 641 1482 713 Apulia
1503 638 1556 694 sibi
1575 636 1693 708 delegit,
1712 639 1741 691 ct
1759 653 1776 690 a

97 724 245 796 ereptione
257 732 608 803 suorum,comprimendo
620 735 774 791 contrarios
785 741 910 792 conatus.
962 734 1089 807 principe
1107 735 1370 790 beneventanorum
1387 732 1524 806 oppidum
1543 730 1581 787 ad
1600 730 1775 786 manendum

132 817 205 882 Quid
220 822 288 876 tunc
307 822 443 895 temporis
458 824 611 897 contigerit
629 826 759 896 flebilia,
777 829 911 885 willelmi
961 827 1013 883 sibi
1034 827 1147 900 suisque
1167 827 1326 883 heredibus
1344 826 1454 899 accipit.
1472 824 1578 882 Deinde
1599 825 1694 896 Drogo
1710 823 1774 895 qui·

97 910 229 968 Talavicii
244 913 319 982 fitia,
335 916 473 971 veraciter
487 918 643 990 explicabo,
657 919 724 976 lieet
738 926 912 994 prepostero
962 920 1029 976 dam
1053 921 1229 976 Normannus
1249 918 1342 989 miles,
1361 935 1425 975 cum
1446 923 1561 974 centum
1583 916 1723 972 militibus
1744 916 1774 971 in

100 1004 212 1059 ordine.
225 1006 296 1076 lpse,
308 1007 377 1062 dum
392 1009 468 1080 apud
479 1009 591 1067 Utioum
603 1012 633 1068 in
644 1012 724 1069 initio
739 1017 912 1072 monasticus
960 1013 1116 1069 Jerusalem
1126 1030 1246 1087 peregre
1256 1013 1396 1086 perrexit;
1408 1027 1495 1086 quom
1505 1011 1572 1067 inde
1587 1011 1774 1066 reuertentem

98 1097 168 1151 ordo
185 1099 355 1170 regulariter
375 1106 542 1173 servaretur,
561 1110 589 1162 et
603 1107 735 1163 omnihus
753 1109 909 1166 advenien·
961 1123 1027 1162 eum
1049 1106 1131 1162 sociis
1150 1106 1208 1163 suis
1225 1106 1415 1162 waimalchus
1433 1105 1490 1161 dux
1510 1103 1587 1177 apud
1607 1102 1775 1159 Psaleruum

98 1189 172 1244 tibus
186 1191 329 1248 charitatis
342 1193 443 1266 oftlcia,
457 1202 488 1252 ul
500 1197 639 1255 haetenus
653 1199 758 1258 ibidem
777 1218 839 1259 mos
857 1207 910 1269 est,
961 1199 1113 1273 aliquantis
1132 1199 1232 1255 diebus
1252 1215 1336 1255 eausa
1356 1197 1542 1254 humanitatis
1559 1197 1594 1253 ad
1613 1194 1774 1253 refocillan-

96 1281 310 1355 eshihereutur,
324 1293 441 1360 propter
453 1289 561 1360 odium,
572 1293 649 1364 quod
663 1310 730 1366 erga
744 1295 912 1355 fundatores
961 1291 1029 1348 dum
1045 1293 1171 1349 retinuit.

96 1375 171 1430 illius
195 1378 315 1434 caenobii
343 1381 464 1449 ferebat,
489 1384 584 1457 plures
608 1388 750 1443 molestias
779 1391 912 1462 nequiter
998 1388 1075 1442 Tunc
1096 1385 1196 1459 viginti
1221 1384 1308 1441 millia
1330 1384 1552 1441 sarracenorum
1574 1381 1668 1439 ltalieo
1688 1381 1776 1437 littori

97 1471 270 1542 excogitatas
297 1473 393 1529 eidem
419 1475 481 1531 loeo
507 1478 655 1535 inferebat.
680 1481 791 1554 Quippe
815 1487 913 1540 contra
961 1479 1171 1553 applicuerunt,
1195 1483 1222 1534 et
1244 1495 1260 1533 a
1283 1477 1390 1534 civibus
1415 1475 1611 1532 Psaleruitanis
1635 1474 1775 1530 tributum

99 1563 263 1621 Ceroienses
278 1569 359 1638 pater
373 1568 435 1640 ejus
454 1574 483 1624 et
498 1571 568 1642 ipsa,
582 1573 733 1646 omnisque
749 1574 824 1631 illius
844 1593 910 1648 pro·
961 1589 1026 1629 oum
1048 1572 1167 1628 summis
1189 1569 1456 1627 comminationibus
1477 1570 1594 1641 exigere
1617 1574 1774 1640 coeperunt.

97 1657 195 1728 genias
214 1658 262 1714 diu
281 1661 439 1730 perdurans
452 1663 549 1719 odium
565 1665 737 1724 habuerunt.
754 1668 833 1725 Unde
847 1673 912 1743 quia
962 1667 1037 1722 lluce
1050 1671 1145 1721 autem
1161 1681 1224 1720 cum
1243 1662 1410 1720 satellitibus
1429 1661 1486 1717 suis
1503 1661 1624 1735 vectigal
1639 1661 1776 1716 acivihus

97 1751 236 1823 ltogerius
259 1754 293 1809 de
315 1754 575 1826 Monte-Gomarici,
599 1760 641 1814 vir
662 1760 733 1831 ejus,
758 1738 1123 1830 monachossscolligente,
1147 1757 1184 1812 do
1205 1757 1290 1813 classe
1315 1755 1421 1828 egressi
1446 1761 1522 1823 sunt,
1545 1758 1574 1810 et
1597 1755 1626 1809 in
1651 1753 1776 1810 herbosa

98 1844 213 1899 amabat
232 1850 259 1902 et
279 1847 447 1917 honorabat,
469 1866 521 1906 nec
540 1851 602 1923 ipsa
624 1853 664 1908 eis
683 1859 780 1927 aperta
803 1856 910 1912 malitia
961 1851 1089 1923 planitie,
1113 1866 1178 1923 quae
1200 1851 1273 1905 inter
1295 1849 1398 1904 urbem
1424 1854 1452 1903 et
1477 1863 1556 1903 maro
1580 1847 1634 1902 sita
1659 1850 1713 1917 est,
1739 1846 1775 1902 ad

96 1953 197 1995 nocere
211 1940 344 2009 audebat,
357 1942 484 1998 erebrius
499 1960 564 2000 cum
583 1946 766 2004 multitudiue
785 1949 909 2005 militum
960 1944 1112 2016 prandium
1125 1959 1191 2000 cum
1206 1942 1317 2014 ingenti
1331 1941 1480 1998 securitate
1497 1944 1525 1996 et
1540 1939 1646 2013 gaudio
1659 1939 1774 1995 resede-

96 2031 174 2103 quasi
190 2032 349 2106 hospitandi
363 2036 454 2107 gratia
468 2036 502 2092 ad
518 2040 720 2096 monasterium
734 2041 892 2099 divertebat
899 2062 908 2113 ;
959 2042 1037 2094 runt.
1059 2037 1131 2093 Cum
1157 2033 1314 2091 Normanni
1336 2035 1389 2090 hoc
1411 2033 1627 2106 comperissent,
1653 2032 1774 2088 ducem·

96 2123 193 2197 sieque
218 2128 385 2196 monachos,
410 2130 457 2201 qui
483 2135 652 2203 paupertate
678 2133 707 2188 in
730 2135 818 2191 sterili
842 2152 909 2192 rure
960 2146 1016 2203 que
1051 2145 1102 2202 pro
1137 2128 1275 2186 leniendis
1302 2127 1431 2183 barbaris
1457 2126 1609 2200 pecuniam
1642 2125 1776 2198 colligere

95 2219 309 2292 affligebantur,
322 2222 467 2293 gravabat.
484 2224 633 2289 Quondam
645 2243 709 2283 cum
723 2227 830 2285 ibidem
842 2245 908 2286 aum
960 2222 1106 2292 vidissent,
1127 2221 1233 2294 Apulos
1253 2219 1438 2276 amicabiliter
1457 2220 1678 2292 increpaverunt
1697 2219 1775 2292 quod

95 2314 212 2369 eentum
231 2313 370 2371 militibus
390 2316 593 2388 hospitaretur,
610 2325 639 2376 et
656 2336 672 2375 a
691 2320 798 2378 domno
818 2323 907 2380 Theo·
959 2316 1077 2389 pecunia
1095 2331 1156 2371 sete
1171 2321 1203 2371 ut
1217 2314 1341 2371 inermes
1359 2313 1452 2369 vidtlae
1469 2312 1656 2381 redimerent,
1670 2327 1730 2367 1¹⁰⁰
1745 2315 1776 2367 ul

95 2405 190 2462 derico
205 2407 308 2464 abbate
326 2410 549 2482 redargueretur
563 2429 613 2467 aar
630 2429 695 2469 aum
716 2419 796 2471 tama
815 2417 907 2473 ambi.
959 2410 1012 2465 viri
1038 2410 1126 2465 fortes
1151 2423 1296 2465 armorum
1319 2409 1422 2462 virtute
1446 2405 1640 2462 defenderent.
1665 2404 1775 2460 Deinde

95 2500 174 2556 tione
192 2501 228 2555 ad
250 2517 391 2574 pauperes
403 2504 556 2561 coenobitas
572 2506 705 2577 venisset,
720 2525 841 2582 eamque
858 2510 907 2566 ad·
959 2518 1037 2558 filma
1052 2506 1244 2573 Sflmfiffflssls
1256 2500 1339 2556 Asl⁰³
1354 2515 1453 2554 ⁸0⁰¹¹l⁰
1469 2497 1589 2571 Vfciigll
1604 2502 1773 2571 exspectan·

95 2600 226 2650 moneret
239 2598 269 2649 ut
281 2594 317 2650 ab
329 2596 384 2652 hac
397 2597 516 2654 stultitia
531 2615 560 2654 se
573 2605 728 2670 coerceret,
740 2602 787 2657 illa
800 2602 909 2660 inflam-
958 2602 1001 2652 ees
1025 2599 1143 2668 repente
1168 2594 1341 2660 invaserunt,
1365 2591 1519 2664 militisque
1543 2589 1668 2647 millibus
1693 2590 1774 2658 fusis,

95 2693 173 2743 mata
199 2688 346 2760 respondit
371 2708 377 2743 :
407 2711 421 2740 a
445 2691 580 2762 hfajorem
605 2708 756 2750 numerum
784 2696 908 2753 militum
958 2689 1084 2761 reliquos
1101 2703 1165 2743 cum
1186 2686 1325 2741 d0d00⁰r0
1346 2685 1381 2741 &d
1402 2701 1487 2740 flavet
1505 2684 1773 2757 tusussffefflmpss·

95 2776 232 2831 adducam
251 2777 286 2831 de
305 2780 409 2832 caetero
424 2794 510 2850 quam
527 2778 644 2837 adduxi.
664 2804 678 2832 »
694 2782 736 2837 ad
748 2783 808 2839 haec
822 2783 908 2841 abhas
958 2782 1064 2837 lerunt.
1089 2779 1246 2837 Normanni
1266 2779 1362 2852 itaque
1381 2777 1474 2834 aureis
1493 2785 1522 2833 et
1540 2777 1683 2850 argenteis
1702 2778 1774 2832 vasis

95 2870 156 2925 ait:
176 2891 189 2919 α
204 2869 294 2925 Crede
309 2869 394 2938 mihi;
410 2871 463 2926 nisi
476 2872 511 2927 ab
525 2873 578 2928 hac
591 2873 770 2947 improbitate
783 2877 906 2948 resipue·
958 2875 1078 2946 aliisque
1107 2873 1206 2946 spoliis
1234 2870 1331 2927 multis
1361 2875 1389 2926 et
1415 2869 1545 2943 pretiosis
1575 2870 1669 2926 onusti
1698 2869 1772 2926 redi·

96 2963 145 3029 ris,
168 2963 243 3035 quod
266 2964 354 3019 nolles
374 2964 502 3037 patieris.
527 2987 539 3018 e
561 2967 642 3032 Quod
666 2972 695 3024 et
718 2969 757 3023 ita
778 2970 906 3044 contigit.
957 2972 1051 3036 enxnt,
1070 2966 1248 3037 multumque
1265 2964 1377 3031 aduee,
1392 2968 1423 3019 ut
1437 2963 1544 3019 ibidem
1559 2962 1719 3019 honorifice
1732 2980 1775 3019 re·

95 3056 165 3111 Nam
187 3055 216 3111 in
238 3057 419 3130 subsequenti
438 3064 521 3115 nocta
540 3060 632 3132 passio
648 3060 725 3117 illam
747 3063 858 3131 invasit,
880 3068 908 3120 et
959 3063 1119 3128 manerent,
1135 3057 1225 3131 rogati
1246 3061 1326 3128 sunt,
1343 3057 1392 3112 scd
1407 3057 1475 3129 quia
1492 3056 1634 3112 revisendi
1652 3057 1773 3128 patriam

94 3150 205 3206 fortiter
223 3167 327 3207 vexare
347 3152 439 3224 eoepit.
455 3156 492 3208 at
511 3152 558 3209 illa
577 3170 641 3210 mox
661 3155 727 3211 inde
747 3173 808 3212 sese
822 3157 908 3229 jussit
957 3152 1052 3225 cupidi
1076 3156 1166 3222 erant,
1187 3150 1368 3223 poscentibus
1387 3166 1443 3205 non
1465 3148 1680 3221 acquieverunt.
1702 3152 1774 3206 atta-

94 3245 199 3300 efferri.
223 3246 292 3310 Quae
312 3244 381 3300 dum
404 3245 504 3318 fugere
527 3247 562 3303 de
583 3252 660 3303 terra
682 3249 780 3306 Sancti
799 3249 906 3306 Ebrulft
957 3262 1024 3302 men
1047 3245 1239 3317 promiserunt
1261 3242 1288 3298 ei
1311 3243 1389 3315 quod
1410 3242 1464 3314 ipsi
1488 3241 1524 3296 ad
1545 3257 1612 3297 eum
1635 3241 1772 3309 redirent,

95 3337 192 3394 territa
203 3337 362 3409 festinaret,
373 3343 402 3395 et
413 3342 480 3394 ante
492 3341 609 3396 domum
622 3341 771 3413 eujusdam
785 3343 907 3416 burgen·
957 3342 1007 3395 aut
1025 3338 1061 3393 de
1080 3338 1176 3393 electis
1186 3336 1338 3409 juvenibus
1355 3333 1538 3391 Normannire
1551 3334 1664 3407 aliquos
1677 3335 1705 3390 ei
1717 3334 1772 3390 cito

93 3430 131 3485 sis
147 3430 261 3486 nomine
281 3430 396 3503 Rogerii
410 3431 547 3488 suisnarii
561 3435 706 3503 transiret,
722 3435 787 3491 inde
803 3452 905 3509 quarn-
955 3431 1113 3487 mitterent.
1128 3432 1278 3502 Postquam
1298 3445 1365 3485 vero
1385 3429 1478 3484 natale
1493 3428 1584 3483 solum
1603 3428 1771 3500 attigerunt,

91 3524 158 3579 dam
172 3523 341 3580 infantulam
360 3525 511 3582 lactentem
525 3527 630 3583 assumi
646 3527 790 3601 praecepit,
806 3529 906 3601 orique
957 3524 1046 3581 multa
1065 3540 1130 3596 quse
1144 3523 1274 3579 viderant
1288 3525 1319 3578 et
1335 3521 1498 3591 audierant,
1513 3521 1555 3577 vel
1571 3521 1710 3591 fecerant,
1725 3538 1772 3578 sen

91 3617 153 3689 ejus
169 3616 323 3673 mamillam
340 3634 429 3689 suam,
444 3619 473 3674 iu
488 3636 544 3692 qua
559 3621 686 3676 maxima
700 3638 765 3692 pars
783 3621 904 3677 infirmi·
956 3617 1033 3690 passi
1050 3618 1173 3687 fueraut,
1189 3615 1382 3688 compatriotis
1401 3614 1458 3671 suis
1478 3614 1649 3670 retulerunt.
1665 3613 1773 3670 Deinde

90 3710 157 3767 tatis
182 3711 299 3767 collecta
323 3717 392 3781 erat,
415 3713 449 3768 ad
475 3713 633 3785 sugendum
655 3713 786 3770 tradidit.
810 3715 906 3770 lufaus
956 3710 1073 3783 quidam
1101 3725 1199 3766 eorum
1227 3709 1368 3781 promissa
1395 3706 1569 3780 complentes
1593 3707 1771 3780 reciprocato

93 3804 190 3876 itaque
204 3803 278 3859 suxit
297 3806 325 3860 et
339 3805 425 3876 paulo
443 3811 506 3877 post
521 3812 635 3862 mortua
649 3815 704 3877 est;
720 3807 825 3862 mulier
839 3823 905 3864 vero
955 3805 1025 3860 ealle
1053 3803 1161 3859 ltaliam
1189 3802 1377 3874 repedarunt,
1405 3801 1594 3874 exemploque
1621 3816 1673 3856 suo
1699 3800 1772 3856 levia

92 3899 291 3952 convalescens
314 3897 350 3953 ad
372 3899 491 3970 propria
513 3914 627 3954 reversa
650 3903 701 3955 est.
725 3902 824 3956 Postea
844 3899 905 3956 fere
957 3898 1113 3952 multorum
1128 3895 1215 3953 eorda
1228 3895 1264 3950 ed
1279 3894 1456 3968 sequendum
1472 3911 1502 3949 se
1517 3892 1687 3950 excitarunt.
1702 3894 1771 3949 Nam

93 4007 127 4045 rr
147 3990 230 4045 annis
244 3989 321 4058 vixit,
335 3990 384 4046 sed
401 3991 523 4061 tltieurn,
540 3996 688 4064 postquam
704 3992 820 4064 ibidem,
834 3993 907 4048 sicut
954 3990 1103 4046 furstinus
1126 3992 1318 4062 cognomento
1340 3987 1457 4044 Citallus
1481 3992 1509 4044 et
1532 3986 1700 4059 llagnulfus,
1725 3986 1770 4043 Ri-

91 4082 327 4154 supradiximus,
343 4082 453 4155 flagello
469 4084 518 4139 liei
535 4085 670 4158 castigata
688 4091 741 4154 est,
759 4102 904 4159 nunquam
954 4084 1079 4140 ahardus
1105 4082 1271 4138 anschetilli
1296 4081 1331 4137 de
1357 4080 1515 4147 Quadrellis
1540 4079 1634 4150 filius,
1661 4078 1772 4152 filiique

90 4174 169 4231 adire
182 4175 372 4247 presumpsit,
384 4178 412 4230 et
424 4192 461 4231 ne
475 4176 684 4233 habitatoribus
698 4177 774 4233 illius
787 4178 904 4234 coenobii
954 4176 1090 4233 Tancredi
1110 4176 1146 4232 de
1165 4175 1325 4243 stlta-Villa,
1344 4175 1437 4246 Droga
1456 4173 1587 4230 videlieet
1605 4175 1693 4246 atquo
1708 4174 1772 4229 Um-

91 4269 231 4324 ullutenus
246 4273 360 4324 noceret
373 4285 422 4324 seu
440 4269 596 4342 prodesset,
613 4273 670 4326 toto
685 4271 748 4326 nisu
765 4288 795 4327 se
808 4278 904 4328 costo·
955 4271 1054 4338 fridus,
1074 4268 1231 4325 willelmus
1249 4272 1277 4325 et
1293 4268 1481 4338 hermannus,
1497 4267 1651 4323 lietbertus
1664 4282 1771 4340 cogno·

90 4361 168 4432 divit,
183 4361 310 4434 quandiu
323 4362 352 4416 in
366 4363 534 4418 aerumnosis
548 4363 632 4435 hujus
643 4364 709 4420 vitae
724 4365 905 4422 felicitatibus
955 4369 1052 4419 mento
1069 4362 1226 4418 wiscardus
1240 4366 1270 4418 et
1286 4360 1425 4433 Rogerius
1438 4364 1467 4416 et
1478 4376 1527 4416 sex
1540 4359 1644 4416 fratres
1658 4376 1770 4431 eorum,

89 4459 189 4529 postea
206 4455 286 4512 vixit.
302 4456 439 4512 abbatem
459 4462 556 4513 tamen
574 4458 780 4515 Theodericum
797 4457 1113 4533 dilexit.1)willelmus
1129 4457 1164 4511 de
1184 4455 1379 4511 hfouasteriolo
1396 4459 1425 4510 et
1441 4453 1582 4509 Ernaldus
1599 4454 1634 4510 de
1653 4454 1770 4510 Grenic-

90 4550 173 4624 aique
189 4551 282 4623 magis
296 4566 384 4622 quam
398 4550 523 4606 Uticensi
541 4551 665 4607 ecclesia
679 4552 778 4608 cellam
793 4555 819 4608 S.
832 4554 903 4609 tfar·
956 4550 1108 4619 maisnilio,
1129 4549 1234 4622 aliique
1253 4549 1334 4604 multi
1355 4546 1559 4604 Normanniam
1581 4547 1771 4619 reliquerunt,

89 4642 152 4713 tini,
170 4648 201 4700 ut
218 4660 269 4717 per
283 4643 516 4717 anticipationem
535 4644 667 4716 diximus,
684 4646 903 4702 commendavit.
956 4649 985 4700 et
1009 4643 1140 4716 Apuliam
1166 4659 1222 4698 non
1247 4642 1343 4711 simul,
1369 4639 1417 4696 sed
1443 4640 1560 4696 diversis
1584 4640 1770 4712 temporibus,

956 4737 1098 4792 adierunt.
1116 4737 1183 4792 llluo
1202 4738 1299 4791 autern
1320 4733 1526 4807 pervenientes,
1544 4732 1770 4807 primoquidem

957 4830 1123 4885 waimalchi
1136 4829 1215 4885 ducis
1231 4829 1408 4901 aliorumque
1425 4829 1576 4900 potentum
1596 4825 1774 4898 stipendiarii

957 4926 1057 4979 contra
1075 4938 1199 4996 paganos
1219 4923 1286 4978 facti
1306 4926 1386 4991 sunt;
1405 4925 1570 4994 posteaque,
1590 4921 1697 4976 exortis
1715 4919 1776 4992 qui·

125 5023 156 5077 ln
171 5020 237 5077 sede
252 5020 403 5093 apostolica
417 5020 573 5076 Benedicta
587 5037 663 5093 papa
676 5020 830 5089 residente,
846 5021 907 5077 Sar·
957 5018 1078 5073 busdam
1099 5017 1278 5073 simultatum
1291 5015 1391 5084 causis,
1412 5031 1460 5070 eos
1482 5013 1586 5087 quihus
1601 5018 1688 5070 autea
1712 5029 1773 5069 ser-

92 5114 186 5170 raceni
201 5112 237 5168 de
255 5114 347 5170 Africa
366 5115 394 5170 in
412 5114 544 5188 Apuliam
561 5114 676 5187 navigio
690 5113 810 5187 singulis
823 5114 906 5170 arinis
956 5111 1066 5167 vierant
1091 5110 1345 5183 impugnaverunt,
1372 5111 1401 5164 et
1424 5107 1590 5165 Psalernum
1614 5109 1703 5179 etque
1727 5107 1775 5162 Ba·

91 5207 255 5276 veniebant,
275 5212 304 5264 et
326 5225 377 5281 per
399 5207 524 5282 singulas
543 5206 653 5279 apuliae
676 5207 762 5264 urbes
783 5208 908 5280 vectigal
958 5221 1035 5273 rum,
1056 5204 1227 5278 Capuaeque
1251 5218 1316 5258 oum
1340 5204 1399 5257 tota
1420 5199 1575 5273 Campania
1596 5204 1625 5256 at
1647 5198 1777 5257 Calabria

90 5305 232 5375 quantum
247 5302 378 5358 volebant
392 5318 409 5357 a
423 5302 568 5358 desidibus
582 5301 778 5374 langobardis
791 5308 818 5357 et
833 5302 908 5358 Crue-
958 5297 1087 5353 virilibus
1108 5296 1196 5352 armis
1218 5296 1271 5352 sibi
1292 5294 1479 5367 subegerunt.
1496 5295 1527 5350 lu
1550 5291 1641 5349 Sicilia
1661 5307 1777 5366 quoque

89 5395 128 5450 cis
140 5394 301 5452 Calabriam
317 5394 503 5452 incolentibus
519 5395 638 5468 impune
654 5394 842 5467 accipiebant.
960 5393 1145 5461 Panormum,
1172 5389 1328 5462 urbemque
1351 5387 1572 5454 cathanensem,
1595 5389 1778 5459 castrumque

125 5489 171 5545 ilis
194 5489 305 5558 diebus,
327 5488 502 5558 osmundus,
525 5493 717 5562 cognomento
738 5489 907 5562 Drangotus,
958 5483 1086 5554 loannis,
1111 5500 1176 5539 cum
1203 5482 1266 5539 aliis
1292 5481 1411 5539 urbibus
1433 5483 1463 5535 et
1487 5477 1632 5553 preclaris
1656 5478 1776 5552 oppidis,

87 5582 262 5640 willelmum
282 5581 485 5656 Repostcllum,
506 5581 554 5655 qui
580 5598 640 5638 sese
664 5581 699 5637 da
722 5586 819 5655 stupro
843 5581 909 5639 illice
959 5594 1024 5653 que
1044 5593 1133 5652 usque
1153 5577 1237 5634 hodie
1258 5574 1387 5632 heredes
1405 5589 1506 5631 eorum
1527 5572 1684 5647 possident,
1702 5571 1777 5630 ohti-

86 5676 151 5748 ejus
161 5677 192 5734 in
202 5675 349 5733 audientia
359 5676 533 5748 optimatum
547 5675 731 5732 Normannioe
740 5678 910 5749 arroganter
961 5677 1098 5731 nuerunt.

76 5769 251 5839 jactaverat,
267 5769 342 5827 inter
360 5784 464 5830 manus
478 5769 605 5830 tlotherti
620 5769 699 5828 ducis
718 5769 748 5827 in
764 5768 845 5841 silva,
861 5769 910 5825 ubi
997 5770 1073 5826 tuter
1091 5768 1283 5840 Normannos,
1303 5764 1352 5840 qui
1370 5762 1495 5823 Tiberim
1511 5762 1698 5835 transierant,
1710 5760 1780 5821 wil.

90 4787 159 4844 vul.
177 4791 355 4858 tfiprottooes
371 4792 587 4848 Normouuorum
605 4791 635 4844 iu
652 4791 792 4860 Apuliam.
808 4793 907 4846 Prima

160 4896 252 4936 eorum
264 4882 363 4937 ibides
381 4882 464 4938 seda.
480 4883 663 4939 anschetillus
676 4884 833 4938 monachas.
