3750 6046
142 186 193 241 295
809 180 969 243 canuntur
990 182 1118 241 VleLlS
1770 184 1823 240 reo

143 307 266 363 studiose
281 307 448 362 collocatum
462 309 513 375 est,
524 307 643 378 jamque
661 305 769 362 ibidem
781 307 846 379 ptus
863 323 952 379 quern
964 306 1070 392 hb⁰¹¹i
1089 303 1359 378 pertranseuntibus
1376 302 1527 361 evidenter
1543 306 1632 377 petet,
1645 304 1697 361 ubi
1715 321 1824 378 magua

23 458 37 478 ,
143 418 195 457 cxx
220 401 303 456 annis
327 399 527 456 venerabiliter
552 405 696 457 servatum
723 405 773 456 est.
797 403 954 456 lnnnurere
1002 399 1156 471 congeries
1177 399 1282 454 ossium
1308 402 1490 454 mortuorum
1509 413 1600 471 usqm
1625 398 1711 455 hodic
1733 399 1823 470 jacet,

141 494 212 550 inibi
227 510 315 566 super
334 494 461 549 infirmos
480 494 618 549 miracula
633 494 798 563 factasunt,
817 497 847 549 et
862 510 953 566 usque
1003 496 1032 549 et
1061 492 1199 549 indicium
1230 492 1321 548 ruinae
1352 491 1516 562 multiplicis
1548 492 1697 565 utriusque
1728 492 1823 565 gentis

142 588 238 656 hodie,
253 594 434 660 promerente
447 588 607 660 petentium
621 585 686 653 fide,
703 590 734 642 ut
749 592 807 643 tota
825 586 953 642 vicinitas
1003 585 1130 641 exhibet.

143 685 304 750 attestatur,
317 681 481 754 frequenter
493 681 574 736 flunt.
1038 681 1148 734 interea
1174 679 1243 734 dum
1271 679 1355 751 Angli
1385 679 1460 735 bello
1490 679 1661 736 Eboracensi
1689 679 1821 750 occupati

178 778 216 832 De
246 775 431 832 translatione
456 775 526 830 sacri
552 773 688 845 corporis,
717 789 802 845 quam
830 774 954 830 breviter
1004 777 1098 840 eraut,
1119 776 1147 828 et
1168 772 1328 828 custodiam
1351 773 1447 842 maris,
1468 777 1501 829 ut
1519 772 1654 841 diximus,
1675 776 1749 828 nutu
1771 773 1821 828 Dei

142 869 189 925 hic
210 868 297 925 modo
323 868 481 940 tetigimus,
505 871 533 922 et
559 866 595 923 de
619 866 836 939 plurimisque
859 867 954 923 Pernis
1003 864 1189 937 reliquerant,
1200 866 1725 938 classislt'ormannorum,quaespatio
1735 866 1823 922 unius

143 967 335 1035 provenerunt
366 961 544 1016 intirmorum
578 959 760 1028 sanitatibus,
791 961 954 1016 berulensis
1003 959 1110 1014 mensis
1132 959 1160 1015 in
1184 960 1256 1015 ostio
1278 959 1353 1015 Dira
1375 959 1532 1033 vicinisque
1553 959 1693 1032 portubus
1715 961 1821 1015 Notum

145 1056 300 1109 willelmus
314 1053 484 1109 venerabilis
501 1053 658 1109 monachus
675 1056 704 1109 et
721 1053 853 1109 sacerdos
872 1070 952 1126 egre-
1003 1052 1166 1123 praestolata
1186 1057 1238 1120 est,
1252 1052 1366 1125 zephyri
1385 1052 1456 1108 flatu
1469 1052 1498 1107 in
1520 1053 1673 1109 stationem
1692 1052 1721 1109 S.
1737 1053 1820 1108 Gale-

1003 1145 1055 1200 rici
1068 1146 1161 1201 delata
1176 1149 1229 1201 est.
1246 1145 1287 1201 lbi
1302 1147 1393 1201 multe
1410 1162 1462 1217 pro
1475 1162 1504 1201 se
1520 1150 1549 1201 et
1567 1162 1621 1217 pru
1641 1145 1740 1202 amicis
1753 1150 1821 1201 rota

143 1241 234 1296 lenter
247 1240 282 1296 de
302 1239 382 1295 miris
400 1240 547 1296 eventibus
562 1238 598 1294 ad
617 1256 696 1295 secra
716 1256 779 1297 ossa
793 1241 881 1312 gestis
895 1240 952 1295 dis·
1003 1239 1079 1294 facta
1106 1243 1172 1294 sunt
1198 1244 1227 1295 et
1250 1255 1348 1311 preces
1374 1239 1657 1311 innumerabilesque
1685 1239 1822 1311 lacrymas

144 1334 240 1389 seruit.
1004 1331 1101 1388 effusae
1113 1338 1189 1388 sunt.
1206 1334 1276 1387 Nam
1291 1333 1444 1388 necessarii
1457 1333 1568 1389 sodales
1587 1348 1639 1389 seu
1660 1332 1741 1389 chari
1762 1333 1821 1388 sive

178 1426 323 1499 Philippus
349 1443 399 1483 rex
430 1428 602 1483 Francorum
630 1427 747 1484 biennio
773 1428 953 1497 febricitant,
1003 1424 1168 1498 propinqui,
1187 1426 1235 1497 qui
1254 1425 1333 1481 domi
1350 1427 1511 1482 remansuri
1529 1431 1623 1494 erant,
1641 1426 1712 1482 dum
1733 1426 1819 1499 quin-

144 1537 194 1577 nec
215 1522 271 1576 ulla
288 1521 465 1577 medicorum
486 1524 546 1578 arte
562 1521 656 1577 sanari
669 1523 772 1594 potuit.
794 1522 872 1578 Unde
891 1527 955 1594 post
1004 1519 1140 1591 quaginta
1161 1518 1250 1573 millia
1272 1519 1395 1575 militum
1417 1535 1484 1575 cunr
1508 1519 1592 1592 copia
1612 1519 1744 1591 peditum
1768 1536 1820 1591 per

142 1615 293 1670 biennium
310 1616 417 1670 Parnes
435 1615 524 1683 venit,
546 1631 652 1687 equam
671 1618 747 1671 tactu
770 1615 955 1688 reliquiarum
1004 1612 1180 1667 horrendum
1202 1613 1319 1684 pelagus
1339 1612 1377 1668 ad
1401 1613 1624 1686 expugnandam
1650 1613 1681 1668 in
1704 1613 1820 1685 propria

143 1709 233 1764 sancti
249 1708 348 1765 Judoci
367 1709 568 1765 sanctiticatam
586 1709 667 1778 bibit,
686 1711 715 1765 et
733 1709 807 1766 binis
825 1680 993 1766 noctibusss
1004 1706 1071 1763 sede
1092 1705 1268 1778 incognitam
1287 1709 1403 1778 gentem
1422 1707 1465 1762 ire
1486 1706 1644 1774 certabant,
1662 1705 1778 1763 fletibus
1792 1708 1822 1761 et

144 1807 210 1858 ante
232 1805 362 1857 sanctum
389 1818 491 1873 corpus
512 1802 542 1857 in
568 1803 745 1858 cretionibus
767 1803 953 1875 pernoctavit,
1004 1799 1142 1872 suspiriis,
1159 1799 1314 1872 multisque
1327 1800 1402 1856 curis
1417 1804 1512 1856 metus
1526 1805 1556 1857 et
1574 1799 1742 1872 cupiditatis
1761 1804 1821 1856 tam

144 1895 241 1968 ibique
267 1896 439 1962 sanitatem,
468 1896 564 1951 dolore
595 1902 737 1966 cessante,
767 1897 953 1968 recuperarit.
1004 1909 1097 1966 prose
1113 1909 1199 1965 quam
1222 1910 1274 1966 pro
1291 1893 1392 1949 amicis
1408 1894 1485 1949 anxii
1504 1894 1746 1950 erant.Tuncibi
1766 1894 1822 1950 dux

145 1990 266 2045 Senatus
283 1992 379 2044 autem
393 2004 441 2045 rex
456 2006 472 2043 n
487 1988 592 2045 solidos
613 1989 839 2046 pontesiensium
857 1996 954 2046 sanctu
1004 1982 1161 2041 willelmus
1174 1989 1203 2042 et
1221 1987 1315 2042 omnis
1332 1987 1470 2043 exercitus
1490 1987 1624 2058 precibus
1638 1992 1667 2043 et
1687 1986 1770 2043 donis
1789 2003 1822 2042 ac

144 2082 252 2137 tudoco
266 2082 379 2151 obtulit,
394 2087 423 2138 et
436 2082 578 2139 nundinas
591 2083 663 2139 feria
677 2083 762 2139 tertia
775 2085 955 2139 Pentecostes
1003 2080 1075 2134 rotis
1099 2081 1156 2134 Deo
1182 2096 1211 2134 se
1236 2079 1519 2152 commendaverunt,
1546 2085 1576 2137 et
1599 2097 1705 2154 cerpus
1730 2081 1822 2136 sancti

145 2175 282 2231 celebrari
307 2174 426 2247 singulis
446 2176 528 2230 annis
549 2175 660 2231 ibidem
682 2177 711 2231 in
733 2176 842 2233 honore
865 2177 953 2232 sancti
1004 2172 1124 2228 Galerici
1137 2173 1305 2229 confessoris
1318 2174 1421 2230 Christi
1440 2190 1493 2246 pro
1511 2174 1638 2231 secundo
1657 2174 1729 2230 flatu
1742 2178 1822 2230 extre

144 2269 243 2325 tudoci
263 2269 376 2336 annuit,
397 2272 426 2324 et
445 2268 549 2340 regalis
568 2269 742 2325 auctoritatis
763 2271 955 2342 preceptione
1004 2265 1150 2323 basilicam
1164 2267 1340 2324 detulerunt.
1354 2269 1482 2341 Denique
1499 2268 1569 2324 dum
1584 2272 1821 2341 prospectantes

144 2361 298 2418 constituit.
1005 2361 1160 2416 multorum
1182 2361 1253 2417 votis
1277 2365 1402 2432 optatus,
1420 2365 1477 2418 lieo
1501 2364 1625 2433 volente,
1647 2362 1745 2418 subito
1768 2362 1823 2435 spi·

179 2455 321 2510 Praeterea
335 2455 446 2511 meritis
462 2457 552 2512 sancti
569 2456 665 2512 Judoci
686 2457 776 2513 matta
789 2455 886 2512 Parnis
899 2458 954 2513 mi·
1005 2455 1086 2522 revit,
1102 2455 1229 2526 protinus
1248 2455 1353 2511 ardens
1372 2456 1556 2513 vehementia
1570 2456 1649 2512 ducis
1669 2472 1773 2512 omnes
1787 2456 1821 2512 ed

144 2548 241 2604 recula
260 2549 424 2621 factasunt,
439 2550 625 2622 quotidieque
644 2550 730 2621 flunt3
745 2567 867 2624 quorum
882 2568 954 2606 non·
1005 2564 1115 2620 puppes
1131 2549 1304 2616 convocavit,
1320 2552 1350 2604 et
1365 2549 1510 2621 navigium
1533 2550 1655 2606 viriliter
1675 2550 1750 2607 inire
1769 2551 1820 2606 im·

146 2641 223 2696 nulle
237 2641 344 2713 scripta
356 2644 433 2712 sunt,
448 2647 476 2698 et
487 2643 570 2714 plura
585 2659 637 2714 per
650 2643 790 2700 incuriam
803 2643 954 2700 scientium
1006 2642 1123 2712 paravit.
1154 2642 1360 2698 Normannicus
1390 2643 1485 2715 itaque
1521 2644 1666 2700 exercitus
1697 2660 1728 2700 rn
1761 2643 1819 2698 ltal.

145 2751 195 2790 seu
213 2750 266 2806 per
283 2735 457 2806 imperitiam
477 2736 635 2792 ridentium
654 2737 699 2791 vel
719 2743 902 2809 expertorum
917 2738 954 2792 si·
1007 2733 1135 2790 Octobris
1151 2734 1238 2808 [tottdl
1259 2752 1340 2792 mere
1360 2738 1564 2804 transfretavit,
1578 2740 1662 2793 nocte
1681 2754 1742 2810 qua
1760 2754 1821 2793 me·

144 2827 231 2884 lentio
249 2828 389 2884 occultata
406 2832 481 2885 sunt.
499 2830 554 2884 Nos
571 2835 678 2901 eutem,
694 2831 825 2902 quemvis
840 2832 894 2886 alia
909 2847 953 2887 re·
1007 2828 1127 2883 naariam
1148 2829 1235 2885 sancti
1256 2829 1399 2885 Michaelis
1418 2831 1586 2903 archangeli
1608 2831 1756 2887 catholica
1777 2833 1823 2886 Ec·

144 2921 219 2976 ferre
233 2922 443 2991 festinaremus,
459 2939 546 2995 peuce
565 2923 600 2978 de
620 2930 659 2992 te,
674 2912 771 2980 sancte
789 2925 904 2995 ludece,
921 2925 955 2980 li·
1006 2921 1089 2978 clesia
1110 2923 1208 2979 festive
1233 2925 1354 2995 peragit,
1378 2930 1406 2981 et
1427 2925 1542 2980 nemine
1567 2924 1720 2982 resistente
1745 2926 1822 2981 littus

143 3014 245 3072 benter
271 3016 498 3087 perstrinximus,
521 3022 549 3072 et
574 3017 746 3074 charismata
770 3018 820 3074 tibi
848 3016 1092 3121 coelituscmeris
1116 3016 1247 3087 gaudens
1268 3017 1401 3090 arripuit.
1426 3018 1532 3074 Deinde
1553 3019 1771 3076 Peneresellum
1795 3025 1823 3076 et

145 3108 210 3164 data
223 3109 288 3164 hnic
301 3110 435 3181 opusculo
449 3110 631 3180 inseruimus,
645 3117 674 3167 et
686 3128 739 3184 pro
753 3112 870 3168 modulo
888 3130 954 3184 par·
1006 3109 1154 3182 liastingas
1171 3111 1330 3184 occupavit,
1349 3112 1501 3184 electisque
1520 3111 1660 3168 militibus
1678 3129 1825 3170 commen-

144 3202 238 3258 vitatis
264 3206 370 3259 nustrae
396 3203 498 3259 devote
519 3204 685 3260 attollimus.
707 3209 823 3262 Oramus
847 3206 954 3278 itaque,
1005 3202 1096 3273 davit3
1124 3220 1187 3277 quae
1215 3204 1267 3260 sibi
1292 3205 1387 3262 ferent
1418 3207 1616 3278 receptaculo,
1645 3211 1676 3263 et
1706 3207 1825 3264 naribus

145 3296 266 3367 gloriose
282 3296 322 3351 lili
340 3297 416 3369 regis
437 3298 582 3354 Britonum
597 3303 625 3354 et
642 3315 758 3354 consors
775 3299 954 3371 angelorum,
1005 3297 1231 3369 propugnaculo.

144 1149 223 1219 giam
245 1148 385 1203 dictamen
408 1147 506 1215 edidit,
529 1147 559 1201 in
580 1163 637 1219 quo
658 1147 797 1204 veraciter
822 1149 851 1202 et
872 1147 953 1203 tucn·

145 3392 176 3444 ut
190 3405 241 3444 nos
255 3390 311 3445 Deo
323 3392 508 3448 commendes
518 3398 634 3448 tuorum
644 3392 767 3448 efficacia
776 3394 954 3464 meritorum,

143 3483 326 3556 obtineasque
341 3484 422 3540 nobis
440 3485 605 3542 societatem
622 3489 798 3556 sanctorum,
811 3504 877 3543 cum
890 3489 954 3561 qui·

144 3574 198 3631 bus
213 3578 435 3650 contemplantes
453 3579 482 3634 in
502 3580 605 3636 decore
621 3597 672 3637 suo
686 3581 852 3638 Creatorem
867 3597 954 3638 cunc-

144 3675 250 3739 torum,
265 3672 322 3728 leci
340 3672 533 3729 collaudemus
552 3689 603 3746 per
625 3674 723 3730 omnia
742 3676 845 3732 saecula
865 3692 954 3732 saecu·

143 3765 249 3821 lorum.
264 3768 365 3822 nmen.

142 3902 193 3960 nt.
208 3906 326 3962 Euentus
343 3908 372 3961 in
391 3908 505 3977 Auqltu.
520 3909 709 3979 Nerthciqene
725 3911 758 3965 ub
773 3912 870 3981 Arrqlts
889 3927 954 3983 prc-

178 3991 318 4058 patratur.
337 3990 496 4047 Guillctmas
514 3995 732 4050 Norrnunaorum
751 3995 809 4050 dun
826 3997 956 4066 eupliam

1041 3391 1175 3463 huglicus
1191 3397 1286 3447 autem
1303 3398 1451 3464 tyrannus,
1465 3393 1554 3451 effuso
1569 3394 1665 3452 fratris
1684 3401 1714 3453 et
1733 3396 1823 3454 hostis

1005 3484 1152 3556 sanguine,
1178 3485 1259 3540 laetus
1283 3486 1437 3557 intumuit,
1462 3492 1490 3544 et
1523 3491 1637 3561 paracta
1671 3491 1824 3564 multiplici

1005 3584 1099 3650 strage
1122 3579 1208 3635 victor
1232 3580 1412 3637 hunduniam
1433 3580 1529 3637 rediit.
1552 3583 1658 3640 lterum
1686 3585 1823 3641 lleraldus

1006 3671 1085 3744 (quie
1110 3672 1280 3744 prosperitas
1305 3673 1403 3731 mundi
1431 3679 1463 3729 ut
1486 3675 1582 3734 fumus
1611 3681 1678 3734 ante
1704 3684 1821 3736 ventum

1005 3765 1060 3821 cito
1077 3765 1181 3833 delicit)
1196 3767 1368 3824 imminente
1384 3770 1525 3840 gravioris
1542 3771 1738 3830 tribulationis
1751 3790 1820 3847 pcn-

1005 3859 1083 3931 dere,
1102 3860 1230 3916 letitiam
1250 3861 1348 3917 ferulis
1367 3864 1467 3935 tropaei
1484 3865 1541 3921 cito
1561 3866 1696 3938 perdidit,
1716 3883 1771 3924 nec
1788 3868 1821 3924 de

1006 3952 1163 4010 fratricidio
1182 3954 1230 4010 diu
1254 3955 1381 4026 gaudere
1407 3958 1451 4013 vel
1478 3975 1593 4016 secunus
1620 3976 1682 4017 asse
1709 3963 1820 4035 potuit,

1006 4048 1073 4121 quie
1090 4048 1200 4120 legatus
1221 4049 1246 4104 ei
1267 4050 1445 4107 Narmaunos
1464 4053 1564 4111 adesse
1583 4070 1652 4111 mox
1669 4057 1820 4114 nuntiavit.

179 4073 296 4128 intrauit.
314 4075 422 4143 lusique
432 4076 568 4145 pralium.

1006 4144 1065 4215 lpse
1079 4157 1154 4211 rere,
1169 4146 1201 4198 ut
1212 4144 1391 4201 Normannes
1403 4144 1433 4200 in
1448 4146 1584 4219 angliam
1599 4148 1747 4221 ingressos
1760 4167 1820 4208 esse

180 4207 273 4267 Mense
297 4214 435 4283 Augusto,
458 4214 597 4271 {letaldus
623 4215 789 4273 Noricorum
816 4235 867 4276 rex
891 4237 956 4278 cum
1004 4235 1128 4306 audivit,
1149 4237 1256 4293 iterum
1283 4254 1313 4294 ω
1335 4240 1370 4295 ad
1398 4255 1521 4313 agonem
1546 4245 1729 4316 ppaeparavit,
1755 4247 1822 4302 Erat

144 4302 253 4407 Tostico
265 4311 294 4361 et
309 4306 421 4409 ingenti
437 4307 524 4364 classe
538 4308 714 4366 immensum
730 4312 848 4385 pelagus
866 4314 954 4371 intra·
1006 4331 1083 4386 enim
1108 4331 1231 4387 multum
1253 4332 1346 4388 audax
1364 4339 1394 4390 et
1414 4335 1528 4406 probus,
1551 4351 1673 4410 corpore
1693 4339 1779 4396 tortis
1794 4344 1822 4396 et

145 4402 199 4465 nt,
222 4400 251 4452 θῑ
273 4401 422 4471 ΑΡᾶῑὋῑᾶῑθ
444 4417 493 4457 ⁵⁸¹¹
522 4403 612 4459 ss⁰r0³
639 4404 726 4461 [¹⁰¹¹st
757 4407 790 4462 td
822 4410 1524 4500 Anuliamppulcnerrimus,eloqucnualepidns
1542 4433 1573 4486 et
1590 4430 1714 4488 affabilis
1734 4434 1822 4492 lento·

145 4491 297 4564 ³PP¹l⁰¹¹it2
324 4497 353 4548 02
382 4493 588 4552 Eh⁰t³⁰⁹¹¹⁵⁰¹1¹
617 4500 792 4569 Pl⁰ll¹¹⁰l³¹11
823 4505 956 4574 primibus
1005 4518 1093 4573 ribus.
1112 4521 1198 4575 Porro
1215 4526 1306 4577 matre
1327 4538 1379 4577 sua
1396 4521 1480 4578 Githe
1497 4539 1562 4595 qure
1579 4524 1701 4583 interitu
1720 4528 1822 4585 Tustici

144 4584 258 4641 invasit.
281 4587 367 4642 Porro
384 4588 520 4660 anglicus
539 4591 674 4648 lleraldns
697 4600 729 4649 ut
752 4597 956 4670 Northvigenes

144 4678 174 4735 in
193 4679 325 4751 angliam
343 4681 488 4739 advenisse
508 4684 626 4755 audivit,
643 4687 793 4761 hastinges
815 4695 844 4746 et
866 4693 955 4748 Pene-

144 4775 291 4844 vesellum,
301 4775 425 4847 aliosque
437 4783 538 4849 portus
551 4781 638 4836 maris
651 4782 788 4839 Neustriae
801 4787 955 4856 oppositos,

145 4884 216 4940 qnos
230 4872 289 4925 toto
310 4886 387 4927 annu
404 4872 454 4928 illo
474 4890 538 4929 cum
555 4876 649 4931 multis
669 4876 786 4934 navibus
806 4884 835 4935 et
854 4881 955 4937 mititi-

144 4961 199 5017 bus
218 4963 321 5019 callide
342 4972 508 5036 servaverat,
531 4969 657 5042 reliquit,
679 4976 707 5027 et
725 4974 955 5044 septentrionali·

145 5051 198 5111 bus
219 5056 386 5114 adversariis
410 5077 445 5116 ex
466 5061 620 5135 improviso
642 5067 856 5138 emergentibus
876 5071 956 5126 festi·

146 5154 252 5205 uenter
286 5167 351 5207 eum
384 5156 509 5212 exercitu
545 5159 659 5231 copioso
689 5161 820 5217 occurrit.
852 5165 956 5222 Deinde

145 5259 243 5316 pugna
258 5245 391 5320 utrinqne
405 5250 543 5306 acerrima
556 5253 710 5312 commissa
728 5258 781 5325 est,
797 5257 828 5312 in
842 5275 900 5331 qua
911 5261 955 5315 ni·

144 5337 220 5395 ruins
234 5340 350 5412 sangnis
364 5359 399 5398 cx
417 5348 536 5417 unaque
556 5351 634 5418 parte
648 5348 753 5407 effusus
765 5356 816 5418 est,
831 5356 859 5409 et
873 5352 956 5410 innu-

146 5433 290 5490 merabilis
302 5435 454 5494 hominum
469 5437 583 5496 bestiali
596 5441 675 5499 rabie
687 5444 844 5502 furentium
860 5449 956 5505 multi-

146 5526 577 5607 tndotrucideteest.1tenique
595 5535 767 5594 instantibus
782 5541 881 5612 anglis
898 5542 957 5599 vic·

145 5620 219 5678 toria
242 5623 336 5697 cessit,
357 5629 387 5681 et
405 5626 544 5683 lleraldus
566 5629 733 5689 Noricorum
754 5650 802 5690 rex
818 5650 886 5691 cnm
907 5637 958 5695 Το-

147 5713 216 5771 stica
230 5721 259 5773 et
277 5717 409 5775 omnibus
421 5720 509 5792 copiis
522 5723 581 5779 suis
601 5726 742 5789 occrrbuit.
761 5729 850 5788 Locus
869 5733 957 5792 etiam

1006 4611 1055 4666 filii
1068 4613 1109 4667 sni
1124 4612 1203 4668 valde
1213 4620 1275 4671 erat
1289 4615 1427 4687 lugubris,
1444 4616 1563 4690 aliisque
1576 4618 1711 4676 fidelibus
1724 4623 1822 4679 amicis

1005 4705 1112 4761 bellum
1138 4706 1162 4762 ei
1188 4706 1425 4780 dissuadentibus,
1451 4710 1524 4766 dixit
1546 4713 1572 4768 ei
1596 4715 1698 4771 Wortb
1726 4732 1822 4774 comes

1006 4799 1094 4855 frater
1115 4816 1208 4856 suus:
1234 4823 1248 4852 u
1271 4802 1398 4875 Oportet,
1422 4805 1585 4864 charissime
1606 4808 1697 4866 trater
1720 4817 1751 4868 et
1770 4811 1821 4867 do·

1006 4891 1093 4961 mine,
1112 4898 1143 4949 ut
1157 4894 1282 4967 probitas
1296 4901 1345 4951 tua
1357 4901 1538 4971 temperetur
1553 4900 1739 4960 discretionis
1760 4921 1820 4961 mo-

1007 4985 1161 5044 deramine.
1182 4989 1261 5045 Nunc
1276 5006 1309 5046 ex
1328 4991 1428 5061 praeliu
1450 4994 1718 5068 Northwigenarum
1730 5000 1823 5055 fessus

1007 5081 1119 5150 venisti,
1135 5082 1298 5155 iterumque
1309 5084 1427 5142 festinas
1439 5091 1540 5143 contra
1553 5088 1735 5148 Narmannus
1748 5108 1823 5151 nunc

1006 5174 1141 5247 praeliari.
1156 5177 1286 5249 Quiesce,
1299 5195 1407 5252 quaeso.
1419 5181 1576 5240 Prudenter
1589 5186 1715 5242 tmctare
1727 5190 1824 5246 tecum

1007 5267 1075 5324 velis
1088 5269 1159 5342 quid
1177 5287 1243 5326 cum
1261 5274 1445 5331 sacrementis
1464 5275 1530 5333 duci
1549 5279 1735 5338 llormennire
1753 5298 1824 5356 pru·

1007 5362 1130 5420 miseris.
1145 5364 1217 5421 Cave
1237 5382 1273 5423 ne
1292 5368 1451 5440 perjurium
1471 5370 1613 5444 incurras,
1629 5378 1661 5431 et
1676 5391 1732 5449 pre
1743 5381 1824 5434 tenta

1007 5458 1111 5514 scelere
1124 5462 1153 5514 tu
1175 5476 1240 5517 cum
1259 5461 1366 5519 viribus
1382 5470 1488 5523 nostrae
1506 5468 1599 5541 genth
1612 5484 1743 5542 cernuas,
1755 5486 1822 5530 uas·

1007 5554 1117 5624 traeqne
1143 5554 1293 5627 progeniei
1321 5573 1542 5630 permansurum
1566 5561 1693 5623 dedecus
1717 5565 1823 5623 exinde

1008 5645 1067 5701 tles.
1098 5648 1168 5720 Ego,
1192 5648 1266 5706 liber
1288 5650 1324 5707 ab
1349 5653 1429 5709 omni
1454 5658 1823 5730 meermannianam

1008 5739 1106 5797 comiti
1129 5741 1199 5798 nihil
1220 5743 1319 5801 debeo.
1343 5746 1485 5805 Audacter
1507 5749 1596 5825 igitur
1615 5752 1718 5811 muira
1739 5752 1821 5815 uun
