3750 6046
108 240 161 295 117
799 246 961 307 cantator
981 247 1112 305 vitatis
1735 251 1786 306 118

104 368 133 422 31
152 366 256 424 obnixe
275 364 437 441 supplicant
458 377 488 428 31
506 373 569 445 jam
592 374 671 429 victis
694 381 801 447 parcat,
818 377 917 433 urbem
927 389 1063 465 Acamas
1091 382 1120 433 et
1146 377 1291 435 podiensis
1317 377 1488 450 episcopus,
1516 375 1698 433 Gadeiradas
1729 378 1785 436 133

103 458 231 517 deditam
241 462 369 536 recipiat,
384 481 517 538 eamque,
531 467 613 523 sicuti
626 484 717 538 suam,
733 469 768 524 ab
784 470 916 527 hostibus
967 475 997 527 ct
1030 470 1183 526 balduinus
1215 472 1245 525 et
1275 471 1356 542 11333
1382 472 1511 542 1133333,
1538 474 1567 525 31
1595 470 1784 528 flandrensis

102 555 243 627 protegat,
257 571 292 611 ne
310 572 356 613 res
375 574 474 615 eorum
496 559 667 632 alienigenis
681 563 780 635 praeda
795 564 853 619 ilat.
869 565 917 620 ilis
967 563 1137 634 Radbertus,
1160 579 1227 620 cum
1245 562 1366 636 copiosis
1388 562 1613 619 commeantium
1632 564 1774 623 examini·

101 645 258 718 imperator
289 649 409 721 auditis,
442 651 667 710 Christianorum
701 656 851 729 profectui,
886 661 918 714 ut
965 656 1027 713 bus.

102 743 220 796 aventus
234 741 276 797 rei
300 749 401 814 postea
423 745 564 816 probavit,
579 747 690 803 occulta
708 748 850 817 inridens,
868 750 917 805 ob·
1004 751 1035 804 ln
1055 749 1119 823 ipsa
1138 750 1306 822 septimana,
1320 749 1413 818 Turci,
1426 749 1505 805 velut
1522 764 1610 807 arena
1632 750 1723 806 maris
1737 752 1781 805 in-

102 849 304 906 sessorumqua
317 836 451 908 legationi
461 838 648 910 satisfaciens,
662 842 780 912 Tatano,
792 842 917 915 principi
967 843 1090 913 numeri,
1100 848 1198 900 contra
1208 844 1404 899 buamundum
1415 842 1623 913 confluxerant,
1633 848 1664 901 et
1675 859 1782 916 magas

102 927 222 996 militiae,
234 944 320 1001 quem
332 931 504 987 nostratibus
516 933 653 1003 previum
663 950 729 990 cum
744 953 779 991 sn
791 936 917 993 millibus
966 936 1148 993 multitudino
1163 937 1270 1005 confisi,
1287 936 1463 994 Christianos
1478 936 1656 995 unanimiter
1669 937 1782 993 inrasa-

102 1026 188 1077 antea
201 1023 399 1093 constituerat,
414 1025 534 1098 aliisque
555 1027 723 1084 satellitibus
743 1029 800 1085 suis
823 1031 916 1103 impe·
966 1032 1044 1085 runt.
1060 1032 1120 1086 ltux
1135 1045 1235 1086 eorum
1248 1030 1431 1086 ltalimanans
1444 1034 1517 1098 erat,
1532 1045 1639 1102 eosque
1652 1029 1733 1086 furor
1751 1028 1781 1085 in

101 1114 177 1169 ravit
197 1119 228 1169 31
245 1132 275 1170 33
296 1119 325 1171 31
347 1133 398 1172 sua
418 1118 556 1175 dedentes
577 1121 741 1192 bysantium
759 1123 917 1194 impunitos
970 1121 1141 1195 alienigenas
1154 1122 1311 1192 animabat,
1326 1123 1376 1196 qui
1394 1123 1517 1179 Nicaeam
1531 1122 1782 1195 presumpsissent

101 1207 285 1277 deducerent,
301 1216 329 1265 et
342 1210 375 1266 de
389 1211 500 1268 civitate
515 1214 653 1270 servanda
665 1214 770 1271 curiosi
786 1232 917 1287 3333333-
966 1228 1141 1289 expugnare,
1160 1222 1188 1271 et
1206 1216 1398 1287 possessiones
1416 1230 1517 1271 eorum
1536 1214 1716 1288 depopulari.
1739 1214 1782 1270 lbi

99 1305 174 1356 rent.
187 1302 272 1358 Juxta
290 1307 466 1376 preceptum
484 1306 603 1379 Augusti
624 1308 721 1363 omnia
742 1309 818 1364 facta
838 1316 915 1379 snat,
966 1313 1047 1368 amnt
1063 1308 1156 1376 Turci,
1170 1307 1313 1377 Saraceni,
1335 1309 1425 1364 Perse
1447 1313 1477 1364 31
1496 1309 1629 1382 agulani,
1652 1323 1781 1381 quorum

100 1397 129 1450 et
142 1393 237 1450 civitas
254 1395 364 1453 reddita
379 1402 431 1466 est,
446 1414 575 1472 gensque
589 1400 743 1456 Gentilium
760 1401 797 1457 ad
814 1401 916 1458 urbam
966 1418 1119 1460 numerum
1131 1405 1371 1472 computaverant
1383 1416 1463 1458 cccix
1475 1402 1575 1470 millia,
1589 1403 1780 1473 3333133133·

100 1485 316 1558 imperatoriam
331 1489 473 1546 indemnis
488 1492 610 1548 deducta
624 1496 675 1548 est.
965 1497 1027 1567 bes,
1043 1509 1166 1567 quornm
1180 1509 1334 1550 concursus
1350 1492 1592 1551 indeterminatus
1608 1493 1673 1549 fuit.
1691 1494 1783 1566 ligre·

134 1580 229 1637 llictos
242 1582 339 1654 itaque
351 1585 507 1655 imperator
519 1601 584 1640 cum
596 1586 812 1643 honoriticentia
826 1588 915 1644 liber·
967 1590 1030 1662 gius
1047 1603 1112 1644 vcro
1135 1587 1330 1655 Buamundus,
1344 1591 1377 1642 ut
1392 1586 1633 1643 innumerabilem
1649 1587 1782 1644 multitu·

99 1674 166 1729 tatis
194 1675 328 1748 suscepit,
353 1676 525 1749 magnisque
548 1679 752 1750 dapsilitatibus
776 1681 914 1752 educarit,
968 1682 1066 1738 dinem
1075 1680 1262 1736 inimicorum
1272 1679 1340 1747 suis,
1351 1694 1399 1735 ore
1411 1679 1522 1749 rabido,
1535 1679 1657 1736 eteffero
1671 1679 1780 1752 gladio,

1 1778 11 1801 ¹
99 1770 128 1823 et
150 1768 324 1841 pauperibus
345 1770 513 1826 Christianis
536 1773 624 1827 multa
648 1773 765 1829 donaria
785 1774 913 1831 donavit.
927 1753 955 1825 Β
967 1775 1149 1831 minitantem
1162 1777 1192 1829 et
1204 1773 1391 1828 insultantem
1404 1772 1487 1843 vidit,
1501 1773 1712 1844 imperterritus
1723 1778 1779 1828 ste·

99 1860 217 1919 Ciuitate
240 1861 362 1931 reddita,
379 1863 532 1921 Christiani
551 1864 586 1920 ab
607 1865 753 1923 obsidione
768 1868 914 1925 secedunt.
965 1869 1009 1937 tit,
1026 1882 1148 1939 suosque
1168 1866 1256 1935 brevi,
1273 1866 1324 1921 sed
1343 1865 1553 1938 sapientissimo
1576 1866 1740 1934 admonuit,
1754 1872 1784 1922 et

99 1954 140 2009 lbi
152 1954 289 2011 nimirum
305 1956 387 2012 multi
402 1957 489 2028 fame,
502 1958 546 2014 vel
564 1959 669 2031 gladio,
684 1960 727 2015 vel
747 1960 802 2015 alio
820 1962 913 2033 quoli-
966 1959 1149 2016 laudabiliter
1160 1959 1196 2015 ad
1210 1957 1397 2014 honorificum
1414 1961 1560 2014 certamen
1573 1958 1781 2015 corroboravit.

99 2047 148 2103 bct
162 2048 454 2106 exterminio'mortui
475 2053 542 2106 sant
551 2069 561 2121 ;
579 2051 639 2124 qui,
655 2058 687 2108 31
703 2053 856 2124 credimus,
871 2055 914 2112 fe·
964 2053 1097 2110 Celeriter
1117 2051 1236 2107 mandat
1254 2050 1347 2122 sociis,
1362 2051 1410 2124 qni
1430 2051 1466 2107 ab
1487 2066 1522 2108 eo
1542 2051 1724 2123 longiuscula
1737 2068 1784 2109 re·

101 2139 148 2196 lici
168 2141 304 2213 martyrio
326 2142 447 2199 laureati
468 2146 545 2213 3331,
561 2145 699 2216 quoniam
721 2162 774 2217 pro
793 2147 914 2204 fratrum
964 2150 1118 2214 cesserant,
1132 2150 1164 2201 ut
1177 2145 1214 2201 ad
1227 2161 1275 2200 eos
1285 2144 1427 2216 juvandos
1440 2143 1470 2200 ia
1487 2144 1592 2216 grandi
1608 2144 1784 2201 necessitate

100 2234 298 2306 compassione
319 2251 438 2308 corpora
458 2253 510 2293 sua
529 2237 717 2295 tradiderunt.
731 2239 809 2296 llulti
829 2241 915 2297 etiam
966 2241 1129 2312 properent.
1145 2238 1287 2294 Peditibus
1296 2237 1378 2309 jubet
1391 2242 1424 2292 ut
1436 2237 1560 2309 impigra
1573 2238 1603 2293 et
1621 2237 1783 2309 prudenter

100 2327 250 2399 gentilium
273 2327 357 2384 variis
376 2329 523 2386 eventibus
545 2330 677 2386 trucidati
700 2336 913 2406 santonorum
967 2332 1088 2389 tentoria
1101 2331 1200 2404 figant,
1216 2335 1245 2387 et
1257 2330 1395 2386 militibus
1411 2335 1443 2385 nt
1454 2345 1551 2386 secum
1565 2329 1678 2385 obviarn
1690 2346 1783 2402 paga·

99 2420 234 2477 cadavera
255 2423 358 2493 passim
378 2422 527 2478 inhumata
546 2424 708 2496 jacuerunt.
731 2427 783 2481 Per
804 2431 914 2499 septem
968 2425 1012 2480 nis
1024 2423 1061 2479 ad
1074 2423 1181 2480 bellurn
1193 2422 1359 2495 procedant,
1373 2425 1403 2479 et
1413 2421 1541 2478 laborem
1555 2422 1723 2479 certaminis
1735 2422 1782 2479 in·

99 2513 306 2585 hebdomadas,
322 2518 437 2587 tresque
452 2515 511 2571 dies
530 2515 586 2572 illic
603 2516 756 2575 Christiani
774 2519 914 2577 demorati
964 2517 1067 2573 defessi
1081 2517 1251 2573 sustineant.
1267 2515 1381 2571 interim
1393 2514 1476 2571 anci
1488 2514 1681 2571 occlamantes
1694 2515 1782 2572 adse-

99 2609 166 2662 sant
174 2623 184 2676 3
200 2611 239 2677 et,
261 2606 377 2663 reddita
389 2608 472 2678 urbe,
489 2609 593 2681 pedem
607 2610 677 2666 alias
690 2611 785 2667 tristes
802 2611 912 2668 113333-
963 2615 1074 2678 nerant,
1093 2615 1122 2666 et
1144 2608 1315 2681 sagittando,
1331 2608 1375 2664 vel
1392 2607 1560 2679 jaculando,
1576 2623 1626 2664 sea
1645 2608 1781 2664 cominus

98 2705 176 2755 runt.
201 2700 359 2757 Paenitebat
382 2701 461 2756 enim
477 2718 525 2757 eas
546 2704 641 2776 longa
662 2704 823 2774 obsidionis,
844 2705 913 2762 dum
963 2703 1103 2772 feriendo,
1125 2702 1302 2759 Christianos
1325 2701 1464 2757 acerrime
1487 2700 1671 2757 infestabant.
1696 2702 1781 2758 Nulla

99 2810 157 2849 nou
175 2793 314 2849 dominati
334 2798 401 2850 sunt
416 2795 489 2864 urbi,
506 2812 586 2852 more
607 2797 764 2870 3311333113
784 2798 913 2856 civitatis.
962 2796 1090 2868 fatigatis
1104 2795 1223 2851 dabatur
1234 2795 1358 2867 requies,
1371 2793 1422 2850 sed
1436 2793 1534 2849 omnia
1551 2793 1779 2851 Christianorum

98 2887 671 2946 11313313311313133311313313133133333]
691 2891 912 2963 publicarentur,
963 2905 1084 2960 corpora
1104 2904 1204 2944 cruore
1225 2888 1268 2943 vel
1295 2887 1398 2942 sudore
1422 2886 1563 2958 liquentia
1587 2886 1779 2959 conspiceres.

98 2985 253 3052 paupertas
276 2996 436 3052 egenorum
456 2983 674 3054 temperaretur,
704 2987 734 3039 et
756 2985 913 3056 absumpta
962 2983 1083 3038 Econtra
1097 2980 1199 3037 Franci
1217 2980 1329 3052 pondus
1348 2979 1416 3035 belli
1430 2979 1631 3035 indesinenter
1644 2979 1778 3051 sufferre,

99 3074 238 3146 impensae
267 3073 475 3147 aliquantulum
505 3075 721 3132 resarcirentur.
751 3078 913 3134 Mandatum
923 3074 1093 3195 Cincursus
1115 3074 1146 3128 ia
1166 3074 1262 3129 hostes
1288 3072 1441 3144 anquando
1468 3072 1624 3144 prudenter
1646 3071 1777 3144 differre,

98 3166 200 3238 Alexii,
215 3167 250 3223 de
264 3184 322 3223 non
340 3167 517 3241 publicandis
529 3167 630 3224 Nicaeae
642 3169 802 3242 penatibus,
816 3170 912 3228 Chris·
963 3166 1064 3240 gladiis
1083 3166 1230 3222 interdum
1249 3165 1392 3234 resistere,
1413 3165 1504 3221 socios
1523 3170 1637 3221 vocatos
1659 3181 1778 3238 exspec-

99 3260 913 3334 113313333313113333333313133331,31)1113,331133
963 3263 1038 3325 tare,
1064 3276 1115 3316 aec
1144 3259 1174 3314 in
1204 3258 1300 3331 aliquo
1328 3257 1462 3314 titubare.
1489 3258 1566 3313 llanc
1591 3257 1778 3315 conflictuum

98 3354 157 3409 suis
170 3354 312 3410 incassum
324 3355 465 3426 expensis,
476 3355 644 3427 sangninem
662 3371 745 3412 soum
765 3356 911 3428 fuderunt,
962 3353 1128 3409 violentiam
1136 3351 1248 3408 ahhora
1259 3350 1313 3407 diei
1325 3349 1504 3423 1331333333
1516 3350 1658 3406 inhoram
1669 3367 1779 3408 nonam

99 3451 128 3502 et
145 3447 293 3503 facultates
315 3463 385 3519 quas
408 3449 574 3519 attulerant,
594 3448 625 3503 in
647 3448 818 3506 immensum
838 3455 910 3507 3113-
965 3446 1157 3520 33313133331.

96 3545 232 3597 3333331.
247 3540 455 3597 Fraudulentos
474 3541 571 3615 itaque
591 3559 686 3599 mores
706 3543 826 3616 Augusti
846 3559 912 3600 cum
997 3540 1050 3596 llla
1061 3538 1108 3595 die
1120 3536 1254 3593 mulieres
1269 3536 1385 3591 fueruat
1402 3534 1574 3592 bellantibus
1587 3552 1775 3610 pernecessa-

97 3633 750 3708 13333333333113331.831131333,33131333
763 3637 836 3692 nihil
846 3653 912 3709 pro·
962 3633 1021 3689 riae.
1037 3633 1108 3688 llam
1121 3629 1282 3686 sitientibus
1294 3645 1399 3702 aquam
1412 3627 1567 3701 perniciter
1576 3630 1777 3703 porrigabmt,

97 3728 227 3797 licerent,
244 3727 274 3783 ia
297 3733 410 3801 tempus
430 3729 580 3785 siluerunt.
603 3729 653 3785 llic
672 3729 798 3802 primum
820 3730 913 3801 patuit
962 3730 1160 3798 ctpugnantes
1176 3721 1777 3781 311031310003101131331.1133113333·

99 3820 232 3877 odionrm
249 3821 433 3878 seminarium
448 3840 457 3892 ;
470 3822 517 3878 hic
533 3827 713 3895 compertum
727 3829 769 3879 est
785 3823 910 3879 inimici·
961 3837 1014 3893 pus
1027 3818 1223 3874 incanduerat.
1238 3815 1312 3871 'lotis
1325 3815 1404 3870 enim
1416 3815 1523 3871 viribus
1536 3815 1673 3889 utrinque
1686 3822 1778 3874 certa·

97 3915 203 3970 tiaram
216 3915 396 3985 fomentum
415 3915 462 3971 hic
482 3915 690 3971 discordiarum
704 3915 909 3987 3333333113-
960 3912 1053 3969 batur.
1078 3909 1229 3969 Christiani
1250 3907 1441 3981 augebantur.
1457 3909 1526 3965 Nam
1548 3909 1720 3983 plerumque
1745 3911 1776 3968 in

98 4007 209 4062 centira
230 4007 389 4079 pullulare3
412 4008 460 4064 hic
482 4008 658 4064 simultatum
682 4009 832 4065 simulacra
853 4010 912 4065 risa
960 4005 1028 4079 ipsis
1041 4004 1139 4060 castris
1153 4001 1407 4076 impugnabantur.
1420 4001 1499 4057 itlius
1511 4002 1655 4060 exercitus
1673 4003 1777 4077 legatis

96 4105 163 4155 sunt
175 4115 362 4156 succrescere.
377 4101 458 4170 Nam,
474 4100 609 4172 quoniam
626 4100 739 4157 Alesios
753 4118 813 4157 non
832 4108 910 4159 recte
960 4097 1120 4155 Bnamnndi
1133 4095 1321 4163 discredebat,
1335 4097 1365 4150 et
1385 4094 1421 4150 13
1439 4095 1506 4150 belli
1526 4095 1697 4153 certitudine
1711 4114 1774 4152 am-

95 4194 196 4249 contra
211 4209 257 4249 eos
271 4198 379 4266 egerat,
395 4192 449 4266 ipsi
464 4199 562 4250 contra
577 4210 643 4253 euna
656 4194 692 4250 de
706 4195 815 4252 ultione
830 4196 907 4269 cogi·
959 4192 1087 4265 bigebat.
1101 4191 1211 4246 Nullam
1224 4194 1340 4261 gentem
1352 4188 1482 4260 sperabat
1496 4204 1568 4258 esse,
1589 4205 1654 4263 quas
1676 4195 1776 4247 contra

97 4287 205 4343 tabant.
960 4286 1003 4342 sui
1016 4284 1159 4341 exercitus
1171 4288 1282 4355 partem
1295 4282 1398 4337 saltem
1412 4281 1554 4338 decimam
1573 4281 1609 4338 13
1625 4283 1703 4340 bello
1723 4301 1775 4340 au·

130 4380 190 4451 Die,
204 4396 260 4454 qua
272 4380 385 4436 Nicana
399 4379 509 4439 obsidio
523 4382 612 4437 soluta
630 4384 682 4451 est,
700 4382 736 4437 ad
755 4383 909 4456 quemdam
959 4380 1039 4435 deret
1062 4377 1207 4433 anhelare.
1227 4376 1381 4447 Postquam
1402 4378 1500 4430 tamen
1521 4390 1621 4431 rumor
1643 4375 1697 4432 ista
1721 4394 1774 4449 per

95 4476 213 4547 pontem
228 4478 395 4546 perventum
414 4477 466 4545 est,
480 4474 531 4530 ubi
549 4491 598 4529 sua
620 4475 795 4532 Christianus
815 4477 1052 4556 popu-Dtotum
1083 4469 1239 4526 exercitum
1271 4466 1456 4540 percrebruit,
1491 4473 1521 4523 et
1550 4467 1653 4540 legatis
1683 4469 1771 4542 legati

94 4567 138 4624 lus
162 4567 283 4624 tentoria
309 4568 461 4629 collocarit.
481 4569 557 4624 Duos
579 4567 619 4624 ibi
641 4567 701 4624 1133
720 4569 908 4639 fecerunt,st
958 4562 1133 4638 superadditi
1159 4566 1234 4631 sunt,
1260 4559 1436 4618 Codefredus
1454 4560 1520 4631 dux,
1546 4564 1660 4617 313331
1687 4562 1771 4619 miles

95 4662 180 4718 tertia
193 4661 238 4718 113
254 4663 320 4717 ante
331 4662 426 4717 lucem
445 4661 501 4716 iter
512 4661 690 4734 preproperi
704 4662 907 4736 arripucrunt;
957 4657 1123 4726 acerrimas,
1135 4670 1231 4711 comes
1241 4669 1354 4726 quoqne
1369 4648 1772 4726 8133133331,313333133331

94 4758 124 4811 et
142 4755 280 4828 quoniam
302 4771 357 4810 nos
379 4754 533 4811 tenebrosa
555 4761 628 4826 arat,
645 4754 783 4812 incertam
804 4756 909 4812 incerti
958 4747 1346 4820 333133133113331133333,
1361 4745 1516 4802 balduinus
1531 4761 1646 4820 quoque
1661 4748 1774 4804 311133-

94 4847 168 4903 viam
186 4850 351 4903 tenuerunt.
374 4847 460 4902 Divisi
481 4863 550 4919 ergo
573 4847 609 4903 ab
632 4847 763 4919 invicem,
786 4848 909 4906 duorum
956 4844 1077 4913 tachins,
1088 4841 1223 4913 intrepidi
1233 4855 1299 4896 cum
1311 4840 1369 4895 suis
1378 4838 1511 4895 advolant
1520 4839 1772 4897 commilitonibus.

94 4941 150 4996 iter
164 4941 277 4996 dierum
295 4945 575 4996 consummaverunt.
591 4941 775 4997 Buamundus
787 4945 815 4997 31
829 4942 907 4998 1131-
958 4937 1102 4996 Ρ31133313
1129 4935 1279 5007 episcopas
1303 4950 1376 5007 pone
1404 4932 1589 5006 sequabatur,
1614 4948 1773 5008 comesque

92 5034 190 5091 bertus
206 5034 397 5104 itomanam,
420 5032 614 5107 blesensisque
631 5051 728 5091 comes
747 5035 908 5108 Stephanus
956 5033 1124 5100 Tolosanis,
1133 5027 1323 5086 ltaimundns.
1333 5025 1773 5099 htirabanturjamiatiscentium

95 5127 313 5195 31133333133,
333 5128 413 5199 11333
435 5127 471 5183 13
490 5127 593 5184 833313
613 5129 697 5184 Paulo
718 5133 747 5185 et
773 5128 909 5185 Cirardus
957 5126 1044 5184 corda
1067 5122 1304 5189 Christianorum,
1331 5119 1408 5176 3313
1431 5122 1512 5175 tana
1537 5135 1619 5192 geas,
1650 5126 1770 5194 tamque

95 5220 131 5276 13
163 5219 298 5289 Gornaco,
325 5219 484 5276 Cualterias
517 5221 552 5277 de
581 5220 683 5278 Sancto
707 5219 854 5278 Gualerico
880 5227 909 5278 et
956 5219 1119 5292 repentina,
1132 5218 1238 5289 prater
1251 5230 1333 5287 spem
1347 5212 1376 5269 in
1392 5211 1645 5270 eosimmersissat.
1664 5214 1775 5271 133133

95 5313 269 5381 bernardus,
294 5310 370 5368 111133
390 5313 462 5387 ejus,
484 5313 660 5385 Cuillelmns,
682 5314 757 5372 itlius
775 5315 907 5372 itannulti
957 5312 1035 5371 eninr
1046 5318 1075 5370 et
1093 5309 1180 5367 valles
1193 5309 1413 5381 cooperuerant,
1425 5308 1455 5362 et
1465 5305 1488 5361 si
1505 5321 1564 5378 qua
1579 5307 1666 5379 plana
1678 5311 1773 5378 arant,

94 5404 271 5463 vicecomitis
298 5409 327 5461 et
350 5404 517 5463 Cuillelmus
542 5406 577 5463 13
601 5407 747 5479 ferrariis,
773 5410 907 5480 llerreus,
960 5405 1056 5463 densis
1079 5408 1240 5461 turmarum
1263 5400 1362 5459 cuneis
1386 5398 1483 5455 omnia
1505 5398 1772 5472 frequentabantur.

94 5500 170 5556 111133
191 5498 374 5554 ltodemanni
399 5502 429 5554 et
450 5500 590 5569 Conanus,
609 5499 685 5557 lilius
707 5500 817 5558 comitis
834 5501 907 5557 Cau·
955 5498 1117 5556 1331113313
1132 5496 1200 5564 Deo,
1218 5493 1370 5553 Christiani
1381 5492 1494 5549 fortiter
1507 5491 1724 5565 preliabantur,
1743 5497 1774 5550 et

94 5593 176 5662 fredi,
192 5590 330 5649 liedulfus
350 5591 386 5649 13
407 5592 517 5648 Gnader
540 5599 569 5649 et
589 5595 715 5651 alannus
739 5594 816 5654 111133
835 5595 907 5668 ejus,
958 5591 1062 5667 gladiis
1076 5590 1177 5649 exertis
1200 5593 1230 5645 31
1248 5589 1279 5645 13
1302 5591 1426 5645 mortam
1445 5584 1562 5642 vibratis
1575 5600 1622 5642 ras
1635 5585 1774 5645 13313331

94 5684 166 5743 ilion
178 5686 214 5743 13
227 5684 338 5742 lohoac
355 5687 385 5740 31
397 5685 536 5756 alannus,
551 5685 662 5759 dapifer
674 5687 801 5745 bolensis
820 5692 849 5745 et
860 5686 909 5745 alii
958 5685 1124 5759 gerebatur.
1148 5682 1259 5740 adsunt
1283 5678 1440 5754 repentini,
1463 5694 1535 5753 qnos
1557 5676 1772 5750 313333333331,

80 5778 290 5851 pranserant
309 5779 341 5835 in
364 5795 424 5837 uno
446 5778 574 5853 agmina.
595 5778 625 5837 ln
643 5779 733 5838 altero
753 5780 909 5838 tolosanus
958 5775 1454 5850 33311.Ρο1133313331333333,3333
1473 5786 1647 5847 suamagno
1660 5773 1772 5833 marai·
