3750 6046
67 224 135 280 1397

527 224 695 283 EPISTOLAE
714 227 756 282 ab
775 226 973 285 emittatis.
994 256 1028 269 -
1047 228 1102 284 art.
1123 226 1284 285 titt-tiso.

1675 224 1743 286 15118

62 350 143 415 chus,
153 348 188 402 de
200 346 334 417 suffragio
345 346 751 421 ejusetadmissionoprecnm
762 366 878 404 suornm
890 361 919 435 Α
929 351 1134 422 lerosolymam
1156 352 1345 423 proficiscens,
1360 351 1513 424 qnamdam
1535 352 1630 408 villam
1652 368 1743 421 suam,

62 444 91 496 iu
116 441 240 512 negotiis
263 440 390 510 ejusdem
415 441 539 496 ccclesiae
565 442 772 497 fraternitatem
799 447 879 499 tuam

63 537 169 590 nostris
184 535 284 589 titteris
299 535 580 605 expetiitadmoueri.
596 536 734 614 Quocirca
749 536 881 592 fraterni·

62 635 149 684 tatem
164 633 241 683 tuam
258 645 309 699 per
322 628 479 698 apostolica
496 628 602 700 scripta
616 646 762 700 rogamus,
778 634 879 701 quate·

63 740 116 778 mis
133 722 266 777 eumdem
281 721 372 775 lilium
393 725 533 785 nostrum,
546 723 595 793 qui
614 722 688 777 eirca
705 725 818 794 negotia
833 729 880 778 tua

63 817 172 872 exstitit
190 816 256 870 satis
277 815 461 870 sollicitasse
483 816 613 883 devotus,
632 831 683 887 pro
708 816 780 871 beati
805 817 879 872 Petri

63 915 91 964 et
108 914 202 964 nostra
216 908 375 964 reverentia
391 908 491 979 diligas
511 910 646 964 attentius
661 913 689 964 et
703 909 836 978 honores,
852 915 880 964 et

63 1003 248 1076 petitionibus
262 1004 323 1074 ejus
337 1003 365 1057 in
378 1003 500 1073 negotiis
511 1003 599 1074 ipsius
613 1003 738 1058 ecclesiae
752 1003 878 1075 benigno

60 1099 170 1167 jugiter
184 1112 336 1151 concurras
349 1112 476 1164 assensu,
488 1101 517 1150 ct
530 1097 567 1151 ita
579 1098 603 1152 ei
621 1097 744 1152 favorem
759 1102 787 1151 et
801 1098 879 1151 auxi·

64 1191 135 1245 tium
151 1197 232 1244 turim
255 1189 282 1243 ia
299 1188 391 1243 causis
408 1190 465 1243 suis
484 1189 644 1260 impendas,
659 1195 691 1244 ut
712 1189 879 1245 fraternitas

64 1290 113 1337 tua
127 1285 161 1337 do
177 1282 350 1338 admissione
369 1299 485 1353 precum
502 1300 630 1338 mearum
645 1283 878 1339 commendabitis

64 1377 205 1444 rideatur,
222 1380 250 1431 et
263 1394 314 1431 nos
330 1377 502 1449 petititiones
521 1380 585 1432 tuas
599 1377 716 1432 liberius
728 1377 878 1432 admittere

64 1471 231 1526 debeamus.

100 1565 168 1619 flata
181 1565 329 1620 Lateranis
341 1580 388 1620 vni
404 1564 443 1618 td.
458 1564 537 1619 llari.

416 1668 514 1724 CCXX.

96 1762 143 1819 Ad
157 1762 186 1817 S.
203 1764 352 1819 lismensem
369 1762 611 1831 archiepiscopum.
627 1762 724 1816 -Pro
739 1760 841 1816 cadara.
888 1729 917 1801 Β

318 1855 469 1926 (Laterani,
483 1856 563 1910 biart.
578 1854 618 1926 8.)

420 1948 510 2022 (liridi

99 2047 237 2100 Aenianes
257 2043 415 2116 episcopus,
432 2059 529 2097 servus
546 2058 692 2097 servorum
714 2042 774 2112 Dei,
794 2058 878 2097 vene·

63 2138 145 2192 rabili
160 2137 239 2192 fratri
259 2137 317 2208 tat)
336 2138 363 2193 S.
381 2135 514 2192 Remeusi
530 2134 745 2208 archiepiscopo
765 2142 878 2206 aposto-

63 2231 126 2286 licae
147 2231 219 2287 sedis
234 2231 340 2302 legato,
356 2230 475 2285 salutem
496 2233 524 2284 et
544 2230 723 2300 apostolicam
742 2229 878 2284 benedic·

63 2321 186 2376 tionem.

100 2415 215 2479 Quoties
236 2414 271 2468 ab
286 2414 380 2473 aliouo
403 2413 528 2468 filiorum
544 2417 705 2468 nostrorum
726 2412 761 2467 ad
778 2414 805 2466 te
828 2427 878 2482 pro

63 2508 260 2564 ecclesiasticis
275 2509 364 2562 causis
392 2507 569 2562 interventus
591 2512 685 2561 noster
708 2505 877 2577 exquiritur,

931 461 995 516 qum
1014 446 1199 500 boccumvilla
1214 446 1326 513 dicitur,
1342 447 1462 502 llcnrico
1483 446 1519 501 ds
1536 445 1611 514 fair,
1624 446 1746 519 pecunia

930 538 1010 591 abeo
1027 543 1126 593 mutuo
1148 544 1290 610 suscepta,
1307 539 1421 610 pignori
1441 539 1586 611 obligavit.
1601 541 1662 610 lpse
1677 554 1744 594 raro
1817 578 1820 583 -

932 631 1066 686 ticnriens
1080 631 1115 686 de
1130 633 1268 687 fructibus
1287 634 1373 687 etiam
1388 631 1618 704 provenientibus
1638 638 1744 687 sortem

930 741 1008 778 suam
1026 727 1054 779 et
1071 742 1105 779 eo
1119 726 1240 796 amplius
1255 724 1358 780 dicitur
1378 726 1528 797 recepisse.
1545 726 1669 797 ideoque
1684 725 1743 781 fra·

931 819 1056 872 tenuitati
1070 821 1173 873 vestra
1198 820 1413 890 (ierapostotioa
1435 819 1540 890 scripta
1561 819 1742 888 mandamus,

929 918 1069 982 quotenus
1092 912 1114 966 si
1134 928 1233 967 verum
1248 918 1290 967 est
1312 913 1389 983 quod
1414 913 1560 974 asseritur,
1575 928 1693 967 atrorem
1715 917 1745 968 et

928 1004 1000 1058 titios
1012 1006 1152 1076 jamdicti
1170 1005 1292 1071 licui-ici,
1305 1005 1372 1076 quia
1386 1005 1445 1076 ipsc
1460 1006 1534 1060 viam
1549 1011 1591 1060 est
1605 1006 1743 1060 universas

929 1098 1022 1152 carnis
1037 1098 1191 1169 ingressus,
1203 1099 1284 1153 omni
1297 1097 1487 1169 appellatione
1499 1105 1622 1167 remota,
1635 1099 1744 1153 distrie·
1818 1102 1821 1113 '

929 1191 986 1245 tius
1004 1192 1191 1263 compellatis,
1207 1199 1237 1247 ut
1256 1192 1421 1262 praedictam
1444 1191 1537 1246 villam
1556 1191 1614 1247 litio
1634 1207 1744 1248 memo·

929 1284 983 1339 rati
995 1285 1137 1352 Ramatdi,
1148 1285 1305 1357 postposita
1315 1285 1392 1339 omni
1404 1285 1548 1339 occasione
1562 1290 1589 1340 et
1598 1285 1743 1353 dilutione,

929 1379 1090 1446 restituant,
1107 1378 1233 1450 alioquin
1255 1395 1313 1434 non
1329 1377 1468 1433 differatis
1492 1377 1520 1432 in
1536 1394 1684 1450 costisque
1707 1377 1744 1433 ad

928 1472 1101 1543 condignam
1115 1472 1336 1527 satisfactionem
1358 1472 1658 1528 excommonicationis
1677 1487 1742 1527 sen·

929 1565 1047 1620 tentiam
1062 1566 1259 1636 promulgare.

964 1661 1065 1714 Datum
1081 1660 1225 1728 lateranis
1238 1676 1265 1715 iv
1279 1660 1343 1716 ldus
1355 1661 1457 1715 ttartii.

1277 1767 1396 1824 ccxxii.

931 1861 975 1916 Aa
989 1863 1133 1916 llcmicura
1147 1862 1330 1916 Betoocensem
1345 1864 1507 1931 episcopum
1523 1890 1556 1900 -
1569 1863 1621 1915 Pro
1633 1862 1742 1914 oonmrr

965 1942 1087 1997 Ecclesia
1101 1941 1306 2001 Suessionensis.
1321 1946 1352 1995 nt
1364 1944 1389 1996 ei
1402 1941 1498 1996 obtuto
1509 1942 1702 1995 restituuntur.

1175 2035 1328 2105 (Laterani,
1348 2036 1498 2105 11111113.)

1083 2128 1225 2198 (litarem,
1242 2131 1332 2199 ampl.
1347 2129 1466 2195 collect„
1481 2129 1513 2189 ll,
1526 2128 1599 2196 tid]

965 2241 1104 2291 annianus
1124 2236 1393 2306 episcopusservus
1411 2250 1558 2289 servorum
1579 2234 1741 2302 [16111110-

930 2329 1012 2382 rabili
1034 2329 1115 2382 fratii
1139 2330 1258 2385 Hernico
1283 2328 1441 2382 belvacensi
1465 2327 1608 2398 episcopo,
1622 2325 1742 2381 salutem

930 2424 958 2472 ct
971 2419 1156 2489 apostolicam
1168 2416 1410 2472 benedictionem.

963 2508 1139 2564 Constitutus
1165 2506 1194 2560 iu
1222 2506 1373 2576 prasentia
1390 2509 1485 2559 nostra
1511 2504 1630 2557 dilectus
1648 2507 1743 2558 noster

63 2599 879 2672 tantofaciliuspctitioniejnsasseusumnostrumimpen·
930 2600 1140 2657 suessionensis
1165 2604 1263 2654 cantor
1284 2599 1418 2653 adversus
1439 2599 1567 2653 Odoncm
1589 2597 1624 2651 de
1646 2598 1741 2666 Ange·

63 2696 169 2764 dimus,
185 2700 290 2766 quanto
305 2699 331 2749 te
352 2696 386 2749 ad
404 2694 613 2749 exsecutionem
630 2693 669 2748 rei
691 2709 753 2764 quae
772 2691 879 2764 petitor
929 2692 1012 2745 iilers
1026 2706 1142 2744 uxorem
1157 2695 1185 2744 et
1206 2688 1341 2743 familiam
1355 2704 1435 2741 snam
1456 2690 1485 2741 in
1507 2686 1654 2740 audientia
1675 2700 1742 2740 nos·

63 2791 92 2839 et
107 2783 305 2838 admonitione
315 2786 420 2851 nostra,
433 2786 462 2836 ot
476 2783 610 2853 injuncta
624 2780 879 2836 administrationis
928 2789 973 2841 tra
986 2783 1131 2856 querulam
1149 2782 1289 2853 deposuit,
1304 2780 1459 2852 quodcum
1476 2779 1593 2852 quidam
1608 2781 1693 2835 horno
1706 2778 1742 2834 ds

63 2877 159 2932 officio
175 2877 315 2932 efficacius
335 2876 504 2931 confidimus
519 2874 740 2948 provocandum.
758 2873 878 2928 Veniens
927 2883 1002 2932 terra
1029 2893 1079 2930 sua
1105 2876 1231 2947 quinque
1260 2877 1430 2928 marceant
1457 2889 1518 2930 xxxi
1542 2889 1695 2928 aureorum
1714 2870 1742 2929 si

62 2974 160 3025 antem
173 2970 209 3024 ad
223 2970 468 3041 apostolicaesedis
482 2970 663 3041 presentiam
674 2968 793 3023 dilectus
804 2967 878 3034 filius
928 2971 1038 3026 furatus
1051 2969 1144 3035 fuerit,
1161 2972 1191 3023 et
1210 2968 1333 3040 pecunia
1356 2968 1414 3038 ipsa
1436 2968 1471 3021 ad
1488 2983 1592 3021 manus
1612 2967 1742 3038 ipsorum

62 3069 159 3118 noster
182 3064 317 3135 magister
345 3063 484 3133 Nicotaus,
507 3063 556 3135 qui
577 3061 656 3116 nobis
686 3062 753 3115 satis
776 3061 878 3115 charos
928 3064 1083 3129 devenerit,
1107 3063 1159 3133 ipsi
1180 3078 1233 3116 nec
1254 3076 1321 3116 eum
1345 3061 1502 3127 restituere,
1526 3076 1578 3114 nec
1597 3057 1741 3130 justitiam

63 3159 105 3206 est
119 3157 297 3222 etocceptus,
309 3151 516 3205 arrenaarensis
531 3149 697 3205 monasterii
709 3149 876 3216 monachus,
927 3157 1039 3222 exinde,
1067 3161 1151 3227 patrat
1189 3157 1240 3208 iste
1275 3155 1387 3221 asserit,
1415 3154 1566 3207 stituerunt
1599 3152 1742 3207 ullatenus

63 3247 101 3300 de
117 3246 251 3316 suffragio
267 3246 327 3316 ejus
343 3250 371 3299 et
394 3245 565 3298 admissione
581 3259 696 3314 precum
717 3258 833 3296 sitarum
847 3242 878 3297 in
928 3250 1069 3305 aitiibaia,
1085 3249 1222 3313 Quoniam
1246 3248 1333 3318 igitar
1357 3247 1491 3318 praedicto
1515 3245 1574 3300 litio
1594 3243 1741 3301 nostruin

63 3340 190 3407 neronis
211 3339 339 3409 ejusdem
354 3339 479 3392 ecclesia
493 3337 704 3392 fraternitatem
717 3339 796 3389 tuam
812 3351 876 3389 nos·
928 3360 980 3397 sno
993 3344 1058 3412 jura
1083 3359 1137 3395 nec
1152 3357 1314 3411 possumus,
1328 3356 1381 3393 nee
1400 3340 1539 3393 debemus
1556 3338 1612 3392 ullo
1634 3338 1743 3392 ratione

62 3433 230 3488 trislilleris
252 3430 370 3502 expellit
383 3430 540 3484 admoneri.
558 3430 693 3494 0110011611
716 3428 876 3482 fraternita·
928 3437 1036 3499 deesse,
1053 3434 1226 3489 spalat-nitati
1241 3437 1297 3487 [11ae
1313 3432 1531 3503 perapogtolica
1544 3431 1649 3502 scripta
1664 3446 1744 3485 man.

65 3533 213 3582 teatinam
229 3543 278 3596 (ier
291 3525 445 3595 apostolica
459 3525 563 3594 scripta
578 3539 722 3594 rogamus,
737 3527 878 3592 ‹puatenus
929 3528 1039 3595 damus,
1052 3532 1192 3599 quatenus
1205 3526 1356 3594 profatum
1372 3525 1424 3579 Od.
1438 3540 1553 3578 uxorem
1566 3530 1593 3578 et
1606 3522 1743 3579 familiam

64 3621 301 3675 euuidemlilinm
321 3617 525 3688 austrannum
544 3616 809 3686 eircancgotiatua
828 3631 876 3668 ex·
929 3638 1020 3683 suam,
1045 3620 1158 3675 studeas
1184 3617 1402 3689 diligentissime
1428 3617 1592 3685 convenire,
1616 3621 1647 3672 ut
1667 3615 1743 3671 infra

63 3716 121 3768 istit
139 3714 205 3767 satis
227 3713 363 3768 sollicitus
382 3730 413 3765 nc
437 3711 566 3776 devotus,
581 3726 634 3781 pro
657 3708 733 3763 beati
759 3709 834 3764 Petri
850 3714 879 3762 et
928 3715 1117 3786 quadraginta
1140 3713 1201 3767 dies
1225 3717 1289 3782 post
1310 3710 1561 3765 commonitionem
1585 3716 1675 3775 triam,
1700 3707 1743 3764 vel

64 3812 159 3861 nostra
180 3806 338 3860 reverentia
362 3802 463 3876 diligas
484 3803 618 3857 attentius
642 3807 671 3856 et
692 3803 827 3867 honores,
850 3805 879 3855 et
928 3812 1114 3880 praemxatam
1131 3805 1281 3878 pecuniam
1305 3804 1441 3877 praedicto
1455 3803 1564 3858 cantori
1580 3818 1644 3857 cum
1667 3802 1740 3858 inte·

63 3900 249 3973 petitionibus
263 3900 324 3969 ejus
337 3899 365 3952 iu
378 3897 499 3968 negotiis
513 3897 600 3967 ipsius
615 3896 741 3951 ecclesiia
751 3896 878 3963 benigno
929 3903 1030 3972 giitate
1042 3902 1201 3966 restituant,
1214 3901 1256 3955 vat
1272 3898 1433 3972 plenariam
1449 3897 1549 3952 exinde
1560 3897 1705 3969 justitiam
1715 3896 1742 3950 ei

60 3995 170 4065 jugiter
183 4009 335 4047 eoriourras
349 4007 475 4058 assensu,
491 3991 571 4045 etita
584 3989 744 4044 eifavorem
758 3993 786 4042 et
799 3989 876 4042 ariri·
928 3998 958 4050 in
984 3999 1030 4049 tua
1054 3994 1202 4066 prasentia
1228 4010 1286 4048 nan
1310 3992 1442 4047 diiiurant
1462 3990 1604 4045 exhibere.
1618 3987 1699 4054 Qtrod
1720 3988 1744 4044 si

64 4089 132 4141 tium
158 4094 239 4141 tunm
255 4087 283 4140 in
303 4086 394 4140 causis
414 4085 471 4138 suis
492 4083 648 4154 impendas,
666 4086 695 4136 ut
717 4083 879 4136 fraternitas
927 4092 1001 4145 faite
1017 4092 1152 4143 neutrum
1169 4088 1288 4142 istarum
1304 4085 1446 4141 valuerint
1459 4084 1627 4155 adimplere,
1642 4098 1693 4138 eos
1707 4081 1744 4137 ad

63 4184 110 4234 tna
125 4182 159 4234 dc
175 4179 474 4249 admissioncprecum
489 4179 648 4230 nostrarum
664 4173 878 4229 commendabi·
929 4185 1053 4238 attatum
1086 4181 1265 4235 aniciensium
1296 4180 1408 4234 vineata
1441 4175 1744 4233 excommunicationis

62 4275 96 4329 lis
110 4275 248 4340 videatur,
264 4278 291 4327 et
313 4290 362 4326 uos
377 4271 527 4343 petitiones
541 4274 605 4324 tuas
622 4268 756 4323 libentius
771 4268 876 4323 admit-
928 4276 1091 4346 catapultas,

65 4375 124 4421 ture
141 4368 304 4421 debeamus.

101 4464 168 4515 Data
184 4460 327 4514 Laterauis
341 4476 387 4514 vni
403 4460 463 4513 tdus
476 4456 579 4514 llartii.

414 4565 518 4620 coxit.

64 4661 108 4716 llll
130 4664 278 4716 ltrineasem
301 4660 526 4728 rrrobs'rpr'scopnm
550 4664 575 4712 et
594 4656 800 4711 barcilonensem
820 4656 877 4724 rpi-

170 4752 286 4807 soopum.
303 4768 337 4777 -
350 4741 401 4792 Pro
414 4739 470 4806 filiu
483 4737 611 4792 ituraolrti
624 4736 753 4791 Cottetla.

311 4831 460 4902 (Laterani,
476 4830 556 4883 llart.
579 4830 633 4899 11.)

346 4924 439 4996 (ibid,
456 4924 507 4977 cot.
523 4914 615 4992 615.]’

100 5030 240 5082 nonianus
261 5027 419 5097 opiscopus,
435 5039 692 5080 servusiservorum
712 5024 771 5088 bei,
791 5039 877 5077 vene·

64 5116 199 5171 rabilibus
220 5115 353 5169 fratribus
370 5115 503 5170 ilamensi
518 5113 745 5184 archiepiscopo,
761 5116 879 5183 aposto·

63 5212 123 5264 ficar
141 5209 217 5263 sedis
232 5210 336 5279 legato,
351 5214 379 5263 et
398 5207 579 5263 Laudunensi
599 5208 741 5278 episcopo,
756 5207 878 5260 satutem

63 5310 91 5360 ot
105 5303 288 5375 apostoticam
301 5301 541 5356 benedictionem.

98 5399 139 5452 rtd
153 5397 311 5467 apiostolicoe
328 5396 403 5448 sodis
416 5394 593 5448 audientiam
607 5396 700 5447 vestra
716 5393 878 5446 fraternitas

63 5492 172 5547 noia-rit
197 5489 368 5559 prr-vonisse,
393 5488 466 5560 quod
493 5486 649 5543 [tamaldns
671 5487 788 5551 corolla,
811 5487 877 5540 olim

63 5639 193 5695 totnani
212 5634 247 5683 ab
263 5634 328 5697 ipsis
343 5633 438 5683 saecuti
455 5631 627 5696 principibus
644 5629 790 5690 coleretur,
803 5629 878 5681 unde

63 5709 143 5756 etiam
163 5708 189 5754 in
213 5708 273 5768 ejus
291 5705 405 5764 aratiam
421 5705 494 5756 bauo
510 5703 625 5754 Adriani
643 5715 719 5768 pnpoe
732 5701 877 5767 epistolam

62 5778 195 5846 scriptam
205 5777 333 5844 conjicio.

965 4371 1067 4423 ilatum
1081 4368 1236 4435 Laterauis,
1252 4384 1280 4422 ru
1296 4368 1360 4421 ldns
1375 4367 1466 4431 tlarti,

1267 4474 1397 4530 ccxxiii.

928 4573 952 4626 Λ
967 4569 1103 4642 libertum]
1127 4570 1250 4624 obbotrm
1265 4568 1494 4625 Nonoatarlunnm
1507 4569 1586 4634 rapot
1599 4568 1631 4617 at
1645 4564 1704 4617 Lol.
1720 4567 1746 4616 ct

966 4652 1067 4711 mirer..
1081 4653 1147 4704 virts
1167 4651 1301 4704 nobilibus
1320 4650 1473 4718 precarium
1487 4645 1634 4716 quamdam
1654 4643 1742 4698 deitato
1806 4688 1809 4692 .

963 4736 1101 4786 concedat.

1090 4824 1240 4891 (Laterani,
1255 4840 1300 4877 an.
1319 4826 1395 4887 1157,
1418 4820 1508 4875 nartti
1526 4820 1582 4888 11.)

1011 4921 1189 4990 (tranensem,
1204 4919 1294 4974 Storio
1308 4917 1337 4970 dt
1351 4915 1520 4983 decantato,
1535 4915 1570 4980 11,
1584 4909 1659 4983 rost

965 5035 1103 5082 nuntians
1122 5024 1281 5096 episcopus,
1298 5040 1394 5076 servus
1409 5037 1554 5075 servorum
1571 5018 1631 5084 Dei,
1642 5016 1745 5073 dilecto

928 5115 987 5170 titio
1022 5114 1168 5184 tilianam]
1206 5113 1406 5167 Nouantolauo
1440 5108 1546 5176 abbati,
1574 5107 1747 5163 salutemet

929 5204 1113 5276 apostolicam
1125 5201 1363 5257 benedictionem,

964 5298 1035 5361 Quia
1063 5297 1097 5352 de
1119 5301 1169 5350 tna
1191 5295 1342 5349 devotione
1369 5292 1547 5359 confidimus,
1573 5308 1625 5363 pro
1646 5291 1745 5346 amicis

928 5390 1058 5444 ttdetibus
1078 5389 1181 5443 nostris
1197 5404 1294 5459 preces
1309 5387 1360 5441 tibi
1382 5386 1528 5459 porrigere
1546 5402 1603 5440 non
1628 5385 1742 5440 dubita-

930 5501 1001 5538 mus.
1016 5483 1084 5538 lude
1100 5488 1143 5536 cst
1164 5481 1241 5553 rpuod
1261 5481 1428 5535 ditationem
1451 5483 1529 5533 tuam
1544 5495 1679 5550 rogamus
1701 5484 1743 5530 at·

961 5627 1008 5691 [Sti
1039 5626 1178 5686 Samsoui,
1203 5627 1260 5691 qni,
1288 5623 1424 5676 Ratnaldo
1449 5624 1580 5675 ilamensi
1610 5620 1745 5684 archiepi-

928 5713 1014 5765 scopo
1026 5712 1100 5749 auno
1113 5699 1172 5749 1131
1188 5698 1329 5760 defuncto,
1344 5697 1481 5748 suecessit
1494 5709 1567 5745 aauo
1583 5694 1650 5745 tito.
