3750 6046
152 204 220 263 tuae
845 203 1019 261 anastasii
1039 202 1071 259 lt*
1091 200 1186 261 PAPAE
1773 200 1852 257 tuat·

186 333 246 403 Ego
258 329 350 389 Guido
365 329 459 404 presb.
471 329 549 387 card.
566 331 608 387 tit.
623 332 715 387 Saum
732 332 920 404 Chrysogoni.
978 334 1101 418 Adusta
1129 331 1165 387 de
1189 333 1274 387 verce
1297 346 1362 387 eum
1383 328 1566 401 pertinentiis
1591 327 1663 399 suis,
1680 330 1714 387 et
1724 328 1834 389 Sancta

185 427 244 497 Ego
256 425 417 482 Manlrcdus
428 426 521 498 presb.
534 425 611 481 card.
625 426 668 480 tit.
683 428 795 481 Sanmm
807 425 929 481 Sabinae.
1016 426 1110 481 itariae
1123 424 1160 481 de
1181 425 1284 494 lluado,
1301 424 1399 480 villana
1415 425 1451 480 de
1465 424 1594 497 Solonge
1607 440 1679 481 cum
1693 424 1836 497 pertinan-

185 521 243 591 Ego
257 519 403 576 bribertus
418 520 513 591 presb.
540 519 617 573 card.
642 518 683 573 tit.
711 518 821 574 Sanctae
842 521 963 574 Anasta·
1019 519 1064 574 tiis
1080 519 1148 587 suis,
1162 519 1257 574 villam
1282 536 1346 591 qnia
1360 519 1546 575 vocaturGru
1565 534 1635 575 cum
1655 518 1835 591 pertinentiis

150 612 209 669 siae.
1017 614 1082 681 sais,
1098 613 1246 670 ecelesiam
1255 613 1348 669 Sancti
1362 613 1486 669 vetorini
1498 613 1535 669 de
1546 613 1628 669 Gena
1641 628 1716 669 cnm
1730 612 1832 669 melca·

184 708 343 779 Egolulius
356 706 449 778 presb.
463 707 539 761 card.
553 709 597 761 tit.
615 706 709 762 Sancti
723 706 857 761 Marcelli.
1017 705 1086 761 diuo
1113 713 1141 761 et
1163 706 1227 761 aliis
1253 706 1432 778 pertinentiis
1456 706 1526 775 suis,
1550 706 1709 762 ecclesiam
1743 708 1833 763 Sancti

188 803 247 874 ligo
266 800 391 857 Ubaldus
416 800 509 871 presb.
533 799 612 855 card.
636 801 678 855 tit.
693 800 804 856 Sanctae
825 800 921 855 Crucis
936 800 966 855 in
1017 800 1098 857 Cirici
1125 801 1153 855 in
1179 801 1325 857 Salmossa
1347 816 1413 856 cum
1439 800 1560 855 decimis
1583 800 1655 868 sais,
1685 800 1830 857 ecelesiam

149 896 314 952 Jerusalem.
1016 894 1113 951 Sancti
1137 894 1225 949 blauri
1250 894 1280 949 in
1314 893 1459 964 Laudans,
1483 899 1512 950 et
1545 894 1703 949 ecclesiam
1730 894 1833 951 &ncta

186 991 244 1061 Ego
264 990 387 1045 loannes
410 988 484 1042 diac.
509 986 586 1043 eard.
615 987 785 1043 Sanctorum
819 988 910 1059 Sergii
939 994 967 1044 et
1015 989 1107 1046 itariae
1143 988 1319 1059 ilagdalenae
1354 989 1391 1043 de
1427 990 1546 1056 Vareno,
1586 988 1691 1043 villam
1730 988 1834 1047 Sinara

153 1083 264 1137 bacchi.
1016 1086 1099 1138 mont
1137 1098 1202 1137 cum
1235 1082 1417 1153 pertinentiis
1453 1081 1522 1151 sais,
1556 1081 1715 1138 ecclesiam
1744 1082 1833 1139 Sancti

187 1179 244 1248 Ego
258 1175 339 1232 oddo
364 1176 436 1232 diac.
460 1176 535 1231 card.
559 1176 655 1232 Sancti
681 1176 784 1231 Nicolai
799 1176 828 1231 iu
849 1178 966 1233 Currere
1015 1176 1126 1232 llartini
1139 1177 1168 1231 in
1185 1178 1292 1239 burno,
1306 1175 1402 1232 viliam
1416 1176 1452 1231 ad
1467 1178 1557 1231 Panes
1570 1192 1640 1233 cnm
1654 1176 1833 1248 pertinentiis

150 1271 290 1326 Tulliano.
1016 1271 1085 1339 suis,
1113 1276 1143 1327 et
1164 1271 1261 1326 villam
1284 1269 1396 1325 Lambri
1410 1286 1477 1325 cum
1499 1270 1699 1341 pertinentiis,
1719 1271 1833 1328 insulan

185 1368 244 1435 Ego
261 1365 429 1421 Octavianus
454 1365 551 1437 presb.
578 1365 655 1420 card.
685 1365 727 1419 tit.
756 1365 865 1419 Sanctae
879 1364 964 1421 taei—
1017 1366 1116 1420 Blazun
1144 1364 1174 1419 iu
1204 1365 1390 1431 Narmannin,
1423 1365 1569 1420 ecclesiam
1603 1364 1724 1421 Sanctae
1746 1366 1832 1423 Maria

150 1457 207 1513 lire.
1016 1459 1051 1515 de
1067 1459 1178 1530 Cingla,
1195 1459 1344 1514 eeclesiam
1369 1458 1463 1513 Sancti
1484 1458 1584 1527 Mauri,
1599 1458 1690 1513 sitam
1705 1458 1832 1515 incestae

186 1554 244 1625 Ego
266 1554 406 1609 Gerar-dus
427 1553 521 1625 presb.
543 1553 621 1607 eard.
646 1553 687 1607 tit.
714 1552 809 1607 Sancti
827 1551 966 1623 Stephani
1016 1552 1169 1619 Laudensi,
1195 1552 1343 1607 ecclesiam
1367 1552 1580 1608 Sanctillniani
1603 1557 1634 1607 et
1649 1552 1754 1609 villam
1773 1552 1833 1609 Sin-

153 1646 183 1702 in
192 1648 278 1704 Coelio
288 1649 393 1703 Monte.
1017 1646 1162 1713 dremont,
1173 1646 1321 1701 ecclesiam
1335 1645 1430 1702 Sancti
1450 1647 1525 1701 Petri
1540 1647 1570 1700 in
1582 1646 1729 1703 culturis.
1741 1646 1833 1718 Sepul-

186 1742 246 1811 Egu
260 1742 382 1825 lqannes
396 1740 489 1811 presb.
513 1740 591 1795 card.
615 1740 784 1796 Sanctorum
807 1740 923 1795 loannis
937 1747 965 1794 et
977 1720 1004 1791 Β
1017 1745 1109 1795 turam
1126 1756 1240 1812 quoque
1253 1740 1382 1810 ejusdem
1395 1739 1449 1795 loci
1471 1740 1592 1795 liberam
1606 1756 1673 1795 esse
1687 1740 1833 1805 sancimus,

150 1834 232 1889 Pauli
247 1836 291 1890 tit.
303 1835 488 1890 Parnmachii.
1017 1836 1047 1888 at
1061 1850 1162 1889 corum
1175 1834 1224 1904 qui
1246 1849 1276 1888 se
1289 1832 1349 1888 illic
1369 1833 1483 1904 sepeliri
1499 1832 1740 1903 deliberaverint,
1756 1833 1833 1890 dare·

187 1930 288 1984 Datum
302 1928 445 1995 laterani,
466 1944 519 2000 per
532 1944 649 1983 alanum
664 1927 781 1983 [lelandi
794 1931 899 1983 saractae
914 1928 966 1983 lto·
1017 1927 1089 1982 tioni
1110 1931 1140 1982 at
1164 1931 1301 1983 extremm
1325 1928 1462 1982 uoluntati
1489 1927 1585 1982 nullus
1614 1927 1751 1995 obsistat,
1765 1928 1833 1983 salta

151 2023 387 2077 nraamEcclesiae
409 2022 564 2093 presbyteri
577 2022 733 2077 cardinalis
748 2027 776 2076 et
792 2021 965 2089 caracellarii,
1013 2020 1124 2092 justitia
1150 2021 1276 2076 matricis
1300 2020 1434 2077 ecclesia.
1462 2020 1592 2077 Obeunte
1614 2037 1687 2077 raro
1704 2024 1746 2089 te,
1765 2036 1832 2077 amc

149 2116 246 2172 idibus
257 2115 382 2172 ianuarii
392 2116 546 2171 indictione
561 2132 580 2172 ιι
594 2116 799 2171 incarnationis
812 2115 966 2171 borrrinicce
1017 2115 1147 2187 ejusdem
1163 2114 1216 2170 loci
1232 2114 1346 2184 abbate,
1360 2116 1532 2170 veltuorum
1547 2114 1682 2187 quolibet
1696 2131 1831 2173 successo·

148 2226 225 2265 anno
241 2213 319 2277 1¹53,
334 2209 512 2281 pontificatus
526 2209 704 2265 verodomni
723 2206 867 2265 anastasii
885 2224 966 2279 papae
1016 2224 1093 2276 rum,
1117 2207 1212 2264 nullus
1226 2207 1265 2263 ibi
1289 2208 1418 2280 qualibet
1436 2207 1633 2278 subreptionis
1645 2209 1769 2279 astutia,
1793 2210 1829 2264 sal

150 2304 183 2359 lv
195 2320 270 2359 anno
290 2304 394 2375 primo.
1016 2301 1152 2358 uiolentia
1167 2305 1362 2375 praeponatur,
1390 2302 1443 2357 aisi
1457 2318 1543 2373 quem
1558 2301 1667 2357 iratres
1690 2303 1830 2359 communi

503 2399 612 2454 nativ,
1017 2412 1157 2451 consensu
1171 2396 1214 2451 vel
1236 2396 1356 2450 lratrurn
1377 2412 1442 2467 prars
1457 2395 1565 2451 consilii
1581 2395 1722 2464 sanioris,
1736 2414 1826 2453 sccun-

151 2492 346 2547 llonasteriam
370 2493 594 2560 Glanaalnliense
613 2492 745 2548 tuendam
758 2493 871 2561 suscipit
892 2492 964 2560 ejus·
1016 2490 1086 2546 dum
1112 2489 1161 2545 ilci
1187 2490 1319 2545 timorem
1334 2492 1364 2544 et
1387 2490 1417 2545 ll.
1442 2489 1587 2545 Benedicti
1611 2491 1756 2562 Regulam
1771 2507 1826 2563 pro

347 2589 399 2643 ‘lue
413 2575 600 2643 ‘'melliti“
619 2576 771 2642 wlfil‘mssi·
1016 2582 1140 2639 viderint
1173 2583 1356 2655 eligendum:
1388 2583 1496 2640 clectus
1533 2588 1635 2639 atatem
1677 2584 1826 2641 cassinensi

400 2667 715 2737 (internumerare.)
1016 2677 1112 2732 abbati
1146 2680 1366 2748 repraesentetur
1390 2677 1619 2745 confirmandus,
1651 2695 1671 2733 a
1700 2679 1827 2735 catholiea

331 2760 563 2831 [Gliffllsfflsb
585 2762 688 2827 oasin,
709 2760 783 2833 29th
1016 2771 1157 2842 episcopo,
1187 2787 1272 2842 quem
1297 2771 1358 2843 ipse
1380 2786 1433 2842 per
1458 2787 1524 2825 suas
1551 2770 1666 2827 litteras
1705 2787 1825 2827 exorare

187 2872 355 2925 baasrasrns
381 2867 540 2938 episcopus,
566 2883 664 2922 servas
690 2884 835 2923 servorum
853 2869 911 2935 ilai,
927 2869 966 2923 di·
1015 2865 1061 2931 rit,
1077 2864 1294 2920 consecrandus.
1312 2863 1365 2929 Qui
1380 2864 1517 2919 nimirum
1531 2868 1560 2919 et
1579 2865 1643 2935 ejus
1657 2881 1824 2922 successores

152 2958 225 3013 lectu
237 2957 295 3012 lilio
308 2958 463 3013 Garumnae
481 2956 574 3011 abbati
594 2957 831 3013 Glannaielieasis
853 2974 963 3013 nrorras·
1016 2958 1207 3014 obedientiam
1221 2957 1317 3013 abbati
1341 2957 1512 3015 cassinensi·
1524 2958 1710 3029 promittent,
1736 2964 1765 3015 ct
1776 2961 1823 3014 sin·

152 3052 228 3119 terii,
243 3053 361 3123 ejusque
384 3051 589 3106 successoribus
604 3052 776 3123 regulariter
796 3052 963 3107 substituen·
1014 3051 1088 3124 gulis
1100 3052 1303 3123 quinquenniis
1318 3051 1412 3123 ipsum
1421 3051 1589 3107 Cassinense
1604 3054 1823 3121 aronasterinm,

151 3144 204 3215 dis,
222 3146 448 3217 inperpetuum.
973 3099 1149 3218 Ctanquam
1181 3162 1264 3200 suurn
1292 3150 1375 3216 eaput
1407 3145 1571 3201 bumilitate
1608 3146 1710 3203 dehita
1737 3149 1822 3203 visita·

187 3238 303 3303 Quoties
333 3238 402 3293 illud
424 3256 440 3295 a
463 3239 545 3294 nobis
570 3239 686 3310 petitur,
712 3239 789 3309 quod
810 3238 913 3295 rationi
936 3244 964 3295 et
1012 3241 1094 3296 bunt.

150 3332 292 3387 honestati
316 3334 468 3388 convenire
492 3332 677 3404 dignoscitur,
696 3332 795 3389 animo
822 3349 874 3387 nos
900 3333 964 3389 licet
1049 3333 1439 3405 Decernimusergoutnulli
1453 3332 1573 3390 omnino
1586 3333 1825 3392 honriaumliccat

149 3425 247 3482 libenti
256 3428 410 3482 concedere
424 3430 453 3481 et
466 3427 626 3498 petentium
639 3426 786 3481 desideriis
800 3443 963 3498 congraum
1014 3429 1163 3501 praelatum
1178 3426 1383 3483 monasterium
1395 3431 1505 3481 temera
1518 3428 1703 3498 perturbare,
1715 3430 1823 3501 autejns

146 3520 287 3593 impertiri
300 3520 479 3593 suffragium.
497 3523 663 3592 Eapropter,
678 3520 779 3575 dilecte
793 3520 821 3575 in
842 3521 963 3576 llonrino
1013 3522 1204 3595 possessiones
1216 3522 1338 3587 auferre,
1350 3521 1393 3576 vel
1409 3520 1520 3576 ablatas
1533 3521 1678 3591 retinere,
1693 3524 1823 3588 minuere,

149 3614 200 3683 iili,
215 3616 269 3670 tuis
280 3616 365 3687 justis
382 3616 618 3687 postulationibus
631 3615 785 3669 clementer·
798 3615 962 3683 annuimus,
1014 3634 1064 3671 seu
1088 3616 1230 3687 aliquibus
1248 3614 1444 3669 vexationibus
1464 3614 1594 3685 fatigare,
1610 3615 1660 3671 sed
1679 3618 1776 3673 omnia
1787 3617 1822 3671 in·

150 3715 179 3764 et
203 3710 419 3781 praedecessoris
440 3709 529 3765 nostri
550 3709 640 3764 felicis
656 3708 801 3763 mensoria
816 3724 896 3780 papae
910 3710 964 3764 Ur·
1012 3715 1092 3782 tegra
1106 3712 1310 3765 conserventur
1331 3724 1440 3777 eorum,
1463 3724 1515 3779 pro
1539 3724 1668 3780 quorum
1689 3712 1821 3782 guberna·

148 3803 215 3859 bani
229 3804 352 3875 vestigiis
373 3804 562 3871 inhaerentes,
577 3803 732 3874 praelatum
745 3803 962 3871 monasterium,
1012 3809 1090 3863 bone
1111 3811 1139 3862 at
1153 3806 1358 3863 sustentatione
1373 3822 1506 3861 concessa
1525 3812 1602 3875 sunt,
1627 3808 1728 3865 usibus
1739 3808 1820 3865 omni·

149 3899 204 3963 cui,
220 3899 277 3952 l'leo
302 3900 427 3964 auctore,
452 3912 575 3969 praeesse
599 3895 786 3968 dignosceris,
810 3897 861 3952 snb
886 3896 964 3952 beati
1013 3905 1104 3961 modis
1119 3905 1277 3976 profutura,
1291 3905 1368 3960 salva
1380 3904 1410 3959 in
1425 3903 1561 3959 omnibus
1574 3906 1742 3975 apostolica
1755 3904 1821 3963 sedis

150 3991 225 4045 Pelii
240 3993 376 4046 0l¹¹⁰⁵i¹⁸³
391 3990 564 4062 protectione
587 3990 767 4062 Sufflil’lfflub
792 3997 821 4046 θῑ
841 4007 964 4062 Ρΐωὲθῦ·
1014 4000 1680 4073 auctoritateetdioecesanorumepiscoporam
1694 4004 1822 4061 canoniea
1864 4010 1867 4065 ἲ

150 4082 186 4138 ῑῑθ
209 4082 307 4155 Silii)ti
329 4083 477 4155 Pl'llflessffi
495 4085 727 4151 ⁰⁰¹¹¹¹¹1¹¹¹¹i¹111¹³3
753 4088 908 4140 θῑᾶῑϋθῦῑθῦ
932 4090 964 4140 ut
1009 4100 1130 4173 justitia.
1145 4100 1174 4156 Si
1188 4100 1343 4172 quaigitar
1355 4100 1386 4154 in
1400 4100 1529 4155 futurum
1540 4099 1734 4158 ecclesiastica
1744 4118 1821 4157 saca·

150 4192 335 4248 quascunquc
358 4178 555 4249 possessiones,
577 4193 756 4249 quincunque
777 4178 861 4245 bona,
887 4176 962 4233 idern
1013 4199 1114 4254 parisve
1126 4214 1259 4270 persona,
1276 4201 1330 4253 ege,

151 4271 357 4327 monasterium
388 4272 636 4343 inpresentiarum
668 4271 744 4343 juste
769 4277 798 4327 et
828 4271 962 4327 canonice
1050 4300 1107 4369 Ego
1120 4295 1759 4372 Anastasiuscaqholpeoessoelesioeepimpm·

150 4365 284 4438 possidet,
308 4369 358 4421 ant
376 4366 406 4421 in
427 4366 555 4421 laturum
581 4365 762 4421 concessione
786 4365 961 4437 pontillcum,
1049 4398 1108 4469 Ego
1120 4394 1272 4466 Gregorius
1286 4393 1435 4466 presbyter
1447 4394 1524 4450 md·
1539 4394 1581 4449 m·
1599 4395 1714 4452 calixti·

148 4460 303 4564 largitione
314 4477 414 4564 regum
428 4461 471 4515 vel
485 4460 657 4531 principum,
669 4460 812 4515 oblatione
823 4460 1003 4563 lideliunr,[)
1049 4498 1107 4568 Ego
1130 4494 1194 4549 Otto
1210 4492 1345 4548 diaconus
1370 4492 1480 4548 cardin·
1496 4494 1523 4549 g⁸
1546 4492 1661 4566 Georgii
1678 4494 1715 4551 ad
1731 4495 1820 4551 polum

149 4561 199 4611 seu
222 4554 285 4610 aliis
303 4555 388 4627 justas
411 4554 513 4623 modis,
527 4556 585 4609 Deo
615 4554 748 4627 propitio,
772 4554 879 4625 poterit
905 4553 964 4608 adr·
1013 4598 1152 4650 Aureum.

148 4648 227 4722 ΡΜ
253 4650 336 4704 firma
355 4649 408 4749 tibi
434 4649 546 4753 iusque
572 4648 781 4752 ⁵⁰⁰⁰e⁸³⁰fibu⁵
804 4652 833 4750 ei
854 4646 962 4702 illibata
1050 4696 1108 4764 Ego
1123 4691 1361 4747 Guidodiaconus
1382 4689 1536 4745 cardinalis
1551 4689 1665 4746 Sanctae
1681 4692 1774 4748 itariae
1796 4690 1820 4745 in

150 4747 352 4816 permancant;
367 4744 509 4816 inquibus
528 4744 589 4798 bac
609 4758 730 4814 proprus
756 4742 889 4796 duximus
916 4756 964 4795 ex·
1013 4791 1135 4847 porticu.

148 4837 301 4908 primenda
326 4837 489 4892 vocabulis:
518 4836 666 4893 ecclesiam
701 4834 830 4889 videlicet
863 4833 963 4889 Sancti
1333 4886 1338 4898 ,
1742 4886 1749 4899 ,
1797 4884 1802 4895 ,

147 4931 259 4987 Martini
272 4930 306 4986 de
322 4931 426 4987 Sancto
439 4932 545 4998 Mauro,
559 4928 707 4985 ecclesiam
722 4928 819 4984 Sancti
835 4927 963 4983 Gervasii
1013 4888 1289 5044 Coffgltdffymhm
1312 4888 1447 4943 d¹³⁰⁰¹¹¹¹⁸
1461 4886 1540 4942 Μ’
1557 4886 1668 4943 εαυῡω
1682 4888 1774 4943 um
1795 4902 1820 4939 ¹¹¹

148 5028 178 5081 et
188 5025 306 5079 protasii
321 5026 350 5079 ia
364 5027 481 5080 Bateuco
494 5041 558 5078 cunr
587 5023 768 5096 pertinentiis
787 5022 855 5091 suis,
869 5022 961 5078 ecclc·
1439 5084 1445 5095 ¹

1048 5089 1107 5159 Ego
1119 5086 1208 5141 lulius
1224 5085 1316 5158 presb.
1333 5084 1410 5141 card.
1426 5088 1469 5140 trt.
1485 5084 1512 5142 S.
1528 5085 1665 5144 blarcelli.

148 5119 219 5173 siam
240 5120 332 5173 licata
351 5120 444 5174 uaria
467 5118 502 5173 dc
516 5117 587 5173 idolo
612 5134 678 5173 cum
698 5115 879 5189 pertiuentiis
893 5116 961 5185 suis,

148 5211 271 5267 insulam
296 5211 389 5268 Sancti
405 5213 492 5267 Mauri
513 5228 576 5266 cum
591 5211 775 5283 pertinentiis
789 5211 858 5277 suis,
872 5210 960 5265 eccle·
1047 5187 1106 5257 38⁰
1119 5184 1245 5240 Ub³¹d¹¹³
1259 5184 1352 5256 presb·
1370 5182 1448 5239 md·
1464 5183 1508 5238 ili·
1523 5186 1552 5239 S·
1564 5184 1665 5241 Crucis
1679 5184 1709 5241 in
1724 5183 1817 5241 illeru-

144 5304 217 5360 siam
232 5308 339 5361 &notre
352 5305 444 5362 itariae
458 5306 487 5360 ia
511 5306 597 5373 Dana,
622 5305 767 5361 ecclesiam
781 5304 875 5360 Sancti
888 5302 960 5359 Sim·
1012 5284 1110 5339 salem·

146 5398 224 5470 plicii
251 5415 336 5470 super
361 5399 497 5471 ligerim,
530 5400 678 5456 ecclesiam
707 5398 800 5456 Sancti
834 5397 908 5453 Petri
931 5398 961 5452 in
1049 5379 1395 5454 E800⁰i³li⁸¹¹¹¹³ill⁰⁵b·
1410 5379 1488 5436 md·
1503 5383 1548 5437 ist·
1562 5378 1591 5436 S·
1609 5380 1740 5437 cmii&-

147 5490 255 5559 vodda,
281 5492 375 5548 Sancti
403 5492 555 5548 Petricum
580 5492 646 5549 villa
681 5491 826 5561 Fahrenei,
861 5489 959 5547 Sancti
1048 5482 1107 5551 Ego
1121 5478 1360 5550 ilenricuspresb·
1376 5477 1454 5534 card·
1469 5478 1512 5533 til.
1527 5478 1575 5535 SS.
1591 5474 1821 5535 Neroeiatdcbil·

144 5586 291 5642 Lambcrti
312 5586 348 5641 de
374 5585 488 5654 Curalo,
517 5586 612 5641 Sancti
636 5586 732 5642 llilarii
758 5586 793 5641 de
821 5588 961 5643 concorzo
1010 5576 1071 5633 lei.

126 5680 393 5753 compertinentiis
417 5682 487 5753 suis,
504 5684 534 5739 at
545 5682 641 5739 Sancti
655 5680 771 5739 Martini
790 5680 826 5739 dc
844 5678 965 5749 Sorenb,
1047 5672 1108 5744 Ego
1133 5670 1254 5727 (lencius
1274 5670 1367 5744 presb.
1396 5671 1475 5727 card.
1503 5669 1548 5731 tit.
1572 5672 1601 5729 S.
1626 5670 1771 5731 harentii
1792 5667 1819 5723 in

108 5775 223 5834 terram
244 5778 402 5855 Aparrcricr'
429 5778 466 5841 de
504 5778 659 5855 averoim,
688 5778 831 5843 ccclesias
860 5777 976 5837 Sanctae
1020 5771 1145 5835 bucina.
