3750 6046
161 192 214 255 aar
941 182 1103 253 onounvcr
1124 192 1256 252 viviers
1550 230 1557 273 ·.
1790 194 1841 257 aaa

160 321 277 375 Beatum
292 321 406 373 Petrum
421 316 583 389 apostolicae
597 314 656 371 sedi
672 315 859 387 prefuerunt,
873 315 902 370 in
918 315 972 371 hoe
1058 317 1113 371 Leo
1128 316 1319 389 Lotharingos
1337 316 1413 371 sedit
1432 315 1514 371 annis
1532 330 1561 373 v.
1585 316 1637 373 llic
1657 316 1758 373 Bruno
1779 318 1841 375 Tol-

159 413 294 485 opuscnlo
313 411 460 479 denotavi,
484 413 570 482 prout
593 410 621 464 in
647 409 758 480 scriptis
779 409 867 463 sancti
889 424 972 481 papus
1022 408 1107 465 lensis
1128 409 1259 482 pontifex
1280 409 1343 465 luit.
1364 411 1396 465 ln
1416 410 1536 467 Galliam
1556 410 1648 479 venit,
1674 409 1774 469 Remis
1794 411 1840 469 in·

159 506 272 562 Damasi
287 505 322 560 ad
336 504 552 577 Hieronymum,
563 504 606 559 vel
616 502 646 557 in
659 501 749 558 Gestis
764 501 972 572 pontificalibus
1022 519 1092 574 gens
1113 503 1266 559 concilium
1288 503 1391 559 tenuit.
1418 504 1513 560 Prisca
1537 508 1704 563 sanctorum
1724 506 1840 563 Patroni

48 656 51 663 ,
158 598 340 672 investigavi.
1021 596 1145 666 decreta,
1167 613 1231 669 qum
1254 596 1434 667 deciderant,
1454 596 1616 669 renovavit,
1638 600 1669 655 et
1695 597 1789 655 multa
1810 600 1840 657 in

195 695 293 761 Porro,
313 692 350 748 de
364 692 425 748 aliis
445 709 480 746 ιι.
498 691 545 763 qui
569 694 631 762 post
652 691 774 745 Leonem
788 706 814 745 ιι
830 704 917 760 osque
935 689 972 743 ad
1021 695 1141 762 utroque
1153 689 1253 746 ordine
1266 688 1418 746 salubriter
1433 694 1462 746 et
1475 690 1585 747 utiliter
1595 691 1734 749 correxit.

159 791 290 844 nostram
301 791 411 842 etatem
421 785 598 857 praeluerunt
608 782 770 855 apostolicae
780 783 850 853 sedi,
862 782 916 838 huc
927 799 972 838 us·
1056 782 1239 839 Gohehardus
1253 784 1348 839 Victor
1362 783 1437 839 sedit
1449 782 1533 840 annis
1551 800 1591 841 ιιι.

160 897 216 954 qne
228 882 340 952 integra
351 883 430 951 gesta
441 894 499 934 non
513 877 623 946 inveni;
637 876 759 948 ideoque
771 876 816 931 vix
830 892 921 948 pauca
935 876 970 930 do
1057 876 1221 932 Fredericus
1235 877 1405 950 Stephanus,
1418 877 1496 933 lilius
1508 876 1676 935 Gotlielonis
1694 877 1788 948 ducis,
1799 895 1841 936 se·

158 975 214 1030 illis
228 974 320 1030 arvdeo
331 971 450 1043 profari.
463 971 585 1026 Nomina
596 969 774 1026 solummodo
784 969 861 1025 nitor
871 985 971 1025 eorum
1021 969 1063 1026 dit
1076 986 1151 1026 anno
1165 988 1186 1026 1.

158 1067 359 1140 perordinem
377 1064 521 1136 prolerre3
536 1063 584 1119 sed
596 1064 630 1120 de
645 1062 782 1135 progenie
798 1063 844 1119 vel
862 1062 971 1119 actibus
1056 1063 1197 1120 Gerordus
1221 1064 1360 1133 Nicolaue,
1388 1064 1438 1138 qui
1463 1063 1498 1122 da
1522 1064 1639 1122 Francis
1660 1064 1775 1140 ριίιιιιιι
1795 1082 1838 1121 as·

158 1175 259 1215 eornm
275 1157 430 1229 compellor
447 1156 564 1212 omnino
577 1155 672 1222 silere,
687 1155 776 1211 donec
788 1155 905 1227 possim,
918 1156 969 1210 do·
1020 1160 1150 1228 sumptos
1162 1163 1214 1224 est,
1228 1157 1301 1213 sedit
1313 1157 1396 1213 annis
1408 1174 1440 1216 ιι.

156 1257 241 1309 nante
255 1253 320 1319 Deo,
331 1251 461 1322 pleniora
470 1249 504 1305 de
515 1249 569 1304 illis
579 1255 609 1303 ut
619 1247 702 1319 cupio
714 1248 818 1321 scripto
830 1248 968 1319 reperire.
1054 1251 1218 1306 Alexander
1230 1250 1361 1307 Lucensis
1373 1251 1447 1307 sedit
1461 1251 1545 1307 annis
1556 1267 1595 1308 ιι.

194 1345 361 1401 Benedictus
373 1359 448 1417 papa
460 1342 532 1398 sedit
546 1357 621 1397 anno
638 1359 656 1409 1,
671 1358 761 1398 mens.
778 1358 815 1410 vv,
829 1341 928 1397 diebus
942 1357 969 1398 ι.
1055 1345 1205 1416 Gregorius
1216 1344 1462 1415 Hildebrannua,a
1478 1345 1601 1416 pueritia
1615 1346 1788 1413 monachus,
1798 1362 1840 1402 se-

191 1439 324 1495 Nicolaus
335 1453 411 1510 papa
424 1436 506 1493 annis
521 1452 559 1506 ιι,
576 1435 721 1492 mensibus
735 1452 761 1490 ι.
1019 1437 1061 1493 dit
1084 1438 1167 1493 annis
1187 1454 1241 1494 ιιι.
1265 1438 1350 1509 Cujus
1369 1440 1499 1509 tempore
1520 1438 1660 1495 ilenricus
1679 1438 1839 1513 imperator

193 1533 333 1590 Adrianus
348 1546 424 1603 papa
439 1529 522 1586 annis
536 1547 563 1585 v.
1020 1530 1200 1588 Guitbertum
1230 1532 1448 1588 Ravennensem
1479 1531 1624 1601 intrusit„
1641 1536 1686 1601 et,
1720 1533 1837 1606 expulso

191 1628 312 1683 loannes
326 1641 401 1699 papa
415 1623 497 1680 annis
510 1640 538 1679 ι.
1019 1640 1102 1696 papa,
1118 1626 1277 1680 Romanam
1289 1610 1444 1680 Ecclesiam
1458 1623 1540 1681 valde
1554 1624 1693 1682 turbavit.

191 1720 316 1777 Marinus
327 1735 402 1791 papa
414 1734 491 1773 anno
508 1733 527 1785 r,
540 1715 686 1771 mensibus
701 1731 738 1771 vv.
979 1721 1007 1793 Β
1055 1716 1214 1773 Desiderius
1235 1717 1338 1787 Victor,
1352 1716 1403 1790 qui
1419 1716 1594 1775 Cassinemia
1606 1717 1698 1775 abbas
1711 1718 1777 1787 luit,
1792 1735 1836 1775 se·

191 1814 330 1870 Adrianus
344 1828 420 1884 papa
434 1827 511 1867 anno
525 1826 544 1879 r,
559 1809 704 1865 mensibus
717 1824 755 1864 vv.
1018 1809 1062 1865 dit
1078 1809 1225 1866 mensibus
1237 1826 1267 1865 ιι.

193 1907 332 1980 Agapitus
345 1921 417 1977 papa
429 1919 503 1959 anno
516 1921 534 1959 1.
1052 1903 1180 1959 Urbanus
1192 1902 1262 1971 Ode,
1280 1903 1330 1975 qui
1350 1903 1544 1961 cloniacensis
1558 1904 1722 1962 monachus
1737 1904 1793 1962 fuit
1807 1910 1837 1962 et

194 1999 310 2056 Basilius
337 1997 497 2070 Stephanus
520 2012 597 2052 anno
621 2013 640 2051 ι.
667 1995 774 2052 Deinde
800 1996 966 2064 Formosus,
1016 1995 1152 2052 Ostiensis
1182 1997 1343 2070 episcopus,
1373 1997 1449 2054 sedit
1480 1998 1564 2054 annis
1594 2014 1652 2066 ιιι;
1679 2000 1837 2055 exercitum

154 2096 279 2152 loavvnes
297 2097 325 2148 et
341 2090 504 2163 Stephanus
523 2093 652 2160 tempore
675 2088 806 2144 ludovici
824 2093 967 2144 transma·
1016 2089 1207 2145 Christianum
1226 2089 1255 2145 in
1273 2091 1430 2149 terusalern
1446 2096 1548 2147 contra
1567 2107 1697 2165 paganos
1717 2091 1833 2149 direxit.

155 2189 211 2246 vini
232 2189 403 2243 lloruorunt.
418 2186 497 2256 lpsos
514 2198 627 2255 quoque
645 2182 733 2238 secuti
750 2186 817 2238 sunt
832 2182 964 2253 Marinus,
1052 2182 1194 2238 Paschalis
1208 2181 1366 2252 Bainerius,
1385 2183 1435 2256 qni
1450 2183 1486 2240 de
1497 2183 1571 2241 valle
1588 2183 1756 2242 Brotiornm
1770 2185 1835 2253 luit,

153 2282 301 2354 Agapitus,
327 2277 507 2345 Octavianus,
535 2276 600 2343 Leo,
629 2276 808 2345 Benedictus,
834 2278 965 2340 loannes,
1015 2277 1181 2346 monachus,
1195 2276 1269 2333 sedit
1283 2277 1365 2333 annis
1378 2294 1428 2333 ιιι.

152 2374 202 2449 qui
214 2375 349 2430 Ottouevu
359 2371 506 2443 juniorem
518 2369 677 2437 benedixit,
689 2369 864 2439 Benedictus,
878 2371 967 2426 Bene-
1050 2370 1176 2426 Gelasius
1185 2372 1306 2426 loannes
1319 2371 1475 2428 Gaditanus
1486 2370 1559 2429 sedit
1571 2371 1655 2428 annis
1670 2389 1702 2430 ιι.

152 2469 254 2539 dictus,
268 2467 420 2523 Gerbertus
434 2464 574 2530 silvester,
591 2463 729 2535 Agapitus
742 2467 770 2518 et
783 2462 963 2519 Benedictus.
1050 2463 1176 2519 calixtus
1201 2463 1301 2533 Guido,
1325 2463 1401 2520 filius
1424 2464 1569 2523 cuillelmi
1590 2466 1833 2539 Burgundionum

152 2561 197 2618 Sic
208 2577 260 2634 per
272 2576 361 2616 annos
374 2557 434 2614 iere
447 2558 562 2612 centum
577 2561 607 2611 et
616 2572 632 2610 ι
642 2559 737 2626 potres
751 2572 776 2611 ιι
790 2556 966 2627 praefuerunt
1015 2557 1104 2626 ducis,
1117 2557 1165 2629 qui
1180 2557 1346 2613 Viennensis
1356 2557 1410 2614 ruit
1420 2558 1601 2631 archiepiso,
1615 2560 1783 2617 seditannis
1795 2577 1831 2617 vv.

152 2654 314 2727 apostolicas
334 2652 403 2721 sedi,
424 2665 546 2722 quorum
562 2648 760 2720 genealogiam
780 2665 832 2704 sou
854 2654 964 2705 certum
1050 2650 1190 2706 Honorius
1201 2650 1381 2717 lambertus,
1394 2650 1499 2724 qoiioit
1512 2651 1650 2709 Ostiensis
1667 2654 1832 2726 episcopos,

151 2752 264 2820 tempus
274 2743 450 2820 praelationis
463 2742 507 2798 rel
522 2758 636 2798 occasus
648 2741 777 2797 nondum
791 2742 896 2798 inveni.
1013 2742 1086 2799 sedit
1100 2742 1183 2798 annis
1196 2761 1221 2797 v.

187 2843 320 2898 Clemens
333 2837 498 2909 Suidgeros,
513 2836 562 2907 qui
575 2834 630 2891 luit
643 2835 893 2907 bavembergensis
907 2835 964 2908 epi·
1048 2837 1231 2892 innocentius
1249 2837 1401 2909 Gregorius
1421 2837 1566 2912 Pupienais
1586 2839 1662 2896 sedit
1680 2842 1765 2897 annis
1785 2858 1830 2911 ιιι,

153 2951 264 3007 scopos,
281 2931 353 2988 sedit
371 2930 454 2987 annis
475 2946 512 2998 ιι,
536 2932 565 2985 et
587 2927 740 2985 ilenricum
757 2929 962 3001 imperatorem
1012 2929 1076 3001 qui,
1105 2946 1179 2985 nono
1208 2935 1331 3002 papatus
1354 2930 1399 2986 sui
1424 2947 1516 3001 anno,
1541 2932 1647 3005 ingens
1676 2934 1829 2991 concilium

152 3026 299 3084 benedixit
313 3029 341 3081 et
354 3025 508 3096 Agnetem.
1012 3023 1110 3079 Romae
1131 3024 1309 3096 aggregavit,
1332 3028 1362 3080 et
1382 3024 1483 3095 multa,
1503 3026 1636 3099 quamvis
1656 3044 1751 3100 pauca
1771 3044 1829 3084 ser·

187 3122 248 3193 Opo
262 3121 409 3188 Damasus,
424 3117 473 3190 qui
485 3116 541 3172 luit
554 3114 742 3189 Aquileiensis
757 3116 873 3187 praesul,
890 3086 1001 3173 seditC
1014 3117 1124 3187 ventur,
1138 3116 1292 3175 constituit.

151 3231 226 3273 anno
246 3232 266 3270 1.
1286 3212 1363 3269 Finis
1381 3211 1461 3283 bidus
1479 3213 1553 3270 libri.

623 3501 996 3628 onnunvov
1050 3502 1356 3630 viviers
1652 3468 1656 3475 ’

888 3736 1090 3802 incitante

541 3890 785 3964 COENOBII
826 3891 1127 3965 UTICENSIS
1166 3892 1434 3966 MONACHI

197 4147 1115 4326 ECCLESIASTICAE
1186 4152 1777 4330 HISTORIAE

618 4490 864 4596 PARS
926 4462 1366 4598 SECUNDA

147 4750 203 4804 QUA
240 4749 352 4795 nuttios
380 4747 600 4794 nortmanorum
633 4749 764 4793 EVENTUS
799 4750 830 4792 lli
866 4749 998 4805 raineri,
1035 4749 1149 4806 Acoeti,
1187 4749 1299 4805 Arnum,
1336 4750 1582 4797 Montanorum
1613 4749 1819 4810 emmens,

173 4823 382 4893 1ΕΡΙΒΕΟΡΟΒΠΜ
404 4847 440 4889 ΕΤ
460 4846 592 4891 Aooavosv
613 4847 712 4889 Torius
733 4847 807 4890 BENE
828 4848 977 4891 Aruseium
998 4847 1099 4892 SERIES
1119 4846 1153 4890 AC
1176 4848 1264 4892 unsri
1286 4849 1476 4902 PLURIKAEQUE
1497 4850 1572 4896 aum
1591 4851 1647 4897 m
1666 4852 1822 4899 monam

185 4948 292 5003 DIGNAE,
318 4947 369 4990 SUB
390 4946 553 4990 GUlLLRLBlO
576 4947 596 4988 ll
618 4946 704 5001 ouon,
729 4946 896 4990 cooneratus
918 4947 1024 5001 nortio,
1049 4947 1237 4991 tucoonnren
1257 4948 1459 4993 EXPONUNTUR·

680 5278 952 5369 SUllllARlllll
981 5279 1105 5368 LIBRI
1132 5277 1291 5370 TERTll.

141 5587 161 5644 l.
247 5588 385 5655 rrooeoc.

140 5672 172 5725 11.
249 5672 385 5725 Fundotc'o
409 5672 569 5725 monosterii·
588 5672 680 5725 sonctt
701 5673 806 5739 Etiam
830 5672 959 5729 Uticensis
986 5676 1172 5729 atoariorum
1196 5676 1423 5731 molestavimus
1449 5677 1480 5731 ta
1501 5676 1644 5735 um.
1669 5672 1822 5735 {amm

279 5753 502 5807 Nomoaaorcm
518 5754 546 5804 to
561 5752 630 5806 teuc
641 5755 817 5819 prociarum.
