3750 6046
72 186 131 245 7³³-
491 187 648 247 HISTORIA
667 185 984 246 cantassemus-
1004 188 1090 249 PARS
1110 189 1152 247 lll.
1167 220 1202 233 ·-
1221 190 1286 249 [ΑΒ.
1307 190 1339 249 X.
1704 189 1758 251 734

71 312 146 371 soris
164 312 270 373 christi
290 313 394 371 loliani
415 314 577 387 requiescit,
598 316 696 372 multis
715 315 809 373 modis
831 315 890 371 lau·
903 320 973 403 Aet
987 332 1053 373 eum
1073 317 1222 391 oppidanis
1240 318 1382 391 equitibus
1402 318 1517 376 militari
1534 319 1670 379 exercitio
1689 325 1757 379 ante

73 408 212 466 debiliter
240 409 399 480 decoravit;
428 426 513 483 quam
540 411 734 482 postmodum,
760 414 893 483 tempore
941 414 1038 482 portas
1050 411 1355 485 matrialiquantulum
1368 416 1561 471 certaremnt.
1574 416 1679 472 Verum
1699 416 1754 473 liu·

73 502 224 561 Guiumavi
240 502 373 571 Batonis,
386 504 556 560 successoris
570 504 624 574 sui,
637 505 687 577 qui
701 505 758 561 alio
772 505 892 562 nomine
942 504 1045 574 dalius,
1060 505 1214 563 vicecomes
1234 507 1269 564 de
1289 507 1472 577 bellomonte,
1489 508 1551 581 regi
1568 510 1686 581 supplex
1706 524 1754 565 ac·

72 597 166 654 cnido
191 597 228 653 de
253 596 379 670 stampis
403 599 575 671 appellator,
600 599 748 655 dedicarit.
772 601 891 671 Verum,
941 599 1039 669 currit,
1060 604 1088 656 et
1106 600 1198 657 foedus
1220 601 1306 674 pacis,
1321 618 1411 675 usque
1431 603 1466 659 ad
1488 603 1645 659 terminum
1666 618 1756 677 quem

70 692 198 768 peccetis
227 692 421 765 exigentibus,
447 709 534 765 quam
558 692 699 750 bonorum
726 694 890 751 exercitatio
941 693 1188 765 denominaverat,
1205 694 1307 751 obnixe
1325 696 1454 768 poposcit
1470 698 1702 760 :Asublirnitatn
1715 696 1757 752 in-

70 786 183 843 atfalim
202 787 356 858 decoravit,
369 787 509 860 variisque
524 787 561 843 ad
575 788 717 844 honorem
734 788 787 843 liei
803 804 890 844 orna·

69 881 178 937 mentis
199 881 310 950 ditavit,
328 885 392 954 post
408 897 457 937 vm
477 897 568 937 annos
582 881 777 951 dedicationis,
792 880 888 938 incen-

70 974 164 1043 dium,
180 992 238 1047 quo
254 991 359 1047 magna
371 991 437 1048 pars
451 975 528 1031 urbis
540 978 711 1048 consumpta
724 981 777 1045 est,
791 975 887 1032 detur·

69 1069 160 1143 pavit,
175 1069 361 1143 horribilique
376 1069 461 1125 modo
476 1069 644 1125 devastavit.

68 1182 128 1241 llll.
158 1183 252 1239 Helius
279 1183 503 1239 cenomannensis
532 1197 615 1239 comes
643 1182 886 1253 comprehenditur.

106 1263 268 1320 cuillelrnus
286 1278 335 1319 ree
353 1262 593 1318 cenomannensem
610 1264 746 1318 ciuitatem
764 1268 886 1333 occupat.

104 1344 199 1401 Helius
212 1358 295 1399 canses
309 1343 461 1399 libertatem
471 1347 622 1415 recuperat.

103 1448 190 1501 Anno
202 1445 237 1501 ab
251 1446 449 1502 incarnatione
464 1445 573 1501 Domini
589 1448 667 1516 ltus,
683 1446 836 1503 indictione
851 1463 886 1516 rr,

68 1538 164 1597 ileliae
182 1555 289 1608 comes,
303 1538 488 1595 hebdomada
503 1540 681 1610 praecedente
699 1540 887 1612 Rogationcs,

940 788 1012 860 quit,
1039 795 1131 845 uestra
1156 792 1274 860 requiro.
1299 791 1405 847 domine
1430 806 1488 855 reu,
1513 792 1650 855 inducias,
1673 791 1756 847 dorice

939 884 1031 939 saluus
1053 882 1086 939 de
1107 881 1284 940 Genomunais
1307 884 1412 940 redeas.
1432 885 1493 941 lllic
1514 887 1586 941 enim
1604 884 1707 956 praised
1730 888 1757 940 ct

939 982 1092 1033 sanatorum
1105 980 1195 1033 corano
1214 979 1453 1050 maestitiaque
1472 980 1616 1035 communis
1634 978 1756 1049 quotidie

938 1070 972 1125 dc
986 1075 1060 1127 statu
1073 1072 1229 1143 reipublice
1244 1077 1378 1129 tractatus
1393 1077 1419 1129 et
1431 1073 1605 1144 prouidentia
1617 1074 1659 1143 fit.
1673 1070 1755 1138 Quid

938 1164 1007 1235 quid
1018 1165 1058 1219 ibi
1067 1172 1179 1236 plectum
1190 1167 1277 1233 fuerit
1291 1167 1433 1231 uobiscum,
1448 1182 1495 1222 nos
1509 1171 1652 1237 gratanter
1664 1165 1755 1221 subse·

938 1274 1060 1329 quernur,
1071 1265 1097 1315 et
1104 1258 1271 1329 iussionibus
1282 1262 1380 1316 uestris
1390 1263 1418 1316 in
1431 1260 1555 1316 omnibus
1566 1259 1751 1329 obsequemur.

937 1355 999 1408 Hace
1015 1353 1125 1417 idcireo,
1140 1353 1246 1409 daniae
1262 1370 1320 1417 rea,
1336 1355 1441 1425 loquor,
1458 1354 1593 1424 majorum
1608 1356 1677 1407 natu
1695 1366 1755 1407 con-

937 1446 1008 1510 silio,
1024 1449 1099 1517 quia,
1117 1449 1142 1503 si
1159 1449 1218 1503 sine
1237 1448 1304 1503 bello
1320 1449 1426 1519 primus
1445 1447 1574 1516 dessoern
1589 1448 1753 1519 primumque

936 1556 1055 1597 nieorum
1079 1542 1207 1608 desertor,
1226 1544 1335 1612 primus
1353 1557 1449 1613 pacem
1470 1543 1566 1605 iniero,
1590 1541 1673 1602 omni,
1694 1540 1753 1595 sins

66 1632 283 1705 expeditionem
311 1648 397 1704 super
424 1633 601 1688 liudbertum
627 1633 708 1703 fecit,
738 1637 784 1705 et,
810 1634 886 1691 facto
938 1635 1029 1698 dubio,
1045 1637 1138 1705 generi
1156 1650 1213 1690 meo
1227 1634 1342 1691 dedecus
1359 1640 1385 1691 et
1400 1636 1594 1706 improperium
1610 1632 1751 1702 cannabo.

68 1727 209 1797 discursu,
224 1732 289 1799 post
307 1744 417 1784 nonam
438 1744 504 1783 suos
522 1743 655 1785 remeare
671 1729 817 1800 praecepit.
832 1728 887 1785 lllis
898 1701 925 1774 Β
936 1730 1056 1785 Membra
1075 1734 1158 1799 eaput
1173 1729 1299 1800 subsequi
1311 1729 1418 1793 debent,
1433 1743 1488 1785 reon
1502 1727 1653 1800 praecedere
1668 1731 1694 1783 et
1709 1727 1755 1795 tu·

66 1827 167 1877 autem
181 1821 375 1889 redeuntibus,
389 1838 494 1889 comes,
509 1838 576 1877 eum
593 1825 704 1893 septem
717 1822 887 1879 militibusa
935 1825 989 1878 ceti
1012 1824 1177 1894 legitimique
1199 1824 1318 1879 vernulae
1340 1825 1427 1895 napis
1453 1828 1551 1895 optant
1572 1822 1680 1891 obsequi
1700 1819 1750 1876 do-

66 1922 166 1971 turma
184 1932 236 1971 sua
254 1920 430 1987 segregatos,
448 1932 539 1988 prope
563 1915 741 1987 dangeolum
760 1915 885 1986 divertit,
935 1919 1019 1985 mino,
1043 1933 1125 1987 quum
1142 1918 1249 1987 jubere.
1272 1917 1337 1973 liae
1359 1920 1388 1974 et
1410 1917 1495 1989 plura
1515 1915 1560 1971 bis
1581 1913 1685 1971 similia
1706 1912 1751 1969 di-

65 2010 176 2082 ibique,
194 2009 225 2065 in
244 2009 394 2066 condensis
411 2010 560 2066 arboribus
578 2014 608 2065 et
623 2010 751 2065 frutectis
771 2009 884 2067 latitan-
935 2015 1050 2067 cantem
1076 2027 1127 2066 rex
1152 2010 1298 2080 laudavit,
1323 2015 1352 2066 et
1379 2026 1445 2083 quae
1472 2010 1615 2083 postulata
1638 2007 1752 2064 fuerant

65 2107 110 2159 tos
132 2103 270 2177 quosdam
294 2104 407 2168 avertit,
431 2104 461 2159 in
485 2118 556 2176 quos
579 2104 675 2160 statim
700 2104 886 2176 campaneis
934 2104 1045 2161 annuit.

65 2198 210 2254 sodalibus
233 2197 325 2253 irruit.
348 2197 505 2253 Radbertus
530 2202 627 2253 autem
652 2198 682 2253 in
710 2197 819 2254 insidiis
844 2199 886 2255 ibi
970 2198 1131 2254 coisfredus
1148 2215 1262 2272 quoque
1274 2199 1309 2255 de
1328 2199 1465 2255 Meduana
1479 2200 1508 2254 et
1522 2199 1609 2254 llotro
1621 2196 1657 2253 de
1673 2196 1749 2251 Hon-

65 2290 211 2349 latitabat.
224 2291 289 2361 Qui,
304 2296 335 2347 ut
350 2307 455 2363 paucos
471 2292 583 2347 incaute
600 2292 790 2349 discurrentes
802 2292 884 2364 vidit,
935 2292 1040 2361 teforti,
1055 2293 1162 2365 aliique
1181 2294 1288 2365 plures,
1304 2309 1357 2364 per
1373 2307 1495 2365 quorum
1511 2296 1601 2349 terras
1613 2289 1750 2345 transitu-

64 2385 156 2453 vafer,
176 2385 342 2457 militiaeque
357 2402 472 2457 gnarus,
492 2402 524 2440 cx
539 2385 692 2457 improviso
711 2402 777 2441 eum
794 2386 884 2458 pluri·
935 2404 983 2443 rus
1001 2391 1071 2457 erat,
1091 2386 1226 2443 similiter
1244 2391 1376 2459 cgemnt,
1395 2389 1424 2443 et
1443 2384 1622 2443 securitatem
1643 2383 1680 2439 ab
1703 2398 1749 2452 eo,

65 2480 121 2535 mis
144 2480 293 2552 prosilivit,
316 2479 508 2550 comitemque
534 2496 609 2549 mox,
634 2484 662 2535 et
684 2482 823 2535 llerveum
849 2481 885 2538 da
935 2485 1072 2557 usquead
1092 2485 1213 2542 reditum
1231 2485 1303 2555 aius,
1318 2484 1493 2556 supplicibus
1508 2482 1599 2538 verbis
1612 2482 1749 2553 impetra·

62 2573 236 2645 Monteforti,
259 2573 429 2646 signiferum
453 2574 524 2645 ejus,
548 2579 577 2628 et
597 2589 671 2645 pene
692 2589 792 2629 ornnes
812 2576 884 2631 alios
934 2583 1044 2635 verunt.
1059 2579 1119 2635 Gilo
1137 2579 1172 2634 de
1192 2578 1309 2646 solleio,
1330 2577 1367 2633 de
1388 2576 1571 2633 nobilissimis
1591 2574 1748 2641 Gallorum,

63 2667 295 2740 comprehendit.
311 2666 410 2722 Prmvii
424 2682 490 2723 vero
503 2666 651 2737 exercitus,
670 2671 821 2740 postquam
836 2670 885 2725 Ba·
933 2674 1066 2746 antiquus
1080 2673 1163 2729 heros
1176 2672 1212 2728 de
1225 2671 1334 2728 familia
1347 2671 1460 2729 ilenrici
1472 2671 1549 2743 regis
1564 2671 1747 2735 Francorum,

62 2761 184 2818 laonem
200 2761 305 2817 alacres
320 2764 522 2833 pervenerunt,
537 2777 648 2833 percos
662 2762 713 2833 qui
725 2766 883 2829 evaserant,
935 2768 986 2840 qui
998 2767 1102 2823 multas
1113 2766 1226 2823 viderat
1238 2771 1266 2822 et
1279 2782 1398 2836 magnas
1411 2763 1648 2837 congregationes
1660 2776 1749 2834 popu·

61 2862 180 2928 mptum
193 2872 254 2911 esse
267 2856 431 2925 audierunt,
447 2854 595 2927 subitoque
608 2859 672 2927 post
685 2856 800 2912 inanem
814 2856 884 2913 lueti-
934 2864 1036 2931 lorum,
1056 2861 1087 2916 in
1106 2860 1197 2916 arduo
1219 2863 1317 2915 monte
1335 2862 1424 2927 stans,
1439 2863 1548 2915 turmas
1568 2858 1748 2912 armatorum

61 2950 138 3004 tiam
159 2949 270 3021 ingenti
289 2964 409 3004 moerore
430 2948 537 3020 pariter
557 2947 688 3005 inebriati
708 2953 785 3005 sunt·
808 2950 881 3005 Rod-
935 2955 1061 3028 undiquc
1076 2955 1220 3027 prospexit
1229 2958 1258 3010 et
1269 2954 1427 3026 quingenta
1440 2950 1662 3009 milliavimrum
1676 2947 1748 3004 inibi

59 3044 164 3099 bertus
180 3042 282 3097 deindo
297 3043 359 3114 regi
376 3043 483 3097 lleliam
499 3041 711 3113 Rothomagum
730 3047 883 3114 praesonta·
892 3071 920 3147 C
934 3066 994 3104 esse
1008 3048 1177 3111 autrrmavit,
1192 3064 1245 3104 nec
1264 3064 1294 3104 se
1314 3063 1441 3119 anquam
1455 3046 1526 3103 citra
1539 3046 1623 3117 Alpes
1637 3045 1749 3099 tantum

58 3138 112 3204 uit,
136 3152 223 3208 quem
245 3153 296 3190 rex
317 3136 473 3191 honorilice
496 3134 630 3191 custodiri
652 3136 797 3209 pracepit.
819 3138 882 3193 Non
932 3142 1048 3198 insimul
1064 3141 1220 3198 exercitum
1234 3140 1338 3197 vidisse
1353 3141 1484 3197 asseruit.

59 3231 144 3287 enim
163 3229 298 3285 militibus
317 3232 380 3285 erat
396 3229 529 3298 crudelis,
544 3229 593 3284 sed
608 3229 728 3286 blandus
743 3234 771 3286 et
785 3230 881 3303 dapsi·
968 3236 1062 3292 Prima
1071 3235 1148 3308 regis
1160 3234 1272 3291 mansio
1286 3234 1315 3290 in
1326 3239 1401 3291 terra
1416 3234 1510 3290 hostili
1523 3233 1598 3306 apud
1610 3230 1748 3289 lirrceium

58 3325 107 3391 ΓΒ,
120 3324 266 3396 jucundus
282 3329 312 3379 et
326 3323 456 3379 affabilis·
931 3331 994 3399 fuit,
1008 3336 1045 3399 et,
1060 3329 1187 3402 sequenti
1201 3329 1258 3399 die,
1272 3345 1322 3384 rex
1336 3329 1370 3384 ad
1388 3329 1511 3385 Mentem
1527 3325 1636 3382 ansoti
1655 3327 1749 3381 castra

99 3418 188 3474 Felici
201 3418 313 3473 fortuna
328 3434 377 3472 rex
389 3418 552 3475 cuillelmus
565 3416 616 3473 sibi
634 3418 778 3474 arridente
794 3420 882 3493 tripu-

59 3517 164 3585 diarii,
184 3518 214 3570 et
227 3514 390 3570 convocatis
407 3515 436 3570 in
455 3531 544 3569 unum
560 3515 743 3571 Normannioe
762 3515 879 3571 baroni-

57 3611 127 3679 bus,
146 3609 187 3665 ait
207 3625 215 3664 ι
234 3612 371 3665 Heratenus
394 3613 427 3664 de
447 3608 627 3663 nranciscenda
648 3609 804 3665 haereditate
824 3626 879 3681 po-

58 3712 143 3761 ternu
160 3704 328 3774 negligenter
344 3705 396 3772 epi,
413 3704 480 3773 quia
496 3718 548 3773 pro
566 3703 716 3774 cupiditate
734 3705 808 3758 ruris
827 3719 878 3758 au·

57 3798 146 3868 pendi
168 3798 282 3869 populos
302 3812 412 3865 acerne,
433 3797 476 3852 uei
497 3798 616 3852 domines
637 3799 770 3868 perimere
792 3798 878 3852 nolui.

56 3894 141 3949 Nunc
162 3896 263 3955 autem,
287 3896 319 3946 ut
337 3891 446 3953 videtis,
470 3906 511 3946 rne
535 3893 677 3958 nesciente,
701 3892 783 3947 bostis
805 3907 880 3948 meus

56 3990 158 4057 captus
180 3991 231 4047 est,
253 3988 356 4055 hecque
377 3985 490 4047 oobntc,
514 3987 563 4054 qui
584 3984 773 4040 rectitudinem
793 4000 880 4040 mrim

55 4081 147 4143 nouit,
167 4082 238 4135 mibi
259 4078 376 4135 traditus
397 4084 447 4135 est.
469 4078 540 4144 Quid
563 4079 704 4133 laudatis?
721 4079 793 4146 Quid
812 4080 880 4135 mibi

930 3428 1053 3480 metatus
1071 3422 1256 3495 pernoctavit.
1271 3423 1364 3477 Tertia
1377 3438 1443 3478 vero
1462 3421 1519 3488 die,
1532 3419 1684 3479 colunchis
1696 3435 1747 3473 re·

930 3518 982 3585 nit,
996 3521 1025 3572 et
1038 3518 1067 3572 in
1083 3517 1173 3588 pratis
1186 3516 1273 3571 Sarte
1285 3514 1335 3587 figi
1350 3514 1540 3570 multitudinis
1552 3513 1677 3568 tentoria
1692 3512 1747 3565 inr-

930 3610 1049 3683 peravit.
1064 3612 1096 3666 ln
1112 3609 1202 3665 vineis
1220 3608 1357 3664 balistarii
1374 3614 1403 3663 et
1418 3606 1559 3680 sagittarii
1579 3621 1659 3661 secus
1673 3604 1748 3659 viam

931 3708 1027 3773 erant3
1042 3704 1091 3776 qui
1106 3703 1262 3771 tramitem,
1282 3719 1318 3758 ne
1333 3702 1427 3757 hostes
1445 3701 1562 3773 impune
1581 3698 1747 3765 transirent,

930 3813 1111 3870 summopere
1121 3797 1322 3869 explorabant,
1334 3795 1498 3867 crebrisque
1510 3791 1663 3849 missilibus
1676 3807 1750 3865 prm·

930 3894 1076 3948 lereuntes
1090 3891 1300 3963 inquietabant.

967 3985 1061 4054 Falco,
1082 3987 1274 4058 cognomento
1293 3983 1438 4051 llicbinus,
1458 3982 1679 4055 andegavorum
1700 3997 1747 4039 co·

929 4096 1000 4148 mes,
1015 4083 1047 4135 ut
1067 4079 1176 4136 lleliam
1197 4082 1312 4151 captum
1328 4077 1446 4148 audivit,
1463 4076 1665 4145 cenomannis,
1679 4075 1747 4149 quia

928 4173 1056 4246 capitalis
1070 4173 1205 4229 dominus
1221 4180 1292 4241 erat,
1305 4175 1433 4228 actutum
1452 4170 1579 4239 advenit,
1594 4177 1633 4241 et,
1646 4187 1663 4224 a
1676 4169 1747 4225 civi·

928 4268 981 4324 bus
1004 4268 1126 4323 libenter
1151 4270 1308 4339 susceptus,
1332 4265 1469 4322 militibus
1491 4271 1520 4321 et
1544 4264 1747 4321 fundibulariis

57 4174 141 4231 modo
158 4172 348 4244 persuadetis?
363 4175 401 4227 lle
415 4174 495 4227 rebus
513 4173 627 4242 agendis
640 4174 783 4229 consilium
801 4174 879 4229 indu·

55 4273 133 4339 pate,
156 4273 182 4323 st
208 4267 275 4322 miii
295 4266 368 4337 quod
389 4266 528 4321 salubrius
551 4268 717 4333 censueritis,
741 4268 876 4322 intimate.

56 4360 219 4434 optimates
238 4366 346 4429 antem,
368 4360 496 4415 consultu
516 4363 703 4431 perscrutato,
723 4360 876 4432 responde·
928 4361 1060 4416 munivit.
1084 4360 1262 4418 Adueniente
1289 4376 1355 4416 vero
1384 4376 1462 4433 rege,
1486 4359 1591 4441 milites
1614 4358 1650 4414 de
1675 4357 1746 4413 urbe

55 4460 149 4513 mirri:
167 4457 305 4514 communi
321 4455 442 4517 cornilio,
457 4456 567 4509 llomine
583 4470 642 4517 rea,
658 4454 825 4511 decernimus
846 4444 916 4515 orl)
927 4454 1040 4511 obviam
1053 4454 1079 4509 ei
1092 4454 1200 4527 egressi
1212 4459 1288 4521 sunt,
1301 4459 1329 4509 et
1346 4457 1407 4509 tota
1425 4453 1472 4509 die
1491 4452 1611 4507 viriliter
1627 4452 1658 4506 in
1676 4452 1745 4506 Nor·

47 4552 175 4623 jussione
197 4555 286 4605 oestro
311 4551 452 4603 uniuersus
470 4549 691 4606 Narmannorum
715 4554 877 4620 rrpprepetur
927 4566 1050 4605 mannos
1069 4552 1258 4617 certaverunt,
1273 4550 1301 4603 et
1320 4547 1456 4602 militaria
1473 4562 1507 4602 ex
1529 4551 1648 4618 utraque
1664 4548 1747 4616 parte
1841 4554 1844 4563 '

55 4646 202 4710 exercitus,
219 4657 280 4698 curn
298 4659 351 4713 quo
369 4657 417 4697 nos
435 4657 534 4708 ornnes,
553 4641 591 4696 ad
609 4642 783 4698 obtinendam
797 4646 878 4702 ceno·
927 4643 1057 4699 facinora
1072 4642 1289 4698 commiserunt.
1305 4641 1418 4696 Famosi
1433 4656 1537 4711 nempe
1553 4639 1662 4713 pugiles
1673 4638 1746 4693 nile·

55 4752 222 4794 mnnnorum
244 4739 389 4805 regionem,
411 4737 543 4791 audenter
568 4742 593 4791 et
617 4737 744 4792 alacriter
768 4737 876 4793 ibirnus.
926 4736 1032 4791 bantur
1046 4737 1182 4808 utrinque
1204 4751 1268 4789 suas
1285 4739 1428 4790 ostentare
1443 4733 1526 4800 vires,
1541 4738 1569 4787 et
1583 4731 1746 4805 promereri

56 4832 109 4887 llis
121 4830 235 4898 auditis,
250 4846 299 4885 rex
315 4829 424 4901 gavisus
438 4833 489 4884 est.
505 4830 600 4897 Porro,
615 4830 725 4886 veloces
738 4829 875 4886 veredarii
927 4847 942 4885 a
962 4829 1137 4903 principibus
1153 4828 1212 4884 suis
1228 4830 1314 4901 atque
1330 4825 1573 4883 commilitonibus
1586 4825 1744 4897 sanguino·

56 4927 147 4997 longe
168 4925 283 4996 lateque
305 4940 356 4995 per
378 4923 538 4995 prrovinoias
561 4923 639 4977 missi
660 4928 736 4991 sunt,
757 4926 786 4978 et
805 4923 876 4979 velle
927 4923 1020 4978 lentas
1033 4923 1141 4979 laudes.

55 5018 146 5090 regis,
167 5021 199 5073 ot
219 5017 339 5089 subjecti
359 5020 388 5071 et
407 5017 508 5071 aflines
529 5022 556 5072 et
575 5016 660 5071 amici
681 5017 743 5071 sine
760 5016 876 5072 fictione
964 5018 1095 5089 Paganus
1107 5016 1143 5071 de
1158 5015 1380 5083 llontedublelli,
1395 5013 1565 5070 Narmannis
1577 5013 1644 5068 olim
1659 5012 1744 5069 fami·

55 5112 282 5184 suffragarentur
308 5110 345 5177 ei,
373 5110 601 5183 divulgaverunt.
626 5109 726 5165 Franci
753 5126 821 5182 ergo
847 5114 877 5165 et
926 5110 1014 5178 liaris,
1028 5109 1184 5165 amicitiam
1197 5125 1262 5165 cum
1275 5125 1344 5181 rege
1357 5108 1491 5175 firmavit,
1505 5112 1533 5164 et
1547 5106 1744 5178 fortissimam,

56 5204 284 5276 Burgundiones,
304 5204 403 5261 llorini
425 5211 453 5259 et
474 5205 613 5273 Britones,
633 5204 754 5276 aliaeque
775 5202 875 5259 vicinas
927 5220 1015 5277 quam
1028 5204 1103 5276 apud
1117 5203 1268 5259 Balaonem
1281 5201 1452 5275 possidebat,
1466 5206 1571 5258 motam
1585 5202 1647 5275 regi
1660 5201 1745 5258 tradi·

56 5306 160 5373 gentes
185 5298 222 5355 ad
249 5298 396 5354 lihemlem
424 5299 578 5371 patricium
605 5301 823 5365 concurrerunt,
847 5300 876 5352 et
926 5298 978 5365 dit,
998 5313 1049 5369 per
1068 5314 1152 5370 quam
1173 5299 1267 5352 totum
1287 5296 1436 5369 oppidum,
1455 5295 1622 5351 adversariis
1643 5296 1743 5351 subac-

54 5393 219 5469 phalanges
232 5393 293 5464 ejus
307 5391 506 5465 multiplieiter
520 5396 672 5447 surxerunt.
926 5395 998 5461 tam,
1020 5390 1123 5463 paruit.
1146 5392 1205 5446 lter
1229 5397 1326 5445 autem
1349 5389 1406 5445 illie
1427 5390 1604 5447 liudbertum
1626 5389 1660 5444 de
1684 5388 1744 5445 Bel·

92 5488 184 5542 llense
194 5485 278 5542 lunio
289 5487 562 5558 [iccillcuillelmua
573 5501 619 5541 rex
632 5501 683 5558 per
691 5485 874 5541 eleccionem
924 5485 1010 5541 lismo
1022 5485 1177 5558 principem
1192 5483 1302 5539 militiae
1315 5483 1473 5553 constituit,
1484 5484 1568 5557 eique
1579 5485 1642 5556 plus
1655 5499 1742 5555 quam

54 5580 217 5637 exercitum
232 5580 321 5648 duxit,
335 5581 490 5653 multisque
510 5580 646 5635 militibus
664 5579 793 5651 stipatus,
809 5580 873 5633 bos·
925 5596 972 5633 ccc
988 5579 1103 5647 milites,
1123 5577 1228 5633 avrimis
1247 5584 1275 5633 et
1294 5578 1383 5632 armis
1402 5578 1565 5645 instructos,
1585 5576 1742 5633 associavit.

53 5678 129 5733 tium
148 5674 299 5747 regionem
314 5675 504 5730 formidabilis
525 5673 649 5729 intravit.
668 5673 786 5728 llilitnm
805 5690 874 5729 vero
924 5674 1028 5729 Contra
1044 5655 1206 5728 resistentes
1224 5671 1371 5744 indigenas
1390 5671 1576 5727 vehementer
1594 5670 1742 5734 intumuit,

54 5776 163 5829 turnare
181 5769 262 5845 regio
281 5770 364 5845 jussu
385 5769 584 5826 fredernaium
607 5774 725 5843 repente
743 5767 875 5827 adierunt
925 5772 954 5829 el
968 5766 1235 5845 incomparabilibus
1248 5766 1426 5826 detrimentis
1441 5766 1546 5825 aeriter
1566 5780 1618 5822 eas
1629 5761 1750 5817 alatari.
