3750 6046
695 220 857 285 uetsrott
877 224 1012 285 NlCOLAl
1030 229 1074 285 dl)
1093 230 1123 285 Β.
1144 222 1317 289 innotuit.

872 579 1137 667 EXCllRPlUll
1162 617 1168 626 ·

243 809 289 874 Ex
311 811 488 893 diplomate
507 808 660 874 Friderici
679 811 901 893 imperatoris,
924 811 1030 892 hujus
1052 811 1198 876 nominis
1219 812 1327 895 primi,
1348 812 1545 892 ingratiam
1568 810 1605 875 B.
1629 811 1774 875 Amedei

916 928 1083 975 concesso.

414 1118 565 1190 (Mernoiiat
582 1117 615 1172 de
633 1117 774 1187 Fribourq.
788 1147 823 1158 -
835 1116 947 1173 Plantid
966 1132 1034 1174 mss.
1055 1117 1138 1174 Dedit
1157 1117 1291 1175 dominus
1310 1119 1380 1174 Baro
1400 1120 1436 1174 da
1455 1120 1591 1193 Grnsrns.)

203 1383 329 1399 .....
351 1341 519 1414 Eapropter,
533 1341 700 1398 charissimo
714 1342 883 1399 cancellario
896 1347 995 1400 nostro
1010 1343 1148 1413 Amedco,
1169 1344 1365 1400 Lausannensi
1379 1345 1522 1417 episcopo,
1538 1345 1589 1417 qui
1602 1361 1718 1415 genero
1732 1351 1762 1401 ct
1773 1348 1834 1402 nobi·

163 1424 251 1487 litate,
266 1439 320 1478 uec
333 1438 389 1477 non
402 1421 547 1489 fidelitate,
564 1422 645 1477 nobis
660 1424 792 1479 astrictus
807 1424 980 1494 agnoscitur,
995 1422 1025 1478 in
1039 1423 1213 1495 colligendis,
1228 1424 1428 1496 dispensandis
1447 1431 1475 1480 et
1494 1424 1666 1480 revocandis
1688 1426 1833 1489 collatisin

92 1511 96 1521 '
164 1503 367 1559 confirmandis
386 1503 567 1571 necessariis,
584 1503 613 1557 in
627 1503 814 1558 convocandis
826 1503 863 1559 ad
880 1504 991 1560 curiam
1004 1503 1202 1560 ecclesiasticis
1215 1505 1343 1577 personis
1356 1510 1441 1577 atque
1454 1505 1624 1574 baronibus,
1643 1506 1724 1560 vices
1743 1510 1834 1560 nostru

165 1583 381 1651 committimus,
392 1582 575 1638 consideratis
589 1582 641 1638 viri
653 1583 800 1639 honestate
814 1583 974 1655 etantiqua
987 1582 1118 1639 Ecclesia
1132 1584 1325 1640 Leusannsnsi
1335 1583 1484 1655 dignitate.

453 2008 1022 2184 EPISTOLA
1091 2008 1561 2183 NICOLAI

297 2338 519 2403 Cluniaconsis
533 2337 690 2419 primunr,
709 2336 826 2401 deinde
844 2334 1103 2401 Glaraevallensis
1118 2338 1284 2413 monachi,
1302 2338 1333 2403 S.
1351 2338 1517 2404 Bernardo
1534 2341 1725 2417 asseratis,

766 2571 841 2663 ΑΙ)
875 2572 923 2663 Β.
963 2570 1250 2663 AMEDEUM.

574 2800 737 2872 (Minnione,
757 2802 859 2856 Annut
882 2802 1003 2864 cisterc„
1022 2799 1058 2854 ad
1075 2815 1122 2853 an.
1146 2799 1223 2868 llll,
1244 2803 1264 2852 t.
1279 2800 1300 2861 l,
1320 2813 1347 2869 p.
1368 2798 1443 2869 tot.)

931 3013 1081 3024 uo—-m-—nn

202 3186 281 3240 Patri
294 3199 353 3247 suo,
367 3180 880 3252 fraterlticotaus,seipsumadpedes.
893 3181 982 3237 liutto
992 3193 1092 3267 Aqua
1111 3184 1198 3252 possit
1221 3181 1254 3237 dc
1267 3183 1383 3250 sinaulis
1397 3181 1515 3244 artibus,
1536 3183 1621 3237 etium
1645 3199 1713 3239 curn
1732 3183 1843 3254 ruauh.

167 3287 233 3335 esset
252 3280 437 3350 praesumptio,
458 3280 482 3333 si
498 3293 552 3332 aon
575 3276 664 3331 multa
687 3280 753 3331 esset
771 3275 891 3343 ditectio,
910 3274 982 3344 quod
1031 3275 1183 3346 artificibus
1203 3276 1414 3346 plritosopbarit
1429 3278 1576 3347 Propterea
1600 3281 1789 3348 supereminet
1804 3278 1844 3333 itta

162 3389 298 3446 prasumo
318 3373 431 3429 seribere
448 3376 542 3426 uestra
565 3371 749 3437 sublimitati3
774 3369 886 3439 affectas
910 3370 982 3423 enirn
1031 3371 1208 3424 mortalitatis
1231 3375 1284 3424 tuae
1307 3370 1457 3425 liberalitas
1478 3386 1539 3440 qua
1552 3370 1642 3439 iusta
1669 3379 1805 3429 oratorem
1824 3387 1846 3426 rr

168 3468 252 3524 truliit
266 3483 316 3530 mc,
329 3469 378 3537 qui
396 3481 443 3521 nec
465 3466 568 3534 leuibus
589 3464 783 3534 obtemperare,
798 3467 823 3518 et
844 3464 888 3518 eut
907 3476 982 3530 reses
1028 3462 1130 3532 prabet
1156 3463 1285 3518 bbmdam
1308 3466 1416 3534 sumu,
1438 3463 1587 3533 juvenibus
1612 3480 1731 3529 comem,
1750 3481 1846 3537 emtas

166 3564 300 3634 imperare
314 3577 368 3616 non
380 3563 502 3632 possunt.
519 3561 613 3617 Nescio
626 3560 697 3614 enim
709 3573 761 3628 quo
778 3561 870 3628 pacto,
883 3572 917 3612 ec
930 3571 982 3625 quc
1032 3557 1149 3620 senibus,
1164 3559 1322 3624 confortans
1346 3573 1447 3622 omncs,
1471 3557 1593 3614 omnibus
1616 3575 1646 3614 se
1670 3563 1844 3631 consonam.

166 3657 226 3711 uidi
239 3671 294 3719 uos,
309 3656 417 3710 ditectio
429 3658 521 3708 uestra
532 3654 598 3723 ipsis
611 3653 709 3708 ‹rnima
721 3667 786 3707 mea
795 3650 982 3722 penetralibus
1032 3651 1061 3704 in
1088 3665 1206 3706 sermone
1229 3653 1387 3714 communis,
1411 3654 1441 3706 in
1464 3650 1645 3708 contubernio
1675 3656 1847 3726 aqualata

169 3750 282 3819 tarqitcr
295 3765 322 3805 se
339 3747 463 3816 infudit;
480 3762 528 3801 nec
540 3746 597 3813 suit
617 3761 693 3800 moro
713 3746 783 3801 inter
802 3750 938 3815 aspectum
958 3747 983 3798 et
1033 3744 1151 3799 consiliis
1169 3745 1376 3816 maculasset
1398 3746 1514 3801 muitum
1538 3746 1709 3812 animensis,
1723 3752 1789 3820 arria
1804 3750 1846 3804 nri·

55 3860 61 3869 ·
169 3844 305 3913 (illectum,
335 3842 458 3911 quamvis
484 3839 599 3908 offitium
628 3840 735 3894 tardius
764 3838 927 3893 habuissem.
953 3838 984 3894 Si
1033 3838 1105 3891 nime
1123 3838 1277 3892 ambitiosa.
1295 3838 1359 3893 Vidi
1381 3840 1451 3894 enim
1465 3844 1490 3893 te
1503 3841 1560 3893 sine
1574 3843 1713 3910 superbia
1733 3843 1846 3905 nebim.

168 3953 230 4006 erqo
253 3936 367 4006 fidenter
387 3935 484 4001 scribo,
499 3949 532 3988 aa
554 3933 604 3988 boc
616 3939 665 3994 est,
680 3935 746 4003 quis
765 3933 882 4003 fideliter
904 3947 981 3998 amo,
1033 3932 1090 3985 sine
1109 3931 1216 3985 inuidia
1236 3935 1380 4002 potentem,
1395 3935 1451 3987 sias
1470 3935 1670 4003 superstitione
1692 3936 1845 4008 reticium,

168 4033 235 4101 quin
247 4033 272 4085 si
285 4029 380 4084 audac
397 4045 464 4093 sum,
476 4045 529 4083 uon
547 4036 636 4084 tumcn
650 4027 779 4082 meam.
796 4028 880 4081 Amor
894 4026 981 4080 domi·
1032 4027 1090 4081 sine
1112 4025 1246 4092 iactantia
1266 4026 1433 4089 litteratum,
1452 4028 1508 4081 sins
1531 4029 1643 4098 inclitis
1663 4046 1789 4098 ornnem,
1800 4032 1845 4087 siai

170 4140 236 4178 num
252 4125 346 4186 nescit,
361 4124 483 4193 ‹iquoscit
496 4125 623 4185 omnum,
640 4127 666 4177 et
677 4123 707 4176 in
717 4122 826 4188 inuitis,
839 4121 984 4189 diurnitatis
1032 4120 1122 4175 studio
1133 4119 1263 4186 surculum,
1277 4121 1335 4175 sinc
1349 4123 1495 4191 crapulitate
1511 4128 1702 4189 constantem,
1724 4128 1782 4181 riae
1792 4125 1845 4197 pn·

169 4220 285 4280 nescius,
299 4217 549 4288 dianrtionedises
560 4217 658 4287 affectu
670 4221 861 4287 potenssuosu
873 4215 981 4284 esicus,
1033 4213 1145 4268 rutilata
1165 4229 1338 4269 communem.
1363 4215 1438 4270 illud
1454 4215 1610 4281 admirans,
1632 4220 1715 4288 quod
1735 4218 1847 4275 aaut&

164 4314 312 4384 perspicua
332 4314 466 4383 puritate.
481 4312 553 4379 Quid
572 4326 644 4378 erac,
658 4312 683 4365 si
700 4310 846 4365 ascesidisti
866 4323 982 4372 sursum,
1032 4309 1151 4363 scientia
1175 4309 1364 4364 conscientiam
1393 4307 1471 4363 brebes
1496 4313 1683 4379 superiorem.
1717 4314 1846 4371 Tainia

167 4408 280 4462 Domine
304 4409 351 4470 mi,
375 4408 428 4461 imo
453 4407 554 4477 potius,
577 4405 674 4460 dilecte
702 4405 761 4458 mit
786 4406 877 4459 Etiam
904 4418 984 4474 super
1033 4402 1119 4456 credit
1134 4403 1247 4472 spiritus
1260 4417 1342 4470 meus,
1357 4403 1439 4458 tutem
1452 4407 1477 4457 te
1495 4403 1622 4475 loquitur
1635 4408 1759 4477 assedus
1777 4422 1845 4471 mern,

165 4516 271 4574 pennas
293 4505 435 4556 centorum
457 4516 511 4555 nors
531 4499 688 4555 subduceris
711 4497 807 4566 irffectu
830 4512 896 4560 mco,
915 4499 984 4553 etsi
1033 4495 1141 4551 assidue
1153 4496 1220 4550 mibi
1233 4497 1456 4552 submurmurans
1470 4499 1602 4567 spiritum
1621 4504 1682 4556 tuae
1702 4502 1847 4559 suauitatis.

168 4596 296 4651 asccudus
318 4595 355 4650 ud
375 4594 463 4657 catos,
477 4609 576 4664 sequar
600 4598 635 4655 te,
650 4606 808 4663 quocunque
828 4592 901 4645 ieris.
923 4561 1021 4646 NonB
1034 4591 1113 4645 lllitto
1127 4589 1176 4645 tibi
1190 4591 1289 4645 librum
1302 4593 1427 4661 ministri
1442 4592 1566 4647 Ansolmi
1580 4592 1616 4649 de
1627 4593 1747 4666 Spiritu
1758 4600 1847 4657 macto,

168 4693 239 4746 cuim
263 4705 323 4746 amo
344 4687 725 4761 pontificem,sedbominem‚
744 4684 898 4755 quiritum
917 4685 983 4756 leuis
1032 4685 1095 4738 bene
1120 4690 1294 4755 punctatum,
1320 4686 1374 4739 uisi
1400 4685 1495 4753 fallor,
1522 4690 1548 4741 et
1576 4690 1771 4748 emendatum.
1795 4693 1848 4761 Ean,

168 4784 304 4840 cathedra
318 4783 443 4844 contulit,
463 4797 517 4836 non
532 4797 549 4835 a
563 4779 692 4835 catbedru
703 4780 828 4848 suscepit.
1033 4780 1153 4848 inquam,
1167 4781 1216 4849 qui
1243 4785 1303 4834 tuas
1327 4795 1398 4841 sum,
1416 4785 1441 4834 et
1462 4784 1523 4835 tuus
1544 4795 1602 4850 ero,
1617 4786 1754 4853 quorsum
1774 4788 1847 4856 sum,

204 4879 269 4946 Quis
291 4877 338 4931 itte
361 4882 453 4930 autem
468 4878 555 4943 ur'qor,
580 4889 639 4944 quae
653 4874 763 4928 solutio
777 4873 901 4942 spiritus,
923 4888 984 4942 quae
1034 4873 1219 4928 amantissime
1237 4875 1328 4928 Pater.

168 4973 240 5028 suttu
255 4986 310 5026 suae
319 4971 480 5026 subtilitatis
494 4969 633 5024 obstantia
647 4982 761 5037 quaque
770 4968 943 5038 praerumpit,
958 4971 984 5023 et
