<?xml version="1.0" encoding="UTF-8"?>
<!DOCTYPE html PUBLIC "-//W3C//DTD XHTML 1.0 Transitional//EN"
    "http://www.w3.org/TR/xhtml1/DTD/xhtml1-transitional.dtd">
<html xmlns="http://www.w3.org/1999/xhtml" xml:lang="en" lang="en">
 <head>
  <title>
</title>
<meta http-equiv="Content-Type" content="text/html;charset=utf-8" />
  <meta name='ocr-system' content='tesseract 3.04.00' />
  <meta name='ocr-capabilities' content='ocr_page ocr_carea ocr_par ocr_line ocrx_word'/>
</head>
<body>
  <div class='ocr_page' id='page_1' title='image "./patrologiaecurs67unkngoog_0130.png"; bbox 0 0 3750 6046; ppageno 0'>
   <div class='ocr_carea' id='block_1_1' title="bbox 115 212 1803 277">
    <p class='ocr_par' dir='ltr' id='par_1_1' title="bbox 115 212 1803 277">
     <span class='ocr_line' id='line_1_1' title="bbox 115 212 1803 277; baseline -0.002 -2"><span class='ocrx_word' id='word_1_1' title='bbox 115 217 168 275; x_wconf 70' lang='lat'><strong>235³</strong></span> <span class='ocrx_word' id='word_1_2' title='bbox 533 218 690 277; x_wconf 74' lang='lat' dir='ltr'>HISTORIA</span> <span class='ocrx_word' id='word_1_3' title='bbox 709 219 1298 277; x_wconf 76' lang='lat' dir='ltr'><strong>tectnsnsttca.-Pa1tslt-ttn</strong></span> <span class='ocrx_word' id='word_1_4' title='bbox 1320 214 1367 274; x_wconf 87' lang='lat' dir='ltr'><strong>tlt.</strong></span> <span class='ocrx_word' id='word_1_5' title='bbox 1647 234 1658 247; x_wconf 55' lang='lat'>⁸</span> <span class='ocrx_word' id='word_1_6' title='bbox 1748 212 1803 271; x_wconf 75' lang='lat' dir='ltr'><strong>tta</strong></span> 
     </span>
    </p>
   </div>
   <div class='ocr_carea' id='block_1_2' title="bbox 89 339 1869 5743">
    <p class='ocr_par' dir='ltr' id='par_1_2' title="bbox 89 339 1869 5743">
     <span class='ocr_line' id='line_1_2' title="bbox 114 339 1782 429; baseline -0.002 -33"><span class='ocrx_word' id='word_1_7' title='bbox 114 340 221 397; x_wconf 89' lang='lat' dir='ltr'><strong>lelmus</strong></span> <span class='ocrx_word' id='word_1_8' title='bbox 244 341 282 396; x_wconf 86' lang='lat' dir='ltr'><strong>de</strong></span> <span class='ocrx_word' id='word_1_9' title='bbox 307 341 512 410; x_wconf 76' lang='lat' dir='ltr'><strong>Uonasteriolo,</strong></span> <span class='ocrx_word' id='word_1_10' title='bbox 536 342 669 398; x_wconf 81' lang='lat' dir='ltr'><strong>willelmi</strong></span> <span class='ocrx_word' id='word_1_11' title='bbox 693 342 824 399; x_wconf 85' lang='lat' dir='ltr'><strong>Garoiani</strong></span> <span class='ocrx_word' id='word_1_12' title='bbox 849 342 1063 429; x_wconf 62' lang='lat' dir='ltr'><strong>filiaaqqoeus,</strong></span> <span class='ocrx_word' id='word_1_13' title='bbox 1077 358 1180 399; x_wconf 88' lang='lat' dir='ltr'><strong>aurum</strong></span> <span class='ocrx_word' id='word_1_14' title='bbox 1198 349 1227 399; x_wconf 92' lang='lat' dir='ltr'><strong>et</strong></span> <span class='ocrx_word' id='word_1_15' title='bbox 1245 343 1329 414; x_wconf 85' lang='lat' dir='ltr'><strong>pallia</strong></span> <span class='ocrx_word' id='word_1_16' title='bbox 1349 339 1481 415; x_wconf 89' lang='lat' dir='ltr'><strong>pretiosa,</strong></span> <span class='ocrx_word' id='word_1_17' title='bbox 1498 339 1673 411; x_wconf 77' lang='lat' dir='ltr'><strong>calicemque</strong></span> <span class='ocrx_word' id='word_1_18' title='bbox 1692 352 1782 409; x_wconf 81' lang='lat' dir='ltr'><strong>orgen</strong></span> 
     </span>
     <span class='ocr_line' id='line_1_3' title="bbox 115 429 1799 509; baseline -0.002 -20"><span class='ocrx_word' id='word_1_19' title='bbox 115 433 245 491; x_wconf 81' lang='lat' dir='ltr'><strong>maxime</strong></span> <span class='ocrx_word' id='word_1_20' title='bbox 263 434 371 505; x_wconf 88' lang='lat' dir='ltr'><strong>floruit,</strong></span> <span class='ocrx_word' id='word_1_21' title='bbox 388 439 416 491; x_wconf 91' lang='lat' dir='ltr'><strong>et</strong></span> <span class='ocrx_word' id='word_1_22' title='bbox 434 435 557 491; x_wconf 79' lang='lat' dir='ltr'><strong>Romani</strong></span> <span class='ocrx_word' id='word_1_23' title='bbox 572 436 714 491; x_wconf 87' lang='lat' dir='ltr'><strong>exercitus</strong></span> <span class='ocrx_word' id='word_1_24' title='bbox 731 436 864 508; x_wconf 91' lang='lat' dir='ltr'><strong>princeps</strong></span> <span class='ocrx_word' id='word_1_25' title='bbox 880 436 935 492; x_wconf 92' lang='lat' dir='ltr'><strong>mi·</strong></span> <span class='ocrx_word' id='word_1_26' title='bbox 990 441 1067 492; x_wconf 88' lang='lat' dir='ltr'><strong>teum</strong></span> <span class='ocrx_word' id='word_1_27' title='bbox 1083 437 1209 509; x_wconf 89' lang='lat' dir='ltr'><strong>aliasque</strong></span> <span class='ocrx_word' id='word_1_28' title='bbox 1228 436 1367 509; x_wconf 89' lang='lat' dir='ltr'><strong>pretiosas</strong></span> <span class='ocrx_word' id='word_1_29' title='bbox 1384 433 1491 507; x_wconf 89' lang='lat' dir='ltr'><strong>species</strong></span> <span class='ocrx_word' id='word_1_30' title='bbox 1507 431 1632 506; x_wconf 90' lang='lat' dir='ltr'><strong>protulit,</strong></span> <span class='ocrx_word' id='word_1_31' title='bbox 1647 429 1799 504; x_wconf 74' lang='lat' dir='ltr'><strong>diligenter</strong></span> 
     </span>
     <span class='ocr_line' id='line_1_4' title="bbox 113 526 1798 601; baseline -0.002 -19"><span class='ocrx_word' id='word_1_32' title='bbox 113 527 182 583; x_wconf 80' lang='lat' dir='ltr'><strong>litiae</strong></span> <span class='ocrx_word' id='word_1_33' title='bbox 203 529 309 598; x_wconf 84' lang='lat' dir='ltr'><strong>factus,</strong></span> <span class='ocrx_word' id='word_1_34' title='bbox 324 528 462 584; x_wconf 85' lang='lat' dir='ltr'><strong>vexillum</strong></span> <span class='ocrx_word' id='word_1_35' title='bbox 479 528 574 585; x_wconf 80' lang='lat' dir='ltr'>Sancti</span> <span class='ocrx_word' id='word_1_36' title='bbox 595 528 668 584; x_wconf 83' lang='lat' dir='ltr'><strong>Petri</strong></span> <span class='ocrx_word' id='word_1_37' title='bbox 684 535 798 601; x_wconf 86' lang='lat' dir='ltr'><strong>gestans</strong></span> <span class='ocrx_word' id='word_1_38' title='bbox 819 529 939 586; x_wconf 90' lang='lat' dir='ltr'><strong>Uberem</strong></span> <span class='ocrx_word' id='word_1_39' title='bbox 989 531 1150 586; x_wconf 77' lang='lat' dir='ltr'><strong>numeravit</strong></span> <span class='ocrx_word' id='word_1_40' title='bbox 1167 534 1196 585; x_wconf 92' lang='lat' dir='ltr'><strong>et</strong></span> <span class='ocrx_word' id='word_1_41' title='bbox 1213 528 1385 586; x_wconf 90' lang='lat' dir='ltr'><strong>anschetillo</strong></span> <span class='ocrx_word' id='word_1_42' title='bbox 1402 528 1525 584; x_wconf 89' lang='lat' dir='ltr'><strong>tradidit.</strong></span> <span class='ocrx_word' id='word_1_43' title='bbox 1539 528 1602 583; x_wconf 89' lang='lat' dir='ltr'><strong>Non</strong></span> <span class='ocrx_word' id='word_1_44' title='bbox 1618 526 1707 581; x_wconf 89' lang='lat' dir='ltr'><strong>multo</strong></span> <span class='ocrx_word' id='word_1_45' title='bbox 1722 530 1798 598; x_wconf 89' lang='lat' dir='ltr'><strong>post,</strong></span> 
     </span>
     <span class='ocr_line' id='line_1_5' title="bbox 113 619 1798 697; baseline -0.002 -20"><span class='ocrx_word' id='word_1_46' title='bbox 113 621 304 694; x_wconf 75' lang='lat' dir='ltr'><strong>Campaniam</strong></span> <span class='ocrx_word' id='word_1_47' title='bbox 332 621 505 695; x_wconf 83' lang='lat' dir='ltr'><strong>subjugarit.</strong></span> <span class='ocrx_word' id='word_1_48' title='bbox 531 622 580 678; x_wconf 82' lang='lat' dir='ltr'><strong>liic</strong></span> <span class='ocrx_word' id='word_1_49' title='bbox 609 621 787 678; x_wconf 82' lang='lat' dir='ltr'><strong>Uticensibus</strong></span> <span class='ocrx_word' id='word_1_50' title='bbox 814 639 938 695; x_wconf 91' lang='lat' dir='ltr'><strong>quorum</strong></span> <span class='ocrx_word' id='word_1_51' title='bbox 988 623 1199 697; x_wconf 82' lang='lat' dir='ltr'><strong>ingravescente</strong></span> <span class='ocrx_word' id='word_1_52' title='bbox 1216 623 1327 692; x_wconf 90' lang='lat' dir='ltr'><strong>morbo,</strong></span> <span class='ocrx_word' id='word_1_53' title='bbox 1344 623 1446 679; x_wconf 88' lang='lat' dir='ltr'><strong>nobilis</strong></span> <span class='ocrx_word' id='word_1_54' title='bbox 1467 623 1552 678; x_wconf 91' lang='lat' dir='ltr'><strong>heros</strong></span> <span class='ocrx_word' id='word_1_55' title='bbox 1572 620 1601 676; x_wconf 93' lang='lat' dir='ltr'><strong>in</strong></span> <span class='ocrx_word' id='word_1_56' title='bbox 1621 619 1798 676; x_wconf 88' lang='lat' dir='ltr'><strong>confessione</strong></span> 
     </span>
     <span class='ocr_line' id='line_1_6' title="bbox 114 711 1798 791; baseline -0.003 -21"><span class='ocrx_word' id='word_1_57' title='bbox 114 715 205 771; x_wconf 87' lang='lat' dir='ltr'><strong>trater</strong></span> <span class='ocrx_word' id='word_1_58' title='bbox 227 717 259 771; x_wconf 92' lang='lat' dir='ltr'><strong>et</strong></span> <span class='ocrx_word' id='word_1_59' title='bbox 277 715 387 771; x_wconf 88' lang='lat' dir='ltr'><strong>amicus</strong></span> <span class='ocrx_word' id='word_1_60' title='bbox 410 719 482 786; x_wconf 89' lang='lat' dir='ltr'><strong>erat,</strong></span> <span class='ocrx_word' id='word_1_61' title='bbox 505 718 535 773; x_wconf 91' lang='lat' dir='ltr'><strong>et</strong></span> <span class='ocrx_word' id='word_1_62' title='bbox 556 715 659 790; x_wconf 87' lang='lat' dir='ltr'><strong>quibus</strong></span> <span class='ocrx_word' id='word_1_63' title='bbox 680 716 763 790; x_wconf 90' lang='lat' dir='ltr'><strong>plura</strong></span> <span class='ocrx_word' id='word_1_64' title='bbox 782 721 938 791; x_wconf 89' lang='lat' dir='ltr'><strong>antequam</strong></span> <span class='ocrx_word' id='word_1_65' title='bbox 987 717 1089 773; x_wconf 86' lang='lat' dir='ltr'><strong>Christi</strong></span> <span class='ocrx_word' id='word_1_66' title='bbox 1103 718 1196 772; x_wconf 91' lang='lat' dir='ltr'><strong>Nonas</strong></span> <span class='ocrx_word' id='word_1_67' title='bbox 1214 715 1359 772; x_wconf 77' lang='lat' dir='ltr'><strong>Februarii</strong></span> <span class='ocrx_word' id='word_1_68' title='bbox 1375 718 1503 772; x_wconf 92' lang='lat' dir='ltr'><strong>mortuus</strong></span> <span class='ocrx_word' id='word_1_69' title='bbox 1522 718 1575 782; x_wconf 89' lang='lat' dir='ltr'><strong>est,</strong></span> <span class='ocrx_word' id='word_1_70' title='bbox 1589 716 1619 769; x_wconf 93' lang='lat' dir='ltr'><strong>et</strong></span> <span class='ocrx_word' id='word_1_71' title='bbox 1637 712 1666 767; x_wconf 92' lang='lat' dir='ltr'><strong>in</strong></span> <span class='ocrx_word' id='word_1_72' title='bbox 1681 711 1798 768; x_wconf 90' lang='lat' dir='ltr'><strong>ecclesia</strong></span> 
     </span>
     <span class='ocr_line' id='line_1_7' title="bbox 113 805 1798 883; baseline -0.003 -19"><span class='ocrx_word' id='word_1_73' title='bbox 113 807 148 865; x_wconf 91' lang='lat' dir='ltr'><strong>de</strong></span> <span class='ocrx_word' id='word_1_74' title='bbox 161 809 343 866; x_wconf 81' lang='lat' dir='ltr'><strong>ltormannia</strong></span> <span class='ocrx_word' id='word_1_75' title='bbox 364 808 524 881; x_wconf 81' lang='lat' dir='ltr'><strong>migrasset,</strong></span> <span class='ocrx_word' id='word_1_76' title='bbox 543 813 576 865; x_wconf 93' lang='lat' dir='ltr'><strong>ut</strong></span> <span class='ocrx_word' id='word_1_77' title='bbox 594 826 680 883; x_wconf 91' lang='lat' dir='ltr'><strong>supra</strong></span> <span class='ocrx_word' id='word_1_78' title='bbox 699 810 833 882; x_wconf 79' lang='lat' dir='ltr'><strong>diximus,</strong></span> <span class='ocrx_word' id='word_1_79' title='bbox 849 811 935 867; x_wconf 91' lang='lat' dir='ltr'><strong>dede·</strong></span> <span class='ocrx_word' id='word_1_80' title='bbox 987 810 1084 866; x_wconf 90' lang='lat' dir='ltr'><strong>Sancti</strong></span> <span class='ocrx_word' id='word_1_81' title='bbox 1104 809 1211 867; x_wconf 76' lang='lat' dir='ltr'><strong>{irasmi</strong></span> <span class='ocrx_word' id='word_1_82' title='bbox 1234 810 1359 882; x_wconf 83' lang='lat' dir='ltr'><strong>episcopi</strong></span> <span class='ocrx_word' id='word_1_83' title='bbox 1379 813 1407 865; x_wconf 91' lang='lat' dir='ltr'><strong>et</strong></span> <span class='ocrx_word' id='word_1_84' title='bbox 1425 808 1567 880; x_wconf 78' lang='lat' dir='ltr'><strong>martyris,</strong></span> <span class='ocrx_word' id='word_1_85' title='bbox 1586 806 1634 861; x_wconf 92' lang='lat' dir='ltr'><strong>uhi</strong></span> <span class='ocrx_word' id='word_1_86' title='bbox 1655 805 1735 861; x_wconf 90' lang='lat' dir='ltr'><strong>sedas</strong></span> <span class='ocrx_word' id='word_1_87' title='bbox 1755 805 1798 860; x_wconf 90' lang='lat' dir='ltr'><strong>est</strong></span> 
     </span>
     <span class='ocr_line' id='line_1_8' title="bbox 114 899 1796 977; baseline -0.004 -18"><span class='ocrx_word' id='word_1_88' title='bbox 114 908 166 972; x_wconf 84' lang='lat' dir='ltr'><strong>rat,</strong></span> <span class='ocrx_word' id='word_1_89' title='bbox 185 903 341 960; x_wconf 82' lang='lat' dir='ltr'><strong>mandarit</strong></span> <span class='ocrx_word' id='word_1_90' title='bbox 358 908 391 960; x_wconf 91' lang='lat' dir='ltr'><strong>ut</strong></span> <span class='ocrx_word' id='word_1_91' title='bbox 410 902 448 959; x_wconf 90' lang='lat' dir='ltr'><strong>ad</strong></span> <span class='ocrx_word' id='word_1_92' title='bbox 466 919 496 959; x_wconf 89' lang='lat' dir='ltr'><strong>se</strong></span> <span class='ocrx_word' id='word_1_93' title='bbox 510 902 637 977; x_wconf 88' lang='lat' dir='ltr'><strong>legatum</strong></span> <span class='ocrx_word' id='word_1_94' title='bbox 656 903 770 960; x_wconf 85' lang='lat' dir='ltr'><strong>fidelem</strong></span> <span class='ocrx_word' id='word_1_95' title='bbox 789 904 938 961; x_wconf 87' lang='lat' dir='ltr'><strong>mitterent</strong></span> <span class='ocrx_word' id='word_1_96' title='bbox 987 902 1163 977; x_wconf 89' lang='lat' dir='ltr'><strong>episcopalis,</strong></span> <span class='ocrx_word' id='word_1_97' title='bbox 1188 903 1347 959; x_wconf 84' lang='lat' dir='ltr'><strong>honorilice</strong></span> <span class='ocrx_word' id='word_1_98' title='bbox 1375 903 1503 975; x_wconf 89' lang='lat' dir='ltr'><strong>sepultus</strong></span> <span class='ocrx_word' id='word_1_99' title='bbox 1529 904 1582 957; x_wconf 88' lang='lat' dir='ltr'><strong>est.</strong></span> <span class='ocrx_word' id='word_1_100' title='bbox 1608 899 1714 956; x_wconf 77' lang='lat' dir='ltr'><strong>Deinde</strong></span> <span class='ocrx_word' id='word_1_101' title='bbox 1738 901 1796 952; x_wconf 93' lang='lat' dir='ltr'><strong>an·</strong></span> 
     </span>
     <span class='ocr_line' id='line_1_9' title="bbox 114 991 1796 1072; baseline -0.004 -19"><span class='ocrx_word' id='word_1_102' title='bbox 114 1013 163 1069; x_wconf 91' lang='lat' dir='ltr'><strong>pro</strong></span> <span class='ocrx_word' id='word_1_103' title='bbox 175 995 348 1055; x_wconf 86' lang='lat' dir='ltr'><strong>deferendis</strong></span> <span class='ocrx_word' id='word_1_104' title='bbox 360 997 529 1055; x_wconf 84' lang='lat' dir='ltr'><strong>muneribus</strong></span> <span class='ocrx_word' id='word_1_105' title='bbox 541 1014 607 1072; x_wconf 81' lang='lat' dir='ltr'><strong>que</strong></span> <span class='ocrx_word' id='word_1_106' title='bbox 622 997 663 1055; x_wconf 90' lang='lat' dir='ltr'><strong>eis</strong></span> <span class='ocrx_word' id='word_1_107' title='bbox 675 998 862 1070; x_wconf 80' lang='lat' dir='ltr'><strong>preparabat.</strong></span> <span class='ocrx_word' id='word_1_108' title='bbox 878 999 937 1054; x_wconf 90' lang='lat' dir='ltr'><strong>lloc</strong></span> <span class='ocrx_word' id='word_1_109' title='bbox 985 996 1128 1053; x_wconf 85' lang='lat' dir='ltr'><strong>achetillus</strong></span> <span class='ocrx_word' id='word_1_110' title='bbox 1152 1001 1180 1053; x_wconf 93' lang='lat' dir='ltr'><strong>et</strong></span> <span class='ocrx_word' id='word_1_111' title='bbox 1203 997 1392 1054; x_wconf 76' lang='lat' dir='ltr'><strong>&#39;theodelinus</strong></span> <span class='ocrx_word' id='word_1_112' title='bbox 1414 995 1519 1051; x_wconf 85' lang='lat' dir='ltr'><strong>Gallias</strong></span> <span class='ocrx_word' id='word_1_113' title='bbox 1543 993 1684 1061; x_wconf 88' lang='lat' dir='ltr'><strong>adierunt,</strong></span> <span class='ocrx_word' id='word_1_114' title='bbox 1708 995 1738 1048; x_wconf 93' lang='lat' dir='ltr'><strong>et</strong></span> <span class='ocrx_word' id='word_1_115' title='bbox 1760 991 1796 1048; x_wconf 93' lang='lat' dir='ltr'><strong>ad</strong></span> 
     </span>
     <span class='ocr_line' id='line_1_10' title="bbox 116 1085 1795 1164; baseline -0.002 -19"><span class='ocrx_word' id='word_1_116' title='bbox 116 1089 276 1146; x_wconf 70' lang='lat' dir='ltr'><strong>tdllelmus</strong></span> <span class='ocrx_word' id='word_1_117' title='bbox 295 1095 380 1164; x_wconf 90' lang='lat' dir='ltr'><strong>pater</strong></span> <span class='ocrx_word' id='word_1_118' title='bbox 399 1090 460 1163; x_wconf 88' lang='lat' dir='ltr'><strong>ejus</strong></span> <span class='ocrx_word' id='word_1_119' title='bbox 476 1093 508 1145; x_wconf 92' lang='lat' dir='ltr'><strong>ut</strong></span> <span class='ocrx_word' id='word_1_120' title='bbox 526 1089 646 1161; x_wconf 82' lang='lat' dir='ltr'><strong>audivit,</strong></span> <span class='ocrx_word' id='word_1_121' title='bbox 665 1105 724 1146; x_wconf 87' lang='lat' dir='ltr'><strong>sese</strong></span> <span class='ocrx_word' id='word_1_122' title='bbox 745 1090 872 1146; x_wconf 86' lang='lat' dir='ltr'><strong>adhunc</strong></span> <span class='ocrx_word' id='word_1_123' title='bbox 892 1091 933 1147; x_wconf 92' lang='lat' dir='ltr'><strong>le·</strong></span> <span class='ocrx_word' id='word_1_124' title='bbox 985 1091 1100 1163; x_wconf 92' lang='lat' dir='ltr'><strong>propria</strong></span> <span class='ocrx_word' id='word_1_125' title='bbox 1125 1106 1262 1163; x_wconf 90' lang='lat' dir='ltr'><strong>prospere</strong></span> <span class='ocrx_word' id='word_1_126' title='bbox 1287 1090 1391 1146; x_wconf 85' lang='lat' dir='ltr'><strong>reversi</strong></span> <span class='ocrx_word' id='word_1_127' title='bbox 1416 1094 1491 1144; x_wconf 89' lang='lat' dir='ltr'><strong>sunt.</strong></span> <span class='ocrx_word' id='word_1_128' title='bbox 1513 1090 1579 1143; x_wconf 86' lang='lat' dir='ltr'><strong>Post</strong></span> <span class='ocrx_word' id='word_1_129' title='bbox 1605 1087 1714 1159; x_wconf 93' lang='lat' dir='ltr'><strong>aliquot</strong></span> <span class='ocrx_word' id='word_1_130' title='bbox 1736 1085 1795 1141; x_wconf 89' lang='lat' dir='ltr'><strong>dies</strong></span> 
     </span>
     <span class='ocr_line' id='line_1_11' title="bbox 112 1178 1794 1257; baseline -0.002 -20"><span class='ocrx_word' id='word_1_131' title='bbox 112 1183 261 1255; x_wconf 70' lang='lat' dir='ltr'><strong>gatiooem</strong></span> <span class='ocrx_word' id='word_1_132' title='bbox 290 1200 344 1257; x_wconf 90' lang='lat' dir='ltr'><strong>pre</strong></span> <span class='ocrx_word' id='word_1_133' title='bbox 371 1183 493 1240; x_wconf 90' lang='lat' dir='ltr'><strong>utilitate</strong></span> <span class='ocrx_word' id='word_1_134' title='bbox 522 1188 627 1240; x_wconf 78' lang='lat' dir='ltr'><strong>sancte</strong></span> <span class='ocrx_word' id='word_1_135' title='bbox 653 1183 784 1242; x_wconf 78' lang='lat' dir='ltr'><strong>Ecclesia</strong></span> <span class='ocrx_word' id='word_1_136' title='bbox 811 1183 935 1241; x_wconf 80' lang='lat' dir='ltr'><strong>libenter</strong></span> <span class='ocrx_word' id='word_1_137' title='bbox 982 1184 1170 1240; x_wconf 90' lang='lat' dir='ltr'><strong>anschetillus</strong></span> <span class='ocrx_word' id='word_1_138' title='bbox 1191 1185 1303 1240; x_wconf 89' lang='lat' dir='ltr'><strong>Uticam</strong></span> <span class='ocrx_word' id='word_1_139' title='bbox 1322 1183 1401 1250; x_wconf 90' lang='lat' dir='ltr'><strong>adiit,</strong></span> <span class='ocrx_word' id='word_1_140' title='bbox 1417 1181 1550 1237; x_wconf 88' lang='lat' dir='ltr'><strong>fratribus</strong></span> <span class='ocrx_word' id='word_1_141' title='bbox 1570 1179 1680 1237; x_wconf 86' lang='lat' dir='ltr'><strong>obitam</strong></span> <span class='ocrx_word' id='word_1_142' title='bbox 1696 1178 1794 1235; x_wconf 91' lang='lat' dir='ltr'><strong>domni</strong></span> 
     </span>
     <span class='ocr_line' id='line_1_12' title="bbox 113 1273 1793 1350; baseline -0.004 -17"><span class='ocrx_word' id='word_1_143' title='bbox 113 1277 313 1350; x_wconf 67' lang='lat' dir='ltr'><strong>presentavit.</strong></span> <span class='ocrx_word' id='word_1_144' title='bbox 336 1277 406 1334; x_wconf 89' lang='lat' dir='ltr'><strong>Inde</strong></span> <span class='ocrx_word' id='word_1_145' title='bbox 427 1277 619 1333; x_wconf 83' lang='lat' dir='ltr'><strong>Theodericus</strong></span> <span class='ocrx_word' id='word_1_146' title='bbox 641 1276 728 1333; x_wconf 88' lang='lat' dir='ltr'><strong>abbas</strong></span> <span class='ocrx_word' id='word_1_147' title='bbox 749 1282 780 1333; x_wconf 94' lang='lat' dir='ltr'><strong>et</strong></span> <span class='ocrx_word' id='word_1_148' title='bbox 800 1278 881 1334; x_wconf 76' lang='lat' dir='ltr'><strong>laetus</strong></span> <span class='ocrx_word' id='word_1_149' title='bbox 904 1280 934 1333; x_wconf 92' lang='lat' dir='ltr'><strong>et</strong></span> <span class='ocrx_word' id='word_1_150' title='bbox 983 1276 1114 1334; x_wconf 85' lang='lat' dir='ltr'><strong>willelmi</strong></span> <span class='ocrx_word' id='word_1_151' title='bbox 1133 1281 1163 1334; x_wconf 91' lang='lat' dir='ltr'><strong>et</strong></span> <span class='ocrx_word' id='word_1_152' title='bbox 1184 1278 1328 1334; x_wconf 90' lang='lat' dir='ltr'><strong>sociorum</strong></span> <span class='ocrx_word' id='word_1_153' title='bbox 1348 1277 1409 1348; x_wconf 87' lang='lat' dir='ltr'><strong>ejus</strong></span> <span class='ocrx_word' id='word_1_154' title='bbox 1429 1273 1582 1342; x_wconf 83' lang='lat' dir='ltr'><strong>nuntiarit,</strong></span> <span class='ocrx_word' id='word_1_155' title='bbox 1598 1273 1647 1330; x_wconf 89' lang='lat' dir='ltr'><strong>sed</strong></span> <span class='ocrx_word' id='word_1_156' title='bbox 1663 1273 1698 1329; x_wconf 92' lang='lat' dir='ltr'><strong>de</strong></span> <span class='ocrx_word' id='word_1_157' title='bbox 1713 1288 1793 1328; x_wconf 90' lang='lat' dir='ltr'><strong>eom·</strong></span> 
     </span>
     <span class='ocr_line' id='line_1_13' title="bbox 113 1365 1794 1444; baseline -0.004 -18"><span class='ocrx_word' id='word_1_158' title='bbox 113 1371 199 1426; x_wconf 87' lang='lat' dir='ltr'><strong>tristis</strong></span> <span class='ocrx_word' id='word_1_159' title='bbox 222 1369 343 1427; x_wconf 82' lang='lat' dir='ltr'><strong>effectus</strong></span> <span class='ocrx_word' id='word_1_160' title='bbox 365 1373 422 1438; x_wconf 85' lang='lat' dir='ltr'><strong>est;</strong></span> <span class='ocrx_word' id='word_1_161' title='bbox 444 1370 535 1441; x_wconf 83' lang='lat' dir='ltr'><strong>laetus,</strong></span> <span class='ocrx_word' id='word_1_162' title='bbox 560 1386 612 1444; x_wconf 93' lang='lat' dir='ltr'><strong>pro</strong></span> <span class='ocrx_word' id='word_1_163' title='bbox 636 1374 715 1426; x_wconf 92' lang='lat' dir='ltr'><strong>tanta</strong></span> <span class='ocrx_word' id='word_1_164' title='bbox 742 1371 863 1427; x_wconf 91' lang='lat' dir='ltr'><strong>senioris</strong></span> <span class='ocrx_word' id='word_1_165' title='bbox 886 1371 933 1427; x_wconf 90' lang='lat' dir='ltr'><strong>de·</strong></span> <span class='ocrx_word' id='word_1_166' title='bbox 984 1371 1066 1427; x_wconf 90' lang='lat' dir='ltr'><strong>missa</strong></span> <span class='ocrx_word' id='word_1_167' title='bbox 1077 1371 1133 1427; x_wconf 90' lang='lat' dir='ltr'><strong>sibi</strong></span> <span class='ocrx_word' id='word_1_168' title='bbox 1145 1371 1276 1444; x_wconf 87' lang='lat' dir='ltr'><strong>pecunia,</strong></span> <span class='ocrx_word' id='word_1_169' title='bbox 1289 1386 1377 1443; x_wconf 90' lang='lat' dir='ltr'><strong>quam</strong></span> <span class='ocrx_word' id='word_1_170' title='bbox 1392 1369 1421 1425; x_wconf 92' lang='lat' dir='ltr'><strong>in</strong></span> <span class='ocrx_word' id='word_1_171' title='bbox 1433 1385 1502 1424; x_wconf 90' lang='lat' dir='ltr'><strong>usus</strong></span> <span class='ocrx_word' id='word_1_172' title='bbox 1514 1384 1579 1425; x_wconf 90' lang='lat' dir='ltr'><strong>suos</strong></span> <span class='ocrx_word' id='word_1_173' title='bbox 1588 1368 1649 1440; x_wconf 82' lang='lat' dir='ltr'><strong>jam</strong></span> <span class='ocrx_word' id='word_1_174' title='bbox 1662 1365 1794 1440; x_wconf 89' lang='lat' dir='ltr'><strong>nequiter</strong></span> 
     </span>
     <span class='ocr_line' id='line_1_14' title="bbox 112 1460 1793 1541; baseline -0.002 -23"><span class='ocrx_word' id='word_1_175' title='bbox 112 1464 240 1532; x_wconf 70' lang='lat' dir='ltr'><strong>votione,</strong></span> <span class='ocrx_word' id='word_1_176' title='bbox 262 1479 323 1537; x_wconf 93' lang='lat' dir='ltr'><strong>qna</strong></span> <span class='ocrx_word' id='word_1_177' title='bbox 343 1463 483 1534; x_wconf 81' lang='lat' dir='ltr'><strong>fervebat,</strong></span> <span class='ocrx_word' id='word_1_178' title='bbox 505 1467 534 1520; x_wconf 94' lang='lat' dir='ltr'><strong>et</strong></span> <span class='ocrx_word' id='word_1_179' title='bbox 554 1479 619 1537; x_wconf 80' lang='lat' dir='ltr'><strong>qnae</strong></span> <span class='ocrx_word' id='word_1_180' title='bbox 642 1480 709 1520; x_wconf 91' lang='lat' dir='ltr'><strong>eum</strong></span> <span class='ocrx_word' id='word_1_181' title='bbox 733 1467 790 1520; x_wconf 71' lang='lat' dir='ltr'><strong>hm</strong></span> <span class='ocrx_word' id='word_1_182' title='bbox 810 1464 934 1523; x_wconf 91' lang='lat' dir='ltr'><strong>laborio-</strong></span> <span class='ocrx_word' id='word_1_183' title='bbox 982 1464 1041 1537; x_wconf 90' lang='lat' dir='ltr'><strong>ipae</strong></span> <span class='ocrx_word' id='word_1_184' title='bbox 1061 1465 1239 1536; x_wconf 89' lang='lat' dir='ltr'><strong>distraxerat,</strong></span> <span class='ocrx_word' id='word_1_185' title='bbox 1255 1465 1372 1521; x_wconf 91' lang='lat' dir='ltr'><strong>omnino</strong></span> <span class='ocrx_word' id='word_1_186' title='bbox 1393 1464 1490 1521; x_wconf 90' lang='lat' dir='ltr'><strong>tacuit.</strong></span> <span class='ocrx_word' id='word_1_187' title='bbox 1510 1460 1664 1541; x_wconf 80' lang='lat' dir='ltr'><strong>Coenohite</strong></span> <span class='ocrx_word' id='word_1_188' title='bbox 1685 1464 1793 1529; x_wconf 87' lang='lat' dir='ltr'><strong>autem,</strong></span> 
     </span>
     <span class='ocr_line' id='line_1_15' title="bbox 111 1553 1793 1631; baseline -0.002 -19"><span class='ocrx_word' id='word_1_189' title='bbox 111 1573 172 1612; x_wconf 86' lang='lat' dir='ltr'><strong>snm</strong></span> <span class='ocrx_word' id='word_1_190' title='bbox 199 1557 260 1612; x_wconf 89' lang='lat' dir='ltr'><strong>iter</strong></span> <span class='ocrx_word' id='word_1_191' title='bbox 288 1556 417 1629; x_wconf 76' lang='lat' dir='ltr'><strong>arripere</strong></span> <span class='ocrx_word' id='word_1_192' title='bbox 443 1557 596 1626; x_wconf 89' lang='lat' dir='ltr'><strong>monebat;</strong></span> <span class='ocrx_word' id='word_1_193' title='bbox 619 1555 717 1625; x_wconf 89' lang='lat' dir='ltr'><strong>tristis,</strong></span> <span class='ocrx_word' id='word_1_194' title='bbox 742 1573 794 1629; x_wconf 92' lang='lat' dir='ltr'><strong>pro</strong></span> <span class='ocrx_word' id='word_1_195' title='bbox 821 1574 930 1631; x_wconf 86' lang='lat' dir='ltr'><strong>magno</strong></span> <span class='ocrx_word' id='word_1_196' title='bbox 979 1558 1075 1614; x_wconf 89' lang='lat' dir='ltr'><strong>audita</strong></span> <span class='ocrx_word' id='word_1_197' title='bbox 1105 1561 1199 1615; x_wconf 89' lang='lat' dir='ltr'><strong>morte</strong></span> <span class='ocrx_word' id='word_1_198' title='bbox 1231 1558 1389 1615; x_wconf 85' lang='lat' dir='ltr'><strong>fundatoris</strong></span> <span class='ocrx_word' id='word_1_199' title='bbox 1413 1556 1537 1614; x_wconf 79' lang='lat' dir='ltr'><strong>ecclesie</strong></span> <span class='ocrx_word' id='word_1_200' title='bbox 1565 1572 1640 1621; x_wconf 79' lang='lat' dir='ltr'><strong>sare,</strong></span> <span class='ocrx_word' id='word_1_201' title='bbox 1669 1553 1793 1610; x_wconf 89' lang='lat' dir='ltr'><strong>nimium</strong></span> 
     </span>
     <span class='ocr_line' id='line_1_16' title="bbox 113 1646 1790 1725; baseline -0.001 -21"><span class='ocrx_word' id='word_1_202' title='bbox 113 1648 254 1705; x_wconf 86' lang='lat' dir='ltr'><strong>solamine</strong></span> <span class='ocrx_word' id='word_1_203' title='bbox 270 1649 350 1722; x_wconf 91' lang='lat' dir='ltr'><strong>qnod</strong></span> <span class='ocrx_word' id='word_1_204' title='bbox 369 1649 400 1704; x_wconf 94' lang='lat' dir='ltr'><strong>in</strong></span> <span class='ocrx_word' id='word_1_205' title='bbox 420 1649 540 1722; x_wconf 78' lang='lat' dir='ltr'><strong>prefato</strong></span> <span class='ocrx_word' id='word_1_206' title='bbox 560 1648 669 1706; x_wconf 87' lang='lat' dir='ltr'><strong>seniore</strong></span> <span class='ocrx_word' id='word_1_207' title='bbox 689 1649 848 1719; x_wconf 90' lang='lat' dir='ltr'><strong>amittebat,</strong></span> <span class='ocrx_word' id='word_1_208' title='bbox 864 1651 930 1723; x_wconf 89' lang='lat' dir='ltr'><strong>quia</strong></span> <span class='ocrx_word' id='word_1_209' title='bbox 980 1651 1136 1708; x_wconf 90' lang='lat' dir='ltr'><strong>contristati</strong></span> <span class='ocrx_word' id='word_1_210' title='bbox 1154 1657 1230 1722; x_wconf 91' lang='lat' dir='ltr'><strong>sunt,</strong></span> <span class='ocrx_word' id='word_1_211' title='bbox 1248 1668 1403 1725; x_wconf 87' lang='lat' dir='ltr'><strong>precesque</strong></span> <span class='ocrx_word' id='word_1_212' title='bbox 1422 1655 1451 1706; x_wconf 92' lang='lat' dir='ltr'><strong>et</strong></span> <span class='ocrx_word' id='word_1_213' title='bbox 1469 1651 1572 1706; x_wconf 88' lang='lat' dir='ltr'><strong>missas</strong></span> <span class='ocrx_word' id='word_1_214' title='bbox 1589 1648 1690 1704; x_wconf 88' lang='lat' dir='ltr'><strong>et&#39;aiia</strong></span> <span class='ocrx_word' id='word_1_215' title='bbox 1703 1646 1790 1703; x_wconf 89' lang='lat' dir='ltr'><strong>banc·</strong></span> 
     </span>
     <span class='ocr_line' id='line_1_17' title="bbox 112 1722 1791 1818; baseline -0.001 -21"><span class='ocrx_word' id='word_1_216' title='bbox 112 1742 142 1797; x_wconf 85' lang='lat' dir='ltr'><strong>ad</strong></span> <span class='ocrx_word' id='word_1_217' title='bbox 156 1757 248 1798; x_wconf 92' lang='lat' dir='ltr'><strong>omne</strong></span> <span class='ocrx_word' id='word_1_218' title='bbox 262 1758 336 1815; x_wconf 91' lang='lat' dir='ltr'><strong>opus</strong></span> <span class='ocrx_word' id='word_1_219' title='bbox 348 1742 459 1799; x_wconf 89' lang='lat' dir='ltr'><strong>bonum</strong></span> <span class='ocrx_word' id='word_1_220' title='bbox 476 1745 625 1815; x_wconf 88' lang='lat' dir='ltr'><strong>promptus</strong></span> <span class='ocrx_word' id='word_1_221' title='bbox 640 1742 786 1799; x_wconf 81' lang='lat' dir='ltr'><strong>existebat.</strong></span> <span class='ocrx_word' id='word_1_222' title='bbox 802 1722 1044 1817; x_wconf 74' lang='lat' dir='ltr'><strong>Deniquessflcia</strong></span> <span class='ocrx_word' id='word_1_223' title='bbox 1063 1763 1115 1818; x_wconf 93' lang='lat' dir='ltr'><strong>pro</strong></span> <span class='ocrx_word' id='word_1_224' title='bbox 1132 1746 1228 1802; x_wconf 90' lang='lat' dir='ltr'><strong>anima</strong></span> <span class='ocrx_word' id='word_1_225' title='bbox 1246 1746 1308 1818; x_wconf 85' lang='lat' dir='ltr'><strong>ejus</strong></span> <span class='ocrx_word' id='word_1_226' title='bbox 1328 1747 1395 1814; x_wconf 89' lang='lat' dir='ltr'><strong>Deo,</strong></span> <span class='ocrx_word' id='word_1_227' title='bbox 1413 1744 1459 1800; x_wconf 91' lang='lat' dir='ltr'><strong>cui</strong></span> <span class='ocrx_word' id='word_1_228' title='bbox 1478 1743 1577 1798; x_wconf 83' lang='lat' dir='ltr'><strong>vivunt</strong></span> <span class='ocrx_word' id='word_1_229' title='bbox 1595 1741 1701 1809; x_wconf 90' lang='lat' dir='ltr'><strong>omnia,</strong></span> <span class='ocrx_word' id='word_1_230' title='bbox 1721 1740 1791 1797; x_wconf 87' lang='lat' dir='ltr'><strong>fide·</strong></span> 
     </span>
     <span class='ocr_line' id='line_1_18' title="bbox 111 1834 1790 1913; baseline 0 -24"><span class='ocrx_word' id='word_1_231' title='bbox 111 1835 149 1890; x_wconf 83' lang='lat' dir='ltr'><strong>rir</strong></span> <span class='ocrx_word' id='word_1_232' title='bbox 176 1834 231 1891; x_wconf 92' lang='lat' dir='ltr'><strong>Dei</strong></span> <span class='ocrx_word' id='word_1_233' title='bbox 258 1840 289 1892; x_wconf 88' lang='lat' dir='ltr'><strong>et</strong></span> <span class='ocrx_word' id='word_1_234' title='bbox 314 1835 469 1892; x_wconf 75' lang='lat' dir='ltr'><strong>{tetbertus</strong></span> <span class='ocrx_word' id='word_1_235' title='bbox 491 1834 581 1908; x_wconf 90' lang='lat' dir='ltr'><strong>prior,</strong></span> <span class='ocrx_word' id='word_1_236' title='bbox 606 1840 739 1909; x_wconf 90' lang='lat' dir='ltr'><strong>totusque</strong></span> <span class='ocrx_word' id='word_1_237' title='bbox 763 1840 927 1907; x_wconf 82' lang='lat' dir='ltr'><strong>conventus,</strong></span> <span class='ocrx_word' id='word_1_238' title='bbox 978 1839 1042 1895; x_wconf 91' lang='lat' dir='ltr'><strong>liter</strong></span> <span class='ocrx_word' id='word_1_239' title='bbox 1073 1839 1256 1907; x_wconf 90' lang='lat' dir='ltr'><strong>obtulerunt,</strong></span> <span class='ocrx_word' id='word_1_240' title='bbox 1282 1855 1346 1913; x_wconf 78' lang='lat' dir='ltr'><strong>quae</strong></span> <span class='ocrx_word' id='word_1_241' title='bbox 1373 1853 1547 1894; x_wconf 84' lang='lat' dir='ltr'><strong>successores</strong></span> <span class='ocrx_word' id='word_1_242' title='bbox 1574 1851 1674 1892; x_wconf 87' lang='lat' dir='ltr'><strong>eemm</strong></span> <span class='ocrx_word' id='word_1_243' title='bbox 1700 1850 1790 1907; x_wconf 89' lang='lat' dir='ltr'><strong>usque</strong></span> 
     </span>
     <span class='ocr_line' id='line_1_19' title="bbox 110 1926 1790 2004; baseline -0.001 -20"><span class='ocrx_word' id='word_1_244' title='bbox 110 1929 252 1984; x_wconf 87' lang='lat' dir='ltr'><strong>domnum</strong></span> <span class='ocrx_word' id='word_1_245' title='bbox 272 1927 447 1984; x_wconf 83' lang='lat' dir='ltr'><strong>willelmum</strong></span> <span class='ocrx_word' id='word_1_246' title='bbox 467 1930 523 1985; x_wconf 92' lang='lat' dir='ltr'><strong>Deo</strong></span> <span class='ocrx_word' id='word_1_247' title='bbox 542 1929 824 1999; x_wconf 87' lang='lat' dir='ltr'><strong>commendaverunt,</strong></span> <span class='ocrx_word' id='word_1_248' title='bbox 844 1931 928 2002; x_wconf 88' lang='lat' dir='ltr'><strong>eique</strong></span> <span class='ocrx_word' id='word_1_249' title='bbox 978 1932 1062 1988; x_wconf 91' lang='lat' dir='ltr'><strong>hodie</strong></span> <span class='ocrx_word' id='word_1_250' title='bbox 1091 1933 1236 1989; x_wconf 81' lang='lat' dir='ltr'><strong>ferventer</strong></span> <span class='ocrx_word' id='word_1_251' title='bbox 1267 1933 1418 1989; x_wconf 86' lang='lat' dir='ltr'><strong>observare</strong></span> <span class='ocrx_word' id='word_1_252' title='bbox 1444 1935 1586 2004; x_wconf 87' lang='lat' dir='ltr'><strong>satagunt.</strong></span> <span class='ocrx_word' id='word_1_253' title='bbox 1615 1926 1790 1985; x_wconf 89' lang='lat' dir='ltr'><strong>anschetillo</strong></span> 
     </span>
     <span class='ocr_line' id='line_1_20' title="bbox 109 2021 1792 2100; baseline -0.001 -23"><span class='ocrx_word' id='word_1_254' title='bbox 109 2021 287 2078; x_wconf 73' lang='lat' dir='ltr'><strong>Gnnhidum</strong></span> <span class='ocrx_word' id='word_1_255' title='bbox 303 2021 508 2095; x_wconf 90' lang='lat' dir='ltr'><strong>peritissimum</strong></span> <span class='ocrx_word' id='word_1_256' title='bbox 525 2023 709 2093; x_wconf 89' lang='lat' dir='ltr'><strong>monachum,</strong></span> <span class='ocrx_word' id='word_1_257' title='bbox 725 2027 756 2078; x_wconf 89' lang='lat' dir='ltr'><strong>et</strong></span> <span class='ocrx_word' id='word_1_258' title='bbox 771 2023 926 2096; x_wconf 81' lang='lat' dir='ltr'><strong>Rogerium</strong></span> <span class='ocrx_word' id='word_1_259' title='bbox 977 2026 1098 2082; x_wconf 90' lang='lat' dir='ltr'><strong>domum</strong></span> <span class='ocrx_word' id='word_1_260' title='bbox 1120 2043 1200 2082; x_wconf 91' lang='lat' dir='ltr'><strong>suam</strong></span> <span class='ocrx_word' id='word_1_261' title='bbox 1221 2029 1381 2100; x_wconf 85' lang='lat' dir='ltr'><strong>repetente,</strong></span> <span class='ocrx_word' id='word_1_262' title='bbox 1405 2023 1596 2082; x_wconf 86' lang='lat' dir='ltr'><strong>Theodelinus</strong></span> <span class='ocrx_word' id='word_1_263' title='bbox 1617 2022 1708 2079; x_wconf 90' lang='lat' dir='ltr'><strong>socios</strong></span> <span class='ocrx_word' id='word_1_264' title='bbox 1730 2021 1792 2094; x_wconf 88' lang='lat' dir='ltr'><strong>ejus</strong></span> 
     </span>
     <span class='ocr_line' id='line_1_21' title="bbox 108 2113 1790 2191; baseline -0.001 -20"><span class='ocrx_word' id='word_1_265' title='bbox 108 2115 370 2171; x_wconf 83' lang='lat' dir='ltr'><strong>Gemmeticensem</strong></span> <span class='ocrx_word' id='word_1_266' title='bbox 380 2116 530 2189; x_wconf 88' lang='lat' dir='ltr'><strong>egregium</strong></span> <span class='ocrx_word' id='word_1_267' title='bbox 540 2115 716 2188; x_wconf 89' lang='lat' dir='ltr'><strong>scriptorem,</strong></span> <span class='ocrx_word' id='word_1_268' title='bbox 726 2115 850 2188; x_wconf 89' lang='lat' dir='ltr'><strong>aliosque</strong></span> <span class='ocrx_word' id='word_1_269' title='bbox 861 2117 927 2173; x_wconf 91' lang='lat' dir='ltr'><strong>duo·</strong></span> <span class='ocrx_word' id='word_1_270' title='bbox 977 2119 1087 2175; x_wconf 84' lang='lat' dir='ltr'><strong>Uticam</strong></span> <span class='ocrx_word' id='word_1_271' title='bbox 1106 2120 1193 2190; x_wconf 85' lang='lat' dir='ltr'><strong>venit,</strong></span> <span class='ocrx_word' id='word_1_272' title='bbox 1214 2123 1243 2177; x_wconf 91' lang='lat' dir='ltr'><strong>et</strong></span> <span class='ocrx_word' id='word_1_273' title='bbox 1263 2136 1280 2174; x_wconf 92' lang='lat' dir='ltr'><strong>a</strong></span> <span class='ocrx_word' id='word_1_274' title='bbox 1299 2119 1448 2176; x_wconf 90' lang='lat' dir='ltr'><strong>monachis</strong></span> <span class='ocrx_word' id='word_1_275' title='bbox 1468 2117 1537 2191; x_wconf 92' lang='lat' dir='ltr'><strong>quid</strong></span> <span class='ocrx_word' id='word_1_276' title='bbox 1559 2116 1613 2173; x_wconf 91' lang='lat' dir='ltr'><strong>sibi</strong></span> <span class='ocrx_word' id='word_1_277' title='bbox 1632 2115 1667 2172; x_wconf 91' lang='lat' dir='ltr'><strong>de</strong></span> <span class='ocrx_word' id='word_1_278' title='bbox 1686 2113 1790 2188; x_wconf 85' lang='lat' dir='ltr'><strong>apulia</strong></span> 
     </span>
     <span class='ocr_line' id='line_1_22' title="bbox 108 2208 1784 2285; baseline 0 -21"><span class='ocrx_word' id='word_1_279' title='bbox 108 2208 200 2264; x_wconf 85' lang='lat' dir='ltr'><strong>decim</strong></span> <span class='ocrx_word' id='word_1_280' title='bbox 216 2208 405 2265; x_wconf 82' lang='lat' dir='ltr'><strong>honorabiles</strong></span> <span class='ocrx_word' id='word_1_281' title='bbox 423 2208 547 2266; x_wconf 85' lang='lat' dir='ltr'><strong>famulos</strong></span> <span class='ocrx_word' id='word_1_282' title='bbox 567 2208 787 2266; x_wconf 81' lang='lat' dir='ltr'><strong>associaverunt.</strong></span> <span class='ocrx_word' id='word_1_283' title='bbox 806 2209 856 2265; x_wconf 92' lang='lat' dir='ltr'><strong>llle</strong></span> <span class='ocrx_word' id='word_1_284' title='bbox 875 2226 924 2266; x_wconf 92' lang='lat' dir='ltr'><strong>au·</strong></span> <span class='ocrx_word' id='word_1_285' title='bbox 975 2212 1099 2268; x_wconf 88' lang='lat' dir='ltr'><strong>delatum</strong></span> <span class='ocrx_word' id='word_1_286' title='bbox 1112 2212 1211 2269; x_wconf 90' lang='lat' dir='ltr'><strong>fuisset</strong></span> <span class='ocrx_word' id='word_1_287' title='bbox 1230 2212 1383 2285; x_wconf 82' lang='lat' dir='ltr'><strong>inquisivit.</strong></span> <span class='ocrx_word' id='word_1_288' title='bbox 1399 2213 1527 2285; x_wconf 86' lang='lat' dir='ltr'><strong>Cumque</strong></span> <span class='ocrx_word' id='word_1_289' title='bbox 1548 2210 1587 2267; x_wconf 92' lang='lat' dir='ltr'><strong>nil</strong></span> <span class='ocrx_word' id='word_1_290' title='bbox 1607 2209 1662 2265; x_wconf 93' lang='lat' dir='ltr'><strong>nisi</strong></span> <span class='ocrx_word' id='word_1_291' title='bbox 1679 2224 1784 2265; x_wconf 85' lang='lat' dir='ltr'><strong>moero·</strong></span> 
     </span>
     <span class='ocr_line' id='line_1_23' title="bbox 107 2302 1785 2376; baseline 0 -20"><span class='ocrx_word' id='word_1_292' title='bbox 107 2305 176 2372; x_wconf 68' lang='lat' dir='ltr'><strong>em,</strong></span> <span class='ocrx_word' id='word_1_293' title='bbox 198 2303 375 2358; x_wconf 82' lang='lat' dir='ltr'><strong>transcensis</strong></span> <span class='ocrx_word' id='word_1_294' title='bbox 396 2302 515 2375; x_wconf 75' lang='lat' dir='ltr'><strong>Alpibus</strong></span> <span class='ocrx_word' id='word_1_295' title='bbox 537 2303 659 2359; x_wconf 85' lang='lat' dir='ltr'><strong>Romam</strong></span> <span class='ocrx_word' id='word_1_296' title='bbox 682 2302 778 2376; x_wconf 87' lang='lat' dir='ltr'><strong>petiil;</strong></span> <span class='ocrx_word' id='word_1_297' title='bbox 806 2306 835 2358; x_wconf 92' lang='lat' dir='ltr'><strong>et</strong></span> <span class='ocrx_word' id='word_1_298' title='bbox 858 2302 925 2360; x_wconf 90' lang='lat' dir='ltr'><strong>inde</strong></span> <span class='ocrx_word' id='word_1_299' title='bbox 974 2304 1014 2362; x_wconf 92' lang='lat' dir='ltr'><strong>ris</strong></span> <span class='ocrx_word' id='word_1_300' title='bbox 1027 2306 1161 2362; x_wconf 90' lang='lat' dir='ltr'><strong>nuntium</strong></span> <span class='ocrx_word' id='word_1_301' title='bbox 1178 2306 1213 2361; x_wconf 93' lang='lat' dir='ltr'><strong>de</strong></span> <span class='ocrx_word' id='word_1_302' title='bbox 1233 2310 1326 2362; x_wconf 91' lang='lat' dir='ltr'><strong>morte</strong></span> <span class='ocrx_word' id='word_1_303' title='bbox 1343 2306 1500 2362; x_wconf 90' lang='lat' dir='ltr'><strong>amicorum</strong></span> <span class='ocrx_word' id='word_1_304' title='bbox 1516 2305 1558 2360; x_wconf 89' lang='lat' dir='ltr'><strong>eis</strong></span> <span class='ocrx_word' id='word_1_305' title='bbox 1576 2303 1704 2359; x_wconf 91' lang='lat' dir='ltr'><strong>delatum</strong></span> <span class='ocrx_word' id='word_1_306' title='bbox 1722 2317 1785 2357; x_wconf 89' lang='lat' dir='ltr'><strong>esse</strong></span> 
     </span>
     <span class='ocr_line' id='line_1_24' title="bbox 107 2393 1783 2473; baseline -0.002 -22"><span class='ocrx_word' id='word_1_307' title='bbox 107 2395 157 2451; x_wconf 89' lang='lat' dir='ltr'><strong>iter</strong></span> <span class='ocrx_word' id='word_1_308' title='bbox 178 2411 304 2468; x_wconf 84' lang='lat' dir='ltr'><strong>carpens</strong></span> <span class='ocrx_word' id='word_1_309' title='bbox 325 2395 356 2450; x_wconf 92' lang='lat' dir='ltr'><strong>in</strong></span> <span class='ocrx_word' id='word_1_310' title='bbox 377 2395 479 2468; x_wconf 87' lang='lat' dir='ltr'><strong>apulia</strong></span> <span class='ocrx_word' id='word_1_311' title='bbox 498 2395 601 2466; x_wconf 91' lang='lat' dir='ltr'><strong>fllium,</strong></span> <span class='ocrx_word' id='word_1_312' title='bbox 620 2395 748 2468; x_wconf 89' lang='lat' dir='ltr'><strong>aliosque</strong></span> <span class='ocrx_word' id='word_1_313' title='bbox 770 2396 875 2453; x_wconf 90' lang='lat' dir='ltr'><strong>amicos</strong></span> <span class='ocrx_word' id='word_1_314' title='bbox 896 2402 925 2454; x_wconf 90' lang='lat' dir='ltr'><strong>et</strong></span> <span class='ocrx_word' id='word_1_315' title='bbox 974 2399 1168 2471; x_wconf 90' lang='lat' dir='ltr'><strong>comperisset,</strong></span> <span class='ocrx_word' id='word_1_316' title='bbox 1181 2399 1342 2473; x_wconf 84' lang='lat' dir='ltr'><strong>obstupuit;</strong></span> <span class='ocrx_word' id='word_1_317' title='bbox 1356 2403 1385 2455; x_wconf 87' lang='lat' dir='ltr'><strong>et</strong></span> <span class='ocrx_word' id='word_1_318' title='bbox 1397 2413 1512 2454; x_wconf 90' lang='lat' dir='ltr'><strong>omnem</strong></span> <span class='ocrx_word' id='word_1_319' title='bbox 1527 2396 1567 2452; x_wconf 90' lang='lat' dir='ltr'><strong>rei</strong></span> <span class='ocrx_word' id='word_1_320' title='bbox 1582 2395 1730 2451; x_wconf 83' lang='lat' dir='ltr'><strong>veritatem</strong></span> <span class='ocrx_word' id='word_1_321' title='bbox 1746 2393 1783 2449; x_wconf 93' lang='lat' dir='ltr'><strong>de</strong></span> 
     </span>
     <span class='ocr_line' id='line_1_25' title="bbox 105 2487 1783 2565; baseline -0.001 -22"><span class='ocrx_word' id='word_1_322' title='bbox 105 2488 204 2545; x_wconf 82' lang='lat' dir='ltr'><strong>aflines</strong></span> <span class='ocrx_word' id='word_1_323' title='bbox 219 2505 255 2544; x_wconf 89' lang='lat' dir='ltr'><strong>ac</strong></span> <span class='ocrx_word' id='word_1_324' title='bbox 269 2491 405 2562; x_wconf 86' lang='lat' dir='ltr'><strong>parentes</strong></span> <span class='ocrx_word' id='word_1_325' title='bbox 423 2488 540 2545; x_wconf 86' lang='lat' dir='ltr'><strong>invenit.</strong></span> <span class='ocrx_word' id='word_1_326' title='bbox 554 2488 607 2554; x_wconf 81' lang='lat' dir='ltr'><strong>Qui</strong></span> <span class='ocrx_word' id='word_1_327' title='bbox 619 2489 679 2543; x_wconf 89' lang='lat' dir='ltr'><strong>viso</strong></span> <span class='ocrx_word' id='word_1_328' title='bbox 691 2505 726 2544; x_wconf 92' lang='lat' dir='ltr'><strong>eo</strong></span> <span class='ocrx_word' id='word_1_329' title='bbox 740 2489 820 2545; x_wconf 80' lang='lat' dir='ltr'><strong>valde</strong></span> <span class='ocrx_word' id='word_1_330' title='bbox 835 2490 924 2563; x_wconf 84' lang='lat' dir='ltr'><strong>gavisi</strong></span> <span class='ocrx_word' id='word_1_331' title='bbox 974 2493 1106 2549; x_wconf 90' lang='lat' dir='ltr'><strong>omnibus</strong></span> <span class='ocrx_word' id='word_1_332' title='bbox 1128 2509 1193 2565; x_wconf 78' lang='lat' dir='ltr'><strong>qua</strong></span> <span class='ocrx_word' id='word_1_333' title='bbox 1215 2492 1268 2549; x_wconf 92' lang='lat' dir='ltr'><strong>sibi</strong></span> <span class='ocrx_word' id='word_1_334' title='bbox 1290 2509 1427 2565; x_wconf 89' lang='lat' dir='ltr'><strong>prospere</strong></span> <span class='ocrx_word' id='word_1_335' title='bbox 1451 2491 1495 2546; x_wconf 86' lang='lat' dir='ltr'><strong>rel</strong></span> <span class='ocrx_word' id='word_1_336' title='bbox 1516 2490 1632 2546; x_wconf 81' lang='lat' dir='ltr'><strong>adverse</strong></span> <span class='ocrx_word' id='word_1_337' title='bbox 1653 2487 1783 2559; x_wconf 90' lang='lat' dir='ltr'><strong>contige·</strong></span> 
     </span>
     <span class='ocr_line' id='line_1_26' title="bbox 105 2580 1783 2658; baseline -0.001 -22"><span class='ocrx_word' id='word_1_338' title='bbox 105 2584 182 2650; x_wconf 88' lang='lat' dir='ltr'><strong>sunt,</strong></span> <span class='ocrx_word' id='word_1_339' title='bbox 199 2597 328 2655; x_wconf 89' lang='lat' dir='ltr'><strong>eumque</strong></span> <span class='ocrx_word' id='word_1_340' title='bbox 347 2597 413 2637; x_wconf 93' lang='lat' dir='ltr'><strong>cum</strong></span> <span class='ocrx_word' id='word_1_341' title='bbox 432 2598 539 2654; x_wconf 86' lang='lat' dir='ltr'><strong>magno</strong></span> <span class='ocrx_word' id='word_1_342' title='bbox 557 2582 665 2638; x_wconf 90' lang='lat' dir='ltr'><strong>honore</strong></span> <span class='ocrx_word' id='word_1_343' title='bbox 685 2582 781 2655; x_wconf 90' lang='lat' dir='ltr'><strong>aliquo</strong></span> <span class='ocrx_word' id='word_1_344' title='bbox 795 2587 924 2655; x_wconf 91' lang='lat' dir='ltr'><strong>tempore</strong></span> <span class='ocrx_word' id='word_1_345' title='bbox 973 2591 1037 2643; x_wconf 89' lang='lat' dir='ltr'><strong>rant</strong></span> <span class='ocrx_word' id='word_1_346' title='bbox 1054 2587 1083 2642; x_wconf 94' lang='lat' dir='ltr'><strong>in</strong></span> <span class='ocrx_word' id='word_1_347' title='bbox 1102 2585 1330 2658; x_wconf 91' lang='lat' dir='ltr'><strong>peregrinatione</strong></span> <span class='ocrx_word' id='word_1_348' title='bbox 1348 2585 1498 2641; x_wconf 86' lang='lat' dir='ltr'><strong>intimavit.</strong></span> <span class='ocrx_word' id='word_1_349' title='bbox 1513 2585 1575 2641; x_wconf 83' lang='lat' dir='ltr'><strong>taor</strong></span> <span class='ocrx_word' id='word_1_350' title='bbox 1594 2580 1783 2639; x_wconf 85' lang='lat' dir='ltr'><strong>Theodericus</strong></span> 
     </span>
     <span class='ocr_line' id='line_1_27' title="bbox 104 2674 1780 2750; baseline 0 -20"><span class='ocrx_word' id='word_1_351' title='bbox 104 2690 203 2730; x_wconf 63' lang='lat' dir='ltr'><strong>mum</strong></span> <span class='ocrx_word' id='word_1_352' title='bbox 219 2675 414 2744; x_wconf 86' lang='lat' dir='ltr'><strong>retinuerunt,</strong></span> <span class='ocrx_word' id='word_1_353' title='bbox 427 2674 510 2748; x_wconf 89' lang='lat' dir='ltr'><strong>eique</strong></span> <span class='ocrx_word' id='word_1_354' title='bbox 524 2674 561 2730; x_wconf 89' lang='lat' dir='ltr'><strong>ad</strong></span> <span class='ocrx_word' id='word_1_355' title='bbox 576 2676 813 2731; x_wconf 84' lang='lat' dir='ltr'><strong>sustentationem</strong></span> <span class='ocrx_word' id='word_1_356' title='bbox 828 2676 921 2731; x_wconf 86' lang='lat' dir='ltr'><strong>Eccle·</strong></span> <span class='ocrx_word' id='word_1_357' title='bbox 972 2679 1057 2735; x_wconf 88' lang='lat' dir='ltr'><strong>abbas</strong></span> <span class='ocrx_word' id='word_1_358' title='bbox 1078 2680 1281 2736; x_wconf 90' lang='lat' dir='ltr'><strong>anschetillum</strong></span> <span class='ocrx_word' id='word_1_359' title='bbox 1307 2678 1413 2748; x_wconf 86' lang='lat' dir='ltr'><strong>ascivit,</strong></span> <span class='ocrx_word' id='word_1_360' title='bbox 1436 2677 1673 2750; x_wconf 89' lang='lat' dir='ltr'><strong>commissamque</strong></span> <span class='ocrx_word' id='word_1_361' title='bbox 1697 2690 1780 2747; x_wconf 90' lang='lat' dir='ltr'><strong>pecu·</strong></span> 
     </span>
     <span class='ocr_line' id='line_1_28' title="bbox 104 2767 1780 2846; baseline 0 -24"><span class='ocrx_word' id='word_1_362' title='bbox 104 2768 161 2836; x_wconf 80' lang='lat' dir='ltr'><strong>sias,</strong></span> <span class='ocrx_word' id='word_1_363' title='bbox 176 2782 232 2840; x_wconf 91' lang='lat' dir='ltr'><strong>pro</strong></span> <span class='ocrx_word' id='word_1_364' title='bbox 249 2783 309 2840; x_wconf 91' lang='lat' dir='ltr'><strong>qua</strong></span> <span class='ocrx_word' id='word_1_365' title='bbox 326 2767 517 2838; x_wconf 77' lang='lat' dir='ltr'><strong>mendicabat,</strong></span> <span class='ocrx_word' id='word_1_366' title='bbox 533 2768 621 2824; x_wconf 90' lang='lat' dir='ltr'><strong>multa</strong></span> <span class='ocrx_word' id='word_1_367' title='bbox 638 2773 667 2824; x_wconf 91' lang='lat' dir='ltr'><strong>et</strong></span> <span class='ocrx_word' id='word_1_368' title='bbox 683 2784 786 2841; x_wconf 87' lang='lat' dir='ltr'><strong>magna</strong></span> <span class='ocrx_word' id='word_1_369' title='bbox 801 2785 923 2826; x_wconf 91' lang='lat' dir='ltr'><strong>munera</strong></span> <span class='ocrx_word' id='word_1_370' title='bbox 971 2773 1049 2829; x_wconf 91' lang='lat' dir='ltr'><strong>niam</strong></span> <span class='ocrx_word' id='word_1_371' title='bbox 1069 2773 1105 2828; x_wconf 90' lang='lat' dir='ltr'><strong>ab</strong></span> <span class='ocrx_word' id='word_1_372' title='bbox 1125 2790 1160 2829; x_wconf 91' lang='lat' dir='ltr'><strong>eo</strong></span> <span class='ocrx_word' id='word_1_373' title='bbox 1181 2772 1305 2846; x_wconf 89' lang='lat' dir='ltr'><strong>repetiit.</strong></span> <span class='ocrx_word' id='word_1_374' title='bbox 1322 2775 1359 2827; x_wconf 94' lang='lat' dir='ltr'><strong>at</strong></span> <span class='ocrx_word' id='word_1_375' title='bbox 1379 2771 1425 2828; x_wconf 92' lang='lat' dir='ltr'><strong>ille</strong></span> <span class='ocrx_word' id='word_1_376' title='bbox 1447 2771 1541 2843; x_wconf 93' lang='lat' dir='ltr'><strong>primo</strong></span> <span class='ocrx_word' id='word_1_377' title='bbox 1561 2784 1666 2842; x_wconf 86' lang='lat' dir='ltr'><strong>negare</strong></span> <span class='ocrx_word' id='word_1_378' title='bbox 1685 2767 1780 2841; x_wconf 79' lang='lat' dir='ltr'><strong>caepit,</strong></span> 
     </span>
     <span class='ocr_line' id='line_1_29' title="bbox 103 2860 1778 2940; baseline 0.001 -25"><span class='ocrx_word' id='word_1_379' title='bbox 103 2861 264 2916; x_wconf 89' lang='lat' dir='ltr'><strong>dederunt.</strong></span> <span class='ocrx_word' id='word_1_380' title='bbox 282 2862 344 2933; x_wconf 91' lang='lat' dir='ltr'><strong>lpse</strong></span> <span class='ocrx_word' id='word_1_381' title='bbox 358 2877 425 2916; x_wconf 81' lang='lat' dir='ltr'><strong>vero</strong></span> <span class='ocrx_word' id='word_1_382' title='bbox 440 2861 539 2935; x_wconf 89' lang='lat' dir='ltr'><strong>egenis</strong></span> <span class='ocrx_word' id='word_1_383' title='bbox 557 2860 691 2918; x_wconf 88' lang='lat' dir='ltr'><strong>fratribus</strong></span> <span class='ocrx_word' id='word_1_384' title='bbox 707 2862 766 2916; x_wconf 90' lang='lat' dir='ltr'><strong>suis</strong></span> <span class='ocrx_word' id='word_1_385' title='bbox 785 2862 919 2918; x_wconf 81' lang='lat' dir='ltr'><strong>festinan·</strong></span> <span class='ocrx_word' id='word_1_386' title='bbox 971 2867 1020 2923; x_wconf 90' lang='lat' dir='ltr'><strong>sed</strong></span> <span class='ocrx_word' id='word_1_387' title='bbox 1032 2866 1217 2940; x_wconf 88' lang='lat' dir='ltr'><strong>postmodum</strong></span> <span class='ocrx_word' id='word_1_388' title='bbox 1234 2865 1439 2922; x_wconf 84' lang='lat' dir='ltr'><strong>aTheodelino</strong></span> <span class='ocrx_word' id='word_1_389' title='bbox 1456 2864 1602 2920; x_wconf 81' lang='lat' dir='ltr'><strong>convictus</strong></span> <span class='ocrx_word' id='word_1_390' title='bbox 1619 2863 1662 2918; x_wconf 92' lang='lat' dir='ltr'><strong>rei</strong></span> <span class='ocrx_word' id='word_1_391' title='bbox 1677 2861 1778 2917; x_wconf 86' lang='lat' dir='ltr'><strong>verita·</strong></span> 
     </span>
     <span class='ocr_line' id='line_1_30' title="bbox 103 2953 1781 3032; baseline -0.001 -22"><span class='ocrx_word' id='word_1_392' title='bbox 103 2961 146 3010; x_wconf 92' lang='lat' dir='ltr'><strong>ter</strong></span> <span class='ocrx_word' id='word_1_393' title='bbox 165 2953 321 3010; x_wconf 81' lang='lat' dir='ltr'><strong>subvenire</strong></span> <span class='ocrx_word' id='word_1_394' title='bbox 342 2954 450 3024; x_wconf 84' lang='lat' dir='ltr'><strong>rolens,</strong></span> <span class='ocrx_word' id='word_1_395' title='bbox 471 2955 641 3011; x_wconf 86' lang='lat' dir='ltr'><strong>Gonfridum</strong></span> <span class='ocrx_word' id='word_1_396' title='bbox 660 2954 832 3011; x_wconf 89' lang='lat' dir='ltr'><strong>monachum</strong></span> <span class='ocrx_word' id='word_1_397' title='bbox 854 2972 921 3011; x_wconf 90' lang='lat' dir='ltr'><strong>cum</strong></span> <span class='ocrx_word' id='word_1_398' title='bbox 972 2964 1031 3016; x_wconf 92' lang='lat' dir='ltr'><strong>tem</strong></span> <span class='ocrx_word' id='word_1_399' title='bbox 1042 2960 1219 3032; x_wconf 87' lang='lat' dir='ltr'><strong>recognovit.</strong></span> <span class='ocrx_word' id='word_1_400' title='bbox 1236 2983 1250 3010; x_wconf 78' lang='lat' dir='ltr'><strong>a</strong></span> <span class='ocrx_word' id='word_1_401' title='bbox 1263 2960 1426 3028; x_wconf 86' lang='lat' dir='ltr'><strong>Pecuniam,</strong></span> <span class='ocrx_word' id='word_1_402' title='bbox 1441 2957 1544 3031; x_wconf 86' lang='lat' dir='ltr'><strong>inquit,</strong></span> <span class='ocrx_word' id='word_1_403' title='bbox 1557 2973 1646 3030; x_wconf 90' lang='lat' dir='ltr'><strong>quam</strong></span> <span class='ocrx_word' id='word_1_404' title='bbox 1661 2955 1781 3029; x_wconf 90' lang='lat' dir='ltr'><strong>reposci·</strong></span> 
     </span>
     <span class='ocr_line' id='line_1_31' title="bbox 102 3047 1780 3123; baseline -0.001 -19"><span class='ocrx_word' id='word_1_405' title='bbox 102 3064 212 3122; x_wconf 88' lang='lat' dir='ltr'><strong>magno</strong></span> <span class='ocrx_word' id='word_1_406' title='bbox 226 3063 315 3104; x_wconf 91' lang='lat' dir='ltr'><strong>censu</strong></span> <span class='ocrx_word' id='word_1_407' title='bbox 328 3047 515 3116; x_wconf 82' lang='lat' dir='ltr'><strong>remisit3sed</strong></span> <span class='ocrx_word' id='word_1_408' title='bbox 528 3048 638 3104; x_wconf 90' lang='lat' dir='ltr'><strong>occulto</strong></span> <span class='ocrx_word' id='word_1_409' title='bbox 652 3048 824 3120; x_wconf 85' lang='lat' dir='ltr'><strong>Deijudicio</strong></span> <span class='ocrx_word' id='word_1_410' title='bbox 837 3049 921 3105; x_wconf 89' lang='lat' dir='ltr'><strong>aliter</strong></span> <span class='ocrx_word' id='word_1_411' title='bbox 972 3053 1015 3118; x_wconf 88' lang='lat' dir='ltr'><strong>tis,</strong></span> <span class='ocrx_word' id='word_1_412' title='bbox 1035 3070 1052 3109; x_wconf 90' lang='lat' dir='ltr'><strong>a</strong></span> <span class='ocrx_word' id='word_1_413' title='bbox 1075 3054 1194 3110; x_wconf 91' lang='lat' dir='ltr'><strong>domino</strong></span> <span class='ocrx_word' id='word_1_414' title='bbox 1218 3069 1282 3109; x_wconf 91' lang='lat' dir='ltr'><strong>meo</strong></span> <span class='ocrx_word' id='word_1_415' title='bbox 1311 3053 1449 3108; x_wconf 81' lang='lat' dir='ltr'><strong>willelmo</strong></span> <span class='ocrx_word' id='word_1_416' title='bbox 1472 3051 1597 3123; x_wconf 86' lang='lat' dir='ltr'><strong>snscepi;</strong></span> <span class='ocrx_word' id='word_1_417' title='bbox 1621 3050 1702 3123; x_wconf 87' lang='lat' dir='ltr'><strong>eujus</strong></span> <span class='ocrx_word' id='word_1_418' title='bbox 1725 3049 1780 3104; x_wconf 87' lang='lat' dir='ltr'><strong>ali·</strong></span> 
     </span>
     <span class='ocr_line' id='line_1_32' title="bbox 102 3141 1782 3219; baseline 0.001 -22"><span class='ocrx_word' id='word_1_419' title='bbox 102 3158 191 3214; x_wconf 88' lang='lat' dir='ltr'><strong>quam</strong></span> <span class='ocrx_word' id='word_1_420' title='bbox 213 3141 386 3213; x_wconf 79' lang='lat' dir='ltr'><strong>sperebatur</strong></span> <span class='ocrx_word' id='word_1_421' title='bbox 408 3142 509 3198; x_wconf 85' lang='lat' dir='ltr'><strong>evenit.</strong></span> <span class='ocrx_word' id='word_1_422' title='bbox 529 3142 598 3197; x_wconf 89' lang='lat' dir='ltr'><strong>Nam</strong></span> <span class='ocrx_word' id='word_1_423' title='bbox 622 3141 776 3197; x_wconf 87' lang='lat' dir='ltr'><strong>Gunfridus</strong></span> <span class='ocrx_word' id='word_1_424' title='bbox 798 3143 920 3199; x_wconf 84' lang='lat' dir='ltr'><strong>Romam</strong></span> <span class='ocrx_word' id='word_1_425' title='bbox 970 3163 1055 3219; x_wconf 82' lang='lat' dir='ltr'><strong>quam</strong></span> <span class='ocrx_word' id='word_1_426' title='bbox 1083 3151 1193 3219; x_wconf 90' lang='lat' dir='ltr'><strong>partem</strong></span> <span class='ocrx_word' id='word_1_427' title='bbox 1220 3147 1254 3202; x_wconf 91' lang='lat' dir='ltr'><strong>ad</strong></span> <span class='ocrx_word' id='word_1_428' title='bbox 1283 3163 1348 3202; x_wconf 89' lang='lat' dir='ltr'><strong>usus</strong></span> <span class='ocrx_word' id='word_1_429' title='bbox 1377 3152 1488 3201; x_wconf 91' lang='lat' dir='ltr'><strong>nostros</strong></span> <span class='ocrx_word' id='word_1_430' title='bbox 1515 3144 1641 3215; x_wconf 84' lang='lat' dir='ltr'><strong>distraxi,</strong></span> <span class='ocrx_word' id='word_1_431' title='bbox 1668 3146 1782 3216; x_wconf 89' lang='lat' dir='ltr'><strong>partem</strong></span> 
     </span>
     <span class='ocr_line' id='line_1_33' title="bbox 100 3232 1779 3310; baseline 0.002 -22"><span class='ocrx_word' id='word_1_432' title='bbox 100 3235 193 3305; x_wconf 79' lang='lat' dir='ltr'><strong>venit,</strong></span> <span class='ocrx_word' id='word_1_433' title='bbox 215 3233 315 3307; x_wconf 83' lang='lat' dir='ltr'><strong>ibique</strong></span> <span class='ocrx_word' id='word_1_434' title='bbox 336 3233 366 3289; x_wconf 90' lang='lat' dir='ltr'><strong>in</strong></span> <span class='ocrx_word' id='word_1_435' title='bbox 382 3232 561 3299; x_wconf 81' lang='lat' dir='ltr'><strong>¹monasterio</strong></span> <span class='ocrx_word' id='word_1_436' title='bbox 581 3234 676 3290; x_wconf 86' lang='lat' dir='ltr'><strong>Sancti</strong></span> <span class='ocrx_word' id='word_1_437' title='bbox 701 3235 779 3290; x_wconf 87' lang='lat' dir='ltr'><strong>Pauli</strong></span> <span class='ocrx_word' id='word_1_438' title='bbox 800 3237 920 3308; x_wconf 89' lang='lat' dir='ltr'><strong>apostoli</strong></span> <span class='ocrx_word' id='word_1_439' title='bbox 969 3256 1036 3297; x_wconf 83' lang='lat' dir='ltr'><strong>vero</strong></span> <span class='ocrx_word' id='word_1_440' title='bbox 1062 3240 1169 3310; x_wconf 81' lang='lat' dir='ltr'><strong>Remis,</strong></span> <span class='ocrx_word' id='word_1_441' title='bbox 1195 3240 1312 3296; x_wconf 89' lang='lat' dir='ltr'><strong>consilio</strong></span> <span class='ocrx_word' id='word_1_442' title='bbox 1337 3239 1445 3294; x_wconf 91' lang='lat' dir='ltr'><strong>domini</strong></span> <span class='ocrx_word' id='word_1_443' title='bbox 1471 3239 1526 3294; x_wconf 91' lang='lat' dir='ltr'><strong>mei</strong></span> <span class='ocrx_word' id='word_1_444' title='bbox 1550 3237 1660 3295; x_wconf 85' lang='lat' dir='ltr'><strong>Rodulll</strong></span> <span class='ocrx_word' id='word_1_445' title='bbox 1687 3237 1779 3293; x_wconf 78' lang='lat' dir='ltr'><strong>tlala-</strong></span> 
     </span>
     <span class='ocr_line' id='line_1_34' title="bbox 101 3326 1779 3407; baseline 0.001 -23"><span class='ocrx_word' id='word_1_446' title='bbox 101 3329 234 3384; x_wconf 89' lang='lat' dir='ltr'><strong>hiemare</strong></span> <span class='ocrx_word' id='word_1_447' title='bbox 253 3326 388 3383; x_wconf 83' lang='lat' dir='ltr'><strong>decrevit.</strong></span> <span class='ocrx_word' id='word_1_448' title='bbox 410 3331 432 3382; x_wconf 94' lang='lat' dir='ltr'><strong>a</strong></span> <span class='ocrx_word' id='word_1_449' title='bbox 452 3328 589 3384; x_wconf 81' lang='lat' dir='ltr'><strong>Romanis</strong></span> <span class='ocrx_word' id='word_1_450' title='bbox 607 3333 714 3397; x_wconf 90' lang='lat' dir='ltr'><strong>autem,</strong></span> <span class='ocrx_word' id='word_1_451' title='bbox 736 3345 788 3403; x_wconf 93' lang='lat' dir='ltr'><strong>pro</strong></span> <span class='ocrx_word' id='word_1_452' title='bbox 809 3329 919 3401; x_wconf 89' lang='lat' dir='ltr'><strong>cupidi-</strong></span> <span class='ocrx_word' id='word_1_453' title='bbox 969 3336 1105 3400; x_wconf 80' lang='lat' dir='ltr'><strong>corone,</strong></span> <span class='ocrx_word' id='word_1_454' title='bbox 1130 3333 1179 3407; x_wconf 86' lang='lat' dir='ltr'><strong>qui</strong></span> <span class='ocrx_word' id='word_1_455' title='bbox 1201 3333 1258 3388; x_wconf 93' lang='lat' dir='ltr'><strong>illic</strong></span> <span class='ocrx_word' id='word_1_456' title='bbox 1280 3332 1353 3388; x_wconf 91' lang='lat' dir='ltr'><strong>mihi</strong></span> <span class='ocrx_word' id='word_1_457' title='bbox 1382 3331 1512 3398; x_wconf 85' lang='lat' dir='ltr'><strong>ebriavit,</strong></span> <span class='ocrx_word' id='word_1_458' title='bbox 1538 3329 1746 3387; x_wconf 86' lang='lat' dir='ltr'><strong>commendari.</strong></span> <span class='ocrx_word' id='word_1_459' title='bbox 1765 3351 1779 3378; x_wconf 77' lang='lat' dir='ltr'><strong>u</strong></span> 
     </span>
     <span class='ocr_line' id='line_1_35' title="bbox 100 3419 1778 3496; baseline 0.001 -19"><span class='ocrx_word' id='word_1_460' title='bbox 100 3424 161 3477; x_wconf 85' lang='lat' dir='ltr'><strong>tate</strong></span> <span class='ocrx_word' id='word_1_461' title='bbox 180 3420 245 3476; x_wconf 92' lang='lat' dir='ltr'><strong>auri</strong></span> <span class='ocrx_word' id='word_1_462' title='bbox 262 3419 341 3493; x_wconf 90' lang='lat' dir='ltr'><strong>quod</strong></span> <span class='ocrx_word' id='word_1_463' title='bbox 354 3419 475 3491; x_wconf 89' lang='lat' dir='ltr'><strong>ferebat,</strong></span> <span class='ocrx_word' id='word_1_464' title='bbox 490 3437 599 3478; x_wconf 84' lang='lat' dir='ltr'><strong>veneno</strong></span> <span class='ocrx_word' id='word_1_465' title='bbox 613 3422 735 3478; x_wconf 86' lang='lat' dir='ltr'><strong>infectus</strong></span> <span class='ocrx_word' id='word_1_466' title='bbox 751 3427 807 3493; x_wconf 89' lang='lat' dir='ltr'><strong>est;</strong></span> <span class='ocrx_word' id='word_1_467' title='bbox 823 3423 920 3496; x_wconf 84' lang='lat' dir='ltr'><strong>sicque</strong></span> <span class='ocrx_word' id='word_1_468' title='bbox 969 3426 1046 3492; x_wconf 85' lang='lat' dir='ltr'><strong>Dued</strong></span> <span class='ocrx_word' id='word_1_469' title='bbox 1064 3427 1212 3483; x_wconf 87' lang='lat' dir='ltr'><strong>audientes</strong></span> <span class='ocrx_word' id='word_1_470' title='bbox 1232 3425 1365 3483; x_wconf 89' lang='lat' dir='ltr'><strong>monachi</strong></span> <span class='ocrx_word' id='word_1_471' title='bbox 1386 3424 1480 3482; x_wconf 84' lang='lat' dir='ltr'><strong>flemis</strong></span> <span class='ocrx_word' id='word_1_472' title='bbox 1501 3425 1582 3480; x_wconf 90' lang='lat' dir='ltr'><strong>illum</strong></span> <span class='ocrx_word' id='word_1_473' title='bbox 1603 3425 1646 3479; x_wconf 88' lang='lat' dir='ltr'><strong>bis</strong></span> <span class='ocrx_word' id='word_1_474' title='bbox 1666 3422 1778 3479; x_wconf 83' lang='lat' dir='ltr'><strong>direxe-</strong></span> 
     </span>
     <span class='ocr_line' id='line_1_36' title="bbox 100 3512 1779 3593; baseline 0.002 -24"><span class='ocrx_word' id='word_1_475' title='bbox 100 3513 274 3572; x_wconf 82' lang='lat' dir='ltr'><strong>venerabilis</strong></span> <span class='ocrx_word' id='word_1_476' title='bbox 292 3512 460 3586; x_wconf 88' lang='lat' dir='ltr'><strong>peregrinus</strong></span> <span class='ocrx_word' id='word_1_477' title='bbox 480 3513 510 3568; x_wconf 92' lang='lat' dir='ltr'><strong>in</strong></span> <span class='ocrx_word' id='word_1_478' title='bbox 532 3515 711 3571; x_wconf 87' lang='lat' dir='ltr'><strong>confessione</strong></span> <span class='ocrx_word' id='word_1_479' title='bbox 734 3516 835 3572; x_wconf 84' lang='lat' dir='ltr'><strong>Christi</strong></span> <span class='ocrx_word' id='word_1_480' title='bbox 855 3517 919 3572; x_wconf 90' lang='lat' dir='ltr'><strong>ldus</strong></span> <span class='ocrx_word' id='word_1_481' title='bbox 968 3525 1045 3589; x_wconf 90' lang='lat' dir='ltr'><strong>runt,</strong></span> <span class='ocrx_word' id='word_1_482' title='bbox 1057 3521 1209 3593; x_wconf 90' lang='lat' dir='ltr'><strong>priuseum</strong></span> <span class='ocrx_word' id='word_1_483' title='bbox 1220 3519 1504 3576; x_wconf 85' lang='lat' dir='ltr'><strong>ltainaldomonacho</strong></span> <span class='ocrx_word' id='word_1_484' title='bbox 1515 3517 1550 3573; x_wconf 88' lang='lat' dir='ltr'><strong>de</strong></span> <span class='ocrx_word' id='word_1_485' title='bbox 1561 3518 1665 3590; x_wconf 89' lang='lat' dir='ltr'><strong>Sappo,</strong></span> <span class='ocrx_word' id='word_1_486' title='bbox 1677 3517 1779 3572; x_wconf 89' lang='lat' dir='ltr'><strong>deinde</strong></span> 
     </span>
     <span class='ocr_line' id='line_1_37' title="bbox 102 3606 1780 3682; baseline -0.001 -19"><span class='ocrx_word' id='word_1_487' title='bbox 102 3606 271 3663; x_wconf 80' lang='lat' dir='ltr'><strong>Decembris</strong></span> <span class='ocrx_word' id='word_1_488' title='bbox 296 3606 446 3663; x_wconf 91' lang='lat' dir='ltr'><strong>defunctus</strong></span> <span class='ocrx_word' id='word_1_489' title='bbox 469 3610 522 3663; x_wconf 90' lang='lat' dir='ltr'><strong>est.</strong></span> <span class='ocrx_word' id='word_1_490' title='bbox 546 3606 701 3663; x_wconf 86' lang='lat' dir='ltr'><strong>Willelmus</strong></span> <span class='ocrx_word' id='word_1_491' title='bbox 722 3625 837 3681; x_wconf 88' lang='lat' dir='ltr'><strong>quoque</strong></span> <span class='ocrx_word' id='word_1_492' title='bbox 860 3627 917 3666; x_wconf 92' lang='lat' dir='ltr'><strong>non</strong></span> <span class='ocrx_word' id='word_1_493' title='bbox 968 3631 1032 3669; x_wconf 88' lang='lat' dir='ltr'><strong>cum</strong></span> <span class='ocrx_word' id='word_1_494' title='bbox 1058 3614 1180 3669; x_wconf 77' lang='lat' dir='ltr'><strong>Fulcone</strong></span> <span class='ocrx_word' id='word_1_495' title='bbox 1202 3613 1239 3668; x_wconf 90' lang='lat' dir='ltr'><strong>ad</strong></span> <span class='ocrx_word' id='word_1_496' title='bbox 1264 3611 1429 3668; x_wconf 81' lang='lat' dir='ltr'><strong>Gervasinm</strong></span> <span class='ocrx_word' id='word_1_497' title='bbox 1455 3611 1700 3682; x_wconf 86' lang='lat' dir='ltr'><strong>archiepiscopum</strong></span> <span class='ocrx_word' id='word_1_498' title='bbox 1726 3625 1780 3681; x_wconf 91' lang='lat' dir='ltr'><strong>pro</strong></span> 
     </span>
     <span class='ocr_line' id='line_1_38' title="bbox 103 3699 1779 3780; baseline 0 -24"><span class='ocrx_word' id='word_1_499' title='bbox 103 3701 194 3757; x_wconf 90' lang='lat' dir='ltr'><strong>multo</strong></span> <span class='ocrx_word' id='word_1_500' title='bbox 207 3704 271 3774; x_wconf 91' lang='lat' dir='ltr'><strong>pest</strong></span> <span class='ocrx_word' id='word_1_501' title='bbox 283 3699 338 3757; x_wconf 89' lang='lat' dir='ltr'><strong>iter</strong></span> <span class='ocrx_word' id='word_1_502' title='bbox 350 3699 491 3756; x_wconf 92' lang='lat' dir='ltr'><strong>redeundi</strong></span> <span class='ocrx_word' id='word_1_503' title='bbox 504 3715 570 3756; x_wconf 89' lang='lat' dir='ltr'><strong>eum</strong></span> <span class='ocrx_word' id='word_1_504' title='bbox 584 3701 696 3774; x_wconf 86' lang='lat' dir='ltr'><strong>ingenti</strong></span> <span class='ocrx_word' id='word_1_505' title='bbox 706 3702 825 3774; x_wconf 89' lang='lat' dir='ltr'><strong>pecunia</strong></span> <span class='ocrx_word' id='word_1_506' title='bbox 838 3702 917 3773; x_wconf 82' lang='lat' dir='ltr'><strong>iniit3</strong></span> <span class='ocrx_word' id='word_1_507' title='bbox 967 3724 1052 3763; x_wconf 86' lang='lat' dir='ltr'><strong>censu</strong></span> <span class='ocrx_word' id='word_1_508' title='bbox 1081 3706 1221 3780; x_wconf 93' lang='lat' dir='ltr'><strong>deposito.</strong></span> <span class='ocrx_word' id='word_1_509' title='bbox 1249 3705 1385 3762; x_wconf 74' lang='lat' dir='ltr'><strong>Prolatus</strong></span> <span class='ocrx_word' id='word_1_510' title='bbox 1416 3706 1513 3760; x_wconf 91' lang='lat' dir='ltr'><strong>autem</strong></span> <span class='ocrx_word' id='word_1_511' title='bbox 1543 3701 1779 3776; x_wconf 90' lang='lat' dir='ltr'><strong>metropolitanus</strong></span> 
     </span>
     <span class='ocr_line' id='line_1_39' title="bbox 102 3794 1778 3870; baseline 0 -20"><span class='ocrx_word' id='word_1_512' title='bbox 102 3795 151 3850; x_wconf 89' lang='lat' dir='ltr'><strong>sed</strong></span> <span class='ocrx_word' id='word_1_513' title='bbox 165 3795 202 3850; x_wconf 93' lang='lat' dir='ltr'><strong>ad</strong></span> <span class='ocrx_word' id='word_1_514' title='bbox 222 3794 325 3850; x_wconf 89' lang='lat' dir='ltr'><strong>urbem</strong></span> <span class='ocrx_word' id='word_1_515' title='bbox 344 3809 409 3868; x_wconf 79' lang='lat' dir='ltr'><strong>qnae</strong></span> <span class='ocrx_word' id='word_1_516' title='bbox 426 3794 553 3852; x_wconf 84' lang='lat' dir='ltr'><strong>aCaieta</strong></span> <span class='ocrx_word' id='word_1_517' title='bbox 566 3795 676 3852; x_wconf 88' lang='lat' dir='ltr'><strong>nutrice</strong></span> <span class='ocrx_word' id='word_1_518' title='bbox 694 3795 809 3868; x_wconf 75' lang='lat' dir='ltr'><strong>trojani</strong></span> <span class='ocrx_word' id='word_1_519' title='bbox 821 3798 918 3853; x_wconf 80' lang='lat' dir='ltr'><strong>AEneee</strong></span> <span class='ocrx_word' id='word_1_520' title='bbox 967 3801 1140 3856; x_wconf 90' lang='lat' dir='ltr'><strong>monachum</strong></span> <span class='ocrx_word' id='word_1_521' title='bbox 1154 3799 1247 3856; x_wconf 85' lang='lat' dir='ltr'><strong>Sancti</strong></span> <span class='ocrx_word' id='word_1_522' title='bbox 1264 3797 1368 3854; x_wconf 85' lang='lat' dir='ltr'><strong>Ehrulti</strong></span> <span class='ocrx_word' id='word_1_523' title='bbox 1386 3802 1532 3870; x_wconf 77' lang='lat' dir='ltr'><strong>gratanter</strong></span> <span class='ocrx_word' id='word_1_524' title='bbox 1545 3797 1678 3867; x_wconf 88' lang='lat' dir='ltr'><strong>suscepit,</strong></span> <span class='ocrx_word' id='word_1_525' title='bbox 1694 3811 1778 3851; x_wconf 92' lang='lat' dir='ltr'><strong>eum-</strong></span> 
     </span>
     <span class='ocr_line' id='line_1_40' title="bbox 100 3887 1778 3967; baseline 0.002 -26"><span class='ocrx_word' id='word_1_526' title='bbox 100 3893 220 3944; x_wconf 82' lang='lat' dir='ltr'><strong>vocatur</strong></span> <span class='ocrx_word' id='word_1_527' title='bbox 238 3887 364 3956; x_wconf 82' lang='lat' dir='ltr'><strong>veniens,</strong></span> <span class='ocrx_word' id='word_1_528' title='bbox 383 3887 544 3944; x_wconf 80' lang='lat' dir='ltr'><strong>lethiferam</strong></span> <span class='ocrx_word' id='word_1_529' title='bbox 564 3887 766 3960; x_wconf 80' lang='lat' dir='ltr'><strong>egritudinem</strong></span> <span class='ocrx_word' id='word_1_530' title='bbox 785 3890 916 3947; x_wconf 90' lang='lat' dir='ltr'><strong>incurrit.</strong></span> <span class='ocrx_word' id='word_1_531' title='bbox 966 3910 1022 3967; x_wconf 89' lang='lat' dir='ltr'><strong>que</strong></span> <span class='ocrx_word' id='word_1_532' title='bbox 1042 3894 1073 3949; x_wconf 91' lang='lat' dir='ltr'><strong>in</strong></span> <span class='ocrx_word' id='word_1_533' title='bbox 1091 3893 1209 3967; x_wconf 87' lang='lat' dir='ltr'><strong>negotio</strong></span> <span class='ocrx_word' id='word_1_534' title='bbox 1229 3909 1280 3965; x_wconf 93' lang='lat' dir='ltr'><strong>pro</strong></span> <span class='ocrx_word' id='word_1_535' title='bbox 1301 3908 1358 3964; x_wconf 91' lang='lat' dir='ltr'><strong>quo</strong></span> <span class='ocrx_word' id='word_1_536' title='bbox 1376 3894 1496 3946; x_wconf 82' lang='lat' dir='ltr'><strong>venerat</strong></span> <span class='ocrx_word' id='word_1_537' title='bbox 1512 3889 1621 3962; x_wconf 83' lang='lat' dir='ltr'><strong>adjuvit</strong></span> <span class='ocrx_word' id='word_1_538' title='bbox 1638 3894 1778 3962; x_wconf 72' lang='lat' dir='ltr'><strong>maantam</strong></span> 
     </span>
     <span class='ocr_line' id='line_1_41' title="bbox 99 3980 1779 4060; baseline 0.001 -23"><span class='ocrx_word' id='word_1_539' title='bbox 99 3982 179 4037; x_wconf 80' lang='lat' dir='ltr'><strong>Tunc</strong></span> <span class='ocrx_word' id='word_1_540' title='bbox 199 3980 273 4037; x_wconf 90' lang='lat' dir='ltr'><strong>duos</strong></span> <span class='ocrx_word' id='word_1_541' title='bbox 293 3980 409 4049; x_wconf 89' lang='lat' dir='ltr'><strong>milites,</strong></span> <span class='ocrx_word' id='word_1_542' title='bbox 429 3980 635 4037; x_wconf 70' lang='lat' dir='ltr'><strong>anschetillum</strong></span> <span class='ocrx_word' id='word_1_543' title='bbox 655 3981 691 4037; x_wconf 91' lang='lat' dir='ltr'><strong>de</strong></span> <span class='ocrx_word' id='word_1_544' title='bbox 710 3983 812 4039; x_wconf 82' lang='lat' dir='ltr'><strong>Noeris</strong></span> <span class='ocrx_word' id='word_1_545' title='bbox 833 3987 915 4040; x_wconf 85' lang='lat' dir='ltr'><strong>asae·</strong></span> <span class='ocrx_word' id='word_1_546' title='bbox 967 3988 1069 4060; x_wconf 87' lang='lat' dir='ltr'><strong>potuit.</strong></span> <span class='ocrx_word' id='word_1_547' title='bbox 1085 3988 1156 4043; x_wconf 87' lang='lat' dir='ltr'><strong>Nam</strong></span> <span class='ocrx_word' id='word_1_548' title='bbox 1173 3986 1249 4044; x_wconf 92' lang='lat' dir='ltr'><strong>idem</strong></span> <span class='ocrx_word' id='word_1_549' title='bbox 1269 3986 1337 4042; x_wconf 92' lang='lat' dir='ltr'><strong>dnm</strong></span> <span class='ocrx_word' id='word_1_550' title='bbox 1353 3983 1611 4043; x_wconf 89' lang='lat' dir='ltr'><strong>Cenomanensium</strong></span> <span class='ocrx_word' id='word_1_551' title='bbox 1629 3983 1779 4056; x_wconf 89' lang='lat' dir='ltr'><strong>episcopus</strong></span> 
     </span>
     <span class='ocr_line' id='line_1_42' title="bbox 99 4073 1778 4149; baseline 0.001 -19"><span class='ocrx_word' id='word_1_552' title='bbox 99 4074 152 4130; x_wconf 89' lang='lat' dir='ltr'><strong>lini</strong></span> <span class='ocrx_word' id='word_1_553' title='bbox 172 4073 278 4144; x_wconf 83' lang='lat' dir='ltr'><strong>filium,</strong></span> <span class='ocrx_word' id='word_1_554' title='bbox 296 4077 327 4130; x_wconf 89' lang='lat' dir='ltr'><strong>et</strong></span> <span class='ocrx_word' id='word_1_555' title='bbox 343 4074 550 4130; x_wconf 70' lang='lat' dir='ltr'><strong>theodelinum</strong></span> <span class='ocrx_word' id='word_1_556' title='bbox 572 4075 607 4130; x_wconf 93' lang='lat' dir='ltr'><strong>de</strong></span> <span class='ocrx_word' id='word_1_557' title='bbox 626 4075 745 4131; x_wconf 84' lang='lat' dir='ltr'><strong>Tanesia</strong></span> <span class='ocrx_word' id='word_1_558' title='bbox 763 4075 799 4131; x_wconf 91' lang='lat' dir='ltr'><strong>ad</strong></span> <span class='ocrx_word' id='word_1_559' title='bbox 819 4093 848 4132; x_wconf 91' lang='lat' dir='ltr'><strong>se</strong></span> <span class='ocrx_word' id='word_1_560' title='bbox 868 4094 916 4132; x_wconf 87' lang='lat' dir='ltr'><strong>vo·</strong></span> <span class='ocrx_word' id='word_1_561' title='bbox 967 4085 1039 4149; x_wconf 90' lang='lat' dir='ltr'><strong>erat,</strong></span> <span class='ocrx_word' id='word_1_562' title='bbox 1056 4086 1084 4138; x_wconf 92' lang='lat' dir='ltr'><strong>et</strong></span> <span class='ocrx_word' id='word_1_563' title='bbox 1102 4080 1210 4137; x_wconf 89' lang='lat' dir='ltr'><strong>curiam</strong></span> <span class='ocrx_word' id='word_1_564' title='bbox 1225 4078 1358 4136; x_wconf 85' lang='lat' dir='ltr'><strong>Willelmi</strong></span> <span class='ocrx_word' id='word_1_565' title='bbox 1376 4079 1454 4135; x_wconf 88' lang='lat' dir='ltr'><strong>ducis</strong></span> <span class='ocrx_word' id='word_1_566' title='bbox 1474 4078 1718 4144; x_wconf 76' lang='lat' dir='ltr'><strong>alomannorum,</strong></span> <span class='ocrx_word' id='word_1_567' title='bbox 1732 4076 1778 4133; x_wconf 91' lang='lat' dir='ltr'><strong>cui</strong></span> 
     </span>
     <span class='ocr_line' id='line_1_43' title="bbox 98 4166 1779 4244; baseline 0.001 -21"><span class='ocrx_word' id='word_1_568' title='bbox 98 4168 181 4235; x_wconf 77' lang='lat' dir='ltr'><strong>cavit,</strong></span> <span class='ocrx_word' id='word_1_569' title='bbox 198 4167 298 4240; x_wconf 90' lang='lat' dir='ltr'><strong>eisque</strong></span> <span class='ocrx_word' id='word_1_570' title='bbox 318 4166 390 4223; x_wconf 92' lang='lat' dir='ltr'><strong>dixit</strong></span> <span class='ocrx_word' id='word_1_571' title='bbox 410 4183 417 4222; x_wconf 93' lang='lat'>:</span> <span class='ocrx_word' id='word_1_572' title='bbox 439 4188 453 4217; x_wconf 91' lang='lat'>«</span> <span class='ocrx_word' id='word_1_573' title='bbox 469 4169 540 4223; x_wconf 88' lang='lat' dir='ltr'><strong>Ecce</strong></span> <span class='ocrx_word' id='word_1_574' title='bbox 560 4167 713 4224; x_wconf 90' lang='lat' dir='ltr'><strong>duedecim</strong></span> <span class='ocrx_word' id='word_1_575' title='bbox 734 4169 800 4225; x_wconf 91' lang='lat' dir='ltr'><strong>socii</strong></span> <span class='ocrx_word' id='word_1_576' title='bbox 821 4170 916 4239; x_wconf 85' lang='lat' dir='ltr'><strong>rastri,</strong></span> <span class='ocrx_word' id='word_1_577' title='bbox 966 4174 1048 4230; x_wconf 81' lang='lat' dir='ltr'><strong>valde</strong></span> <span class='ocrx_word' id='word_1_578' title='bbox 1067 4173 1217 4230; x_wconf 88' lang='lat' dir='ltr'><strong>familiaris</strong></span> <span class='ocrx_word' id='word_1_579' title='bbox 1238 4179 1309 4242; x_wconf 90' lang='lat' dir='ltr'><strong>erat,</strong></span> <span class='ocrx_word' id='word_1_580' title='bbox 1324 4172 1424 4228; x_wconf 88' lang='lat' dir='ltr'><strong>crebm</strong></span> <span class='ocrx_word' id='word_1_581' title='bbox 1443 4175 1600 4244; x_wconf 91' lang='lat' dir='ltr'><strong>expeteret,</strong></span> <span class='ocrx_word' id='word_1_582' title='bbox 1620 4170 1698 4243; x_wconf 92' lang='lat' dir='ltr'><strong>apud</strong></span> <span class='ocrx_word' id='word_1_583' title='bbox 1717 4169 1779 4226; x_wconf 92' lang='lat' dir='ltr'><strong>Uti·</strong></span> 
     </span>
     <span class='ocr_line' id='line_1_44' title="bbox 98 4259 1779 4340; baseline 0.002 -23"><span class='ocrx_word' id='word_1_584' title='bbox 98 4262 148 4335; x_wconf 89' lang='lat' dir='ltr'><strong>qui</strong></span> <span class='ocrx_word' id='word_1_585' title='bbox 165 4259 319 4317; x_wconf 90' lang='lat' dir='ltr'><strong>nobiscum</strong></span> <span class='ocrx_word' id='word_1_586' title='bbox 336 4260 442 4316; x_wconf 88' lang='lat' dir='ltr'><strong>alacres</strong></span> <span class='ocrx_word' id='word_1_587' title='bbox 457 4261 492 4316; x_wconf 89' lang='lat' dir='ltr'><strong>de</strong></span> <span class='ocrx_word' id='word_1_588' title='bbox 505 4261 678 4318; x_wconf 86' lang='lat' dir='ltr'><strong>Normaonia</strong></span> <span class='ocrx_word' id='word_1_589' title='bbox 690 4263 831 4334; x_wconf 87' lang='lat' dir='ltr'><strong>exierunt,</strong></span> <span class='ocrx_word' id='word_1_590' title='bbox 846 4263 918 4320; x_wconf 89' lang='lat' dir='ltr'><strong>sicut</strong></span> <span class='ocrx_word' id='word_1_591' title='bbox 966 4284 1031 4324; x_wconf 91' lang='lat' dir='ltr'><strong>cnm</strong></span> <span class='ocrx_word' id='word_1_592' title='bbox 1044 4283 1119 4340; x_wconf 77' lang='lat' dir='ltr'><strong>serpe</strong></span> <span class='ocrx_word' id='word_1_593' title='bbox 1132 4267 1224 4323; x_wconf 89' lang='lat' dir='ltr'><strong>fuerat</strong></span> <span class='ocrx_word' id='word_1_594' title='bbox 1237 4266 1392 4323; x_wconf 78' lang='lat' dir='ltr'><strong>honorifice</strong></span> <span class='ocrx_word' id='word_1_595' title='bbox 1406 4269 1563 4338; x_wconf 90' lang='lat' dir='ltr'><strong>susceptus,</strong></span> <span class='ocrx_word' id='word_1_596' title='bbox 1578 4269 1607 4320; x_wconf 89' lang='lat' dir='ltr'><strong>et</strong></span> <span class='ocrx_word' id='word_1_597' title='bbox 1619 4281 1684 4320; x_wconf 92' lang='lat' dir='ltr'><strong>cum</strong></span> <span class='ocrx_word' id='word_1_598' title='bbox 1699 4263 1779 4321; x_wconf 92' lang='lat' dir='ltr'><strong>omni</strong></span> 
     </span>
     <span class='ocr_line' id='line_1_45' title="bbox 98 4353 1777 4432; baseline 0.004 -25"><span class='ocrx_word' id='word_1_599' title='bbox 98 4353 210 4424; x_wconf 87' lang='lat' dir='ltr'><strong>ridetis,</strong></span> <span class='ocrx_word' id='word_1_600' title='bbox 234 4353 264 4409; x_wconf 92' lang='lat' dir='ltr'><strong>in</strong></span> <span class='ocrx_word' id='word_1_601' title='bbox 287 4353 339 4408; x_wconf 90' lang='lat' dir='ltr'><strong>hac</strong></span> <span class='ocrx_word' id='word_1_602' title='bbox 360 4353 454 4425; x_wconf 90' lang='lat' dir='ltr'><strong>patria</strong></span> <span class='ocrx_word' id='word_1_603' title='bbox 477 4353 603 4410; x_wconf 79' lang='lat' dir='ltr'><strong>defuncti</strong></span> <span class='ocrx_word' id='word_1_604' title='bbox 626 4360 708 4425; x_wconf 80' lang='lat' dir='ltr'><strong>sunt3</strong></span> <span class='ocrx_word' id='word_1_605' title='bbox 733 4371 779 4411; x_wconf 91' lang='lat' dir='ltr'><strong>me</strong></span> <span class='ocrx_word' id='word_1_606' title='bbox 802 4373 916 4430; x_wconf 92' lang='lat' dir='ltr'><strong>quoque</strong></span> <span class='ocrx_word' id='word_1_607' title='bbox 966 4360 1073 4416; x_wconf 89' lang='lat' dir='ltr'><strong>familia</strong></span> <span class='ocrx_word' id='word_1_608' title='bbox 1091 4376 1142 4416; x_wconf 93' lang='lat' dir='ltr'><strong>sua</strong></span> <span class='ocrx_word' id='word_1_609' title='bbox 1161 4359 1349 4416; x_wconf 89' lang='lat' dir='ltr'><strong>amicabiliter</strong></span> <span class='ocrx_word' id='word_1_610' title='bbox 1370 4359 1493 4415; x_wconf 90' lang='lat' dir='ltr'><strong>habitus.</strong></span> <span class='ocrx_word' id='word_1_611' title='bbox 1513 4360 1576 4414; x_wconf 84' lang='lat' dir='ltr'><strong>Viso</strong></span> <span class='ocrx_word' id='word_1_612' title='bbox 1596 4358 1692 4432; x_wconf 90' lang='lat' dir='ltr'><strong>itaque</strong></span> <span class='ocrx_word' id='word_1_613' title='bbox 1713 4358 1777 4413; x_wconf 83' lang='lat' dir='ltr'><strong>Ful-</strong></span> 
     </span>
     <span class='ocr_line' id='line_1_46' title="bbox 98 4445 1778 4524; baseline 0.002 -22"><span class='ocrx_word' id='word_1_614' title='bbox 98 4445 192 4519; x_wconf 81' lang='lat' dir='ltr'><strong>graris</strong></span> <span class='ocrx_word' id='word_1_615' title='bbox 214 4446 332 4502; x_wconf 84' lang='lat' dir='ltr'><strong>morbus</strong></span> <span class='ocrx_word' id='word_1_616' title='bbox 354 4446 564 4515; x_wconf 80' lang='lat' dir='ltr'><strong>uunc&#39;inrasit,</strong></span> <span class='ocrx_word' id='word_1_617' title='bbox 588 4452 618 4504; x_wconf 91' lang='lat' dir='ltr'><strong>et</strong></span> <span class='ocrx_word' id='word_1_618' title='bbox 639 4448 676 4504; x_wconf 92' lang='lat' dir='ltr'><strong>ad</strong></span> <span class='ocrx_word' id='word_1_619' title='bbox 698 4448 799 4505; x_wconf 88' lang='lat' dir='ltr'><strong>ultima</strong></span> <span class='ocrx_word' id='word_1_620' title='bbox 823 4450 1038 4523; x_wconf 80' lang='lat' dir='ltr'><strong>impe-Deoua</strong></span> <span class='ocrx_word' id='word_1_621' title='bbox 1059 4454 1211 4524; x_wconf 90' lang='lat' dir='ltr'><strong>monacho,</strong></span> <span class='ocrx_word' id='word_1_622' title='bbox 1236 4452 1376 4508; x_wconf 86' lang='lat' dir='ltr'><strong>beneficia</strong></span> <span class='ocrx_word' id='word_1_623' title='bbox 1396 4452 1539 4508; x_wconf 88' lang='lat' dir='ltr'><strong>beneficiis</strong></span> <span class='ocrx_word' id='word_1_624' title='bbox 1561 4466 1778 4524; x_wconf 87' lang='lat' dir='ltr'><strong>recompensare</strong></span> 
     </span>
     <span class='ocr_line' id='line_1_47' title="bbox 98 4539 1778 4619; baseline 0.001 -23"><span class='ocrx_word' id='word_1_625' title='bbox 98 4539 206 4596; x_wconf 87' lang='lat' dir='ltr'><strong>tienter</strong></span> <span class='ocrx_word' id='word_1_626' title='bbox 231 4539 385 4612; x_wconf 88' lang='lat' dir='ltr'><strong>compellit.</strong></span> <span class='ocrx_word' id='word_1_627' title='bbox 412 4540 491 4596; x_wconf 87' lang='lat' dir='ltr'><strong>Nunc</strong></span> <span class='ocrx_word' id='word_1_628' title='bbox 518 4540 613 4614; x_wconf 88' lang='lat' dir='ltr'><strong>itaque</strong></span> <span class='ocrx_word' id='word_1_629' title='bbox 639 4541 704 4610; x_wconf 90' lang='lat' dir='ltr'><strong>tibi,</strong></span> <span class='ocrx_word' id='word_1_630' title='bbox 730 4543 914 4613; x_wconf 73' lang='lat' dir='ltr'><strong>anschetille,</strong></span> <span class='ocrx_word' id='word_1_631' title='bbox 967 4546 1066 4603; x_wconf 86' lang='lat' dir='ltr'><strong>voluit.</strong></span> <span class='ocrx_word' id='word_1_632' title='bbox 1080 4546 1132 4604; x_wconf 90' lang='lat' dir='ltr'><strong>Sed</strong></span> <span class='ocrx_word' id='word_1_633' title='bbox 1149 4545 1288 4619; x_wconf 87' lang='lat' dir='ltr'><strong>quiajam</strong></span> <span class='ocrx_word' id='word_1_634' title='bbox 1308 4546 1426 4618; x_wconf 91' lang='lat' dir='ltr'><strong>longum</strong></span> <span class='ocrx_word' id='word_1_635' title='bbox 1445 4550 1557 4617; x_wconf 89' lang='lat' dir='ltr'><strong>tempus</strong></span> <span class='ocrx_word' id='word_1_636' title='bbox 1574 4544 1733 4612; x_wconf 86' lang='lat' dir='ltr'><strong>effluxerat,</strong></span> <span class='ocrx_word' id='word_1_637' title='bbox 1748 4548 1778 4598; x_wconf 90' lang='lat' dir='ltr'><strong>et</strong></span> 
     </span>
     <span class='ocr_line' id='line_1_48' title="bbox 97 4633 1777 4712; baseline 0.002 -24"><span class='ocrx_word' id='word_1_638' title='bbox 97 4634 150 4688; x_wconf 87' lang='lat' dir='ltr'><strong>snb</strong></span> <span class='ocrx_word' id='word_1_639' title='bbox 170 4633 338 4689; x_wconf 88' lang='lat' dir='ltr'><strong>testimonio</strong></span> <span class='ocrx_word' id='word_1_640' title='bbox 354 4633 522 4689; x_wconf 78' lang='lat' dir='ltr'><strong>&#39;theodelini</strong></span> <span class='ocrx_word' id='word_1_641' title='bbox 541 4635 694 4706; x_wconf 88' lang='lat' dir='ltr'><strong>pecuniam</strong></span> <span class='ocrx_word' id='word_1_642' title='bbox 709 4651 796 4708; x_wconf 91' lang='lat' dir='ltr'><strong>quam</strong></span> <span class='ocrx_word' id='word_1_643' title='bbox 812 4652 914 4709; x_wconf 87' lang='lat' dir='ltr'><strong>procu·</strong></span> <span class='ocrx_word' id='word_1_644' title='bbox 965 4640 1154 4697; x_wconf 69' lang='lat' dir='ltr'><strong>anschetillus</strong></span> <span class='ocrx_word' id='word_1_645' title='bbox 1168 4656 1202 4695; x_wconf 89' lang='lat' dir='ltr'><strong>ea</strong></span> <span class='ocrx_word' id='word_1_646' title='bbox 1217 4656 1282 4712; x_wconf 79' lang='lat' dir='ltr'><strong>qne.</strong></span> <span class='ocrx_word' id='word_1_647' title='bbox 1296 4639 1448 4712; x_wconf 90' lang='lat' dir='ltr'><strong>repetebat</strong></span> <span class='ocrx_word' id='word_1_648' title='bbox 1461 4638 1629 4710; x_wconf 89' lang='lat' dir='ltr'><strong>insipienter</strong></span> <span class='ocrx_word' id='word_1_649' title='bbox 1641 4636 1777 4708; x_wconf 83' lang='lat' dir='ltr'><strong>deposue-</strong></span> 
     </span>
     <span class='ocr_line' id='line_1_49' title="bbox 99 4725 1778 4806; baseline 0.003 -25"><span class='ocrx_word' id='word_1_650' title='bbox 99 4726 157 4782; x_wconf 81' lang='lat' dir='ltr'><strong>rasi</strong></span> <span class='ocrx_word' id='word_1_651' title='bbox 172 4725 350 4782; x_wconf 88' lang='lat' dir='ltr'><strong>commendo</strong></span> <span class='ocrx_word' id='word_1_652' title='bbox 364 4729 398 4782; x_wconf 91' lang='lat' dir='ltr'><strong>ut</strong></span> <span class='ocrx_word' id='word_1_653' title='bbox 411 4742 475 4783; x_wconf 92' lang='lat' dir='ltr'><strong>eam</strong></span> <span class='ocrx_word' id='word_1_654' title='bbox 491 4727 553 4783; x_wconf 91' lang='lat' dir='ltr'><strong>sine</strong></span> <span class='ocrx_word' id='word_1_655' title='bbox 569 4728 669 4783; x_wconf 87' lang='lat' dir='ltr'><strong>fraude</strong></span> <span class='ocrx_word' id='word_1_656' title='bbox 683 4728 795 4785; x_wconf 89' lang='lat' dir='ltr'><strong>deferes</strong></span> <span class='ocrx_word' id='word_1_657' title='bbox 809 4729 916 4786; x_wconf 90' lang='lat' dir='ltr'><strong>domno</strong></span> <span class='ocrx_word' id='word_1_658' title='bbox 967 4737 1020 4803; x_wconf 93' lang='lat' dir='ltr'><strong>rat,</strong></span> <span class='ocrx_word' id='word_1_659' title='bbox 1039 4734 1085 4790; x_wconf 85' lang='lat' dir='ltr'><strong>rix</strong></span> <span class='ocrx_word' id='word_1_660' title='bbox 1106 4733 1198 4806; x_wconf 88' lang='lat' dir='ltr'><strong>potuit</strong></span> <span class='ocrx_word' id='word_1_661' title='bbox 1216 4748 1384 4806; x_wconf 89' lang='lat' dir='ltr'><strong>recuperare</strong></span> <span class='ocrx_word' id='word_1_662' title='bbox 1405 4748 1497 4806; x_wconf 88' lang='lat' dir='ltr'><strong>pauca</strong></span> <span class='ocrx_word' id='word_1_663' title='bbox 1517 4737 1545 4788; x_wconf 91' lang='lat' dir='ltr'><strong>et</strong></span> <span class='ocrx_word' id='word_1_664' title='bbox 1565 4730 1661 4787; x_wconf 87' lang='lat' dir='ltr'><strong>viliora</strong></span> <span class='ocrx_word' id='word_1_665' title='bbox 1679 4746 1713 4786; x_wconf 90' lang='lat' dir='ltr'><strong>ex</strong></span> <span class='ocrx_word' id='word_1_666' title='bbox 1733 4730 1778 4787; x_wconf 91' lang='lat' dir='ltr'><strong>his</strong></span> 
     </span>
     <span class='ocr_line' id='line_1_50' title="bbox 97 4819 1774 4901; baseline 0.002 -25"><span class='ocrx_word' id='word_1_667' title='bbox 97 4820 194 4876; x_wconf 85' lang='lat' dir='ltr'><strong>abbati</strong></span> <span class='ocrx_word' id='word_1_668' title='bbox 208 4819 383 4876; x_wconf 82' lang='lat' dir='ltr'><strong>Theoderico</strong></span> <span class='ocrx_word' id='word_1_669' title='bbox 401 4823 431 4876; x_wconf 89' lang='lat' dir='ltr'><strong>et</strong></span> <span class='ocrx_word' id='word_1_670' title='bbox 444 4820 581 4878; x_wconf 80' lang='lat' dir='ltr'><strong>lietberto</strong></span> <span class='ocrx_word' id='word_1_671' title='bbox 594 4822 692 4895; x_wconf 91' lang='lat' dir='ltr'><strong>nepoti</strong></span> <span class='ocrx_word' id='word_1_672' title='bbox 706 4839 782 4894; x_wconf 91' lang='lat' dir='ltr'><strong>meo,</strong></span> <span class='ocrx_word' id='word_1_673' title='bbox 797 4823 915 4896; x_wconf 88' lang='lat' dir='ltr'><strong>aliisque</strong></span> <span class='ocrx_word' id='word_1_674' title='bbox 964 4843 1030 4901; x_wconf 79' lang='lat' dir='ltr'><strong>que</strong></span> <span class='ocrx_word' id='word_1_675' title='bbox 1043 4828 1073 4883; x_wconf 90' lang='lat' dir='ltr'><strong>in</strong></span> <span class='ocrx_word' id='word_1_676' title='bbox 1088 4827 1189 4901; x_wconf 91' lang='lat' dir='ltr'><strong>apulia</strong></span> <span class='ocrx_word' id='word_1_677' title='bbox 1201 4828 1374 4898; x_wconf 88' lang='lat' dir='ltr'><strong>susceperat.</strong></span> <span class='ocrx_word' id='word_1_678' title='bbox 1389 4825 1516 4882; x_wconf 88' lang='lat' dir='ltr'><strong>Calicem</strong></span> <span class='ocrx_word' id='word_1_679' title='bbox 1531 4824 1714 4881; x_wconf 90' lang='lat' dir='ltr'><strong>solummodo</strong></span> <span class='ocrx_word' id='word_1_680' title='bbox 1730 4840 1774 4880; x_wconf 86' lang='lat' dir='ltr'><strong>ar·</strong></span> 
     </span>
     <span class='ocr_line' id='line_1_51' title="bbox 98 4912 1777 4993; baseline 0.002 -25"><span class='ocrx_word' id='word_1_681' title='bbox 98 4912 249 4970; x_wconf 89' lang='lat' dir='ltr'><strong>monachis</strong></span> <span class='ocrx_word' id='word_1_682' title='bbox 268 4912 364 4969; x_wconf 88' lang='lat' dir='ltr'><strong>Sancti</strong></span> <span class='ocrx_word' id='word_1_683' title='bbox 383 4912 499 4985; x_wconf 80' lang='lat' dir='ltr'><strong>Ebmlti,</strong></span> <span class='ocrx_word' id='word_1_684' title='bbox 515 4930 568 4987; x_wconf 87' lang='lat' dir='ltr'><strong>pm</strong></span> <span class='ocrx_word' id='word_1_685' title='bbox 585 4915 689 4989; x_wconf 87' lang='lat' dir='ltr'><strong>quibus</strong></span> <span class='ocrx_word' id='word_1_686' title='bbox 707 4931 783 4972; x_wconf 89' lang='lat' dir='ltr'><strong>nnnc</strong></span> <span class='ocrx_word' id='word_1_687' title='bbox 805 4918 912 4973; x_wconf 88' lang='lat' dir='ltr'><strong>exsulo.</strong></span> <span class='ocrx_word' id='word_1_688' title='bbox 964 4924 1103 4993; x_wconf 89' lang='lat' dir='ltr'><strong>genteum</strong></span> <span class='ocrx_word' id='word_1_689' title='bbox 1119 4925 1148 4978; x_wconf 95' lang='lat' dir='ltr'><strong>et</strong></span> <span class='ocrx_word' id='word_1_690' title='bbox 1160 4920 1230 4976; x_wconf 89' lang='lat' dir='ltr'><strong>duas</strong></span> <span class='ocrx_word' id='word_1_691' title='bbox 1245 4920 1365 4989; x_wconf 88' lang='lat' dir='ltr'><strong>casulas,</strong></span> <span class='ocrx_word' id='word_1_692' title='bbox 1380 4920 1552 4993; x_wconf 89' lang='lat' dir='ltr'><strong>dentemque</strong></span> <span class='ocrx_word' id='word_1_693' title='bbox 1569 4917 1729 4992; x_wconf 91' lang='lat' dir='ltr'><strong>elephantis</strong></span> <span class='ocrx_word' id='word_1_694' title='bbox 1748 4920 1777 4973; x_wconf 91' lang='lat' dir='ltr'><strong>et</strong></span> 
     </span>
     <span class='ocr_line' id='line_1_52' title="bbox 95 5005 1774 5088; baseline 0.004 -26"><span class='ocrx_word' id='word_1_695' title='bbox 95 5006 190 5062; x_wconf 92' lang='lat' dir='ltr'><strong>ambo</strong></span> <span class='ocrx_word' id='word_1_696' title='bbox 213 5005 312 5062; x_wconf 88' lang='lat' dir='ltr'><strong>Sancti</strong></span> <span class='ocrx_word' id='word_1_697' title='bbox 335 5006 442 5062; x_wconf 86' lang='lat' dir='ltr'><strong>Ehrulli</strong></span> <span class='ocrx_word' id='word_1_698' title='bbox 466 5007 598 5063; x_wconf 90' lang='lat' dir='ltr'><strong>homines</strong></span> <span class='ocrx_word' id='word_1_699' title='bbox 619 5008 695 5077; x_wconf 88' lang='lat' dir='ltr'><strong>estis,</strong></span> <span class='ocrx_word' id='word_1_700' title='bbox 719 5008 803 5083; x_wconf 89' lang='lat' dir='ltr'><strong>eique</strong></span> <span class='ocrx_word' id='word_1_701' title='bbox 827 5010 914 5066; x_wconf 82' lang='lat' dir='ltr'><strong>fidem</strong></span> <span class='ocrx_word' id='word_1_702' title='bbox 963 5015 1102 5088; x_wconf 87' lang='lat' dir='ltr'><strong>ungulam</strong></span> <span class='ocrx_word' id='word_1_703' title='bbox 1123 5014 1251 5087; x_wconf 77' lang='lat' dir='ltr'><strong>gryphis,</strong></span> <span class='ocrx_word' id='word_1_704' title='bbox 1267 5030 1332 5070; x_wconf 91' lang='lat' dir='ltr'><strong>cum</strong></span> <span class='ocrx_word' id='word_1_705' title='bbox 1352 5012 1414 5069; x_wconf 91' lang='lat' dir='ltr'><strong>aliis</strong></span> <span class='ocrx_word' id='word_1_706' title='bbox 1433 5012 1604 5086; x_wconf 89' lang='lat' dir='ltr'><strong>quibusdam</strong></span> <span class='ocrx_word' id='word_1_707' title='bbox 1623 5012 1707 5069; x_wconf 90' lang='lat' dir='ltr'><strong>rebus</strong></span> <span class='ocrx_word' id='word_1_708' title='bbox 1721 5010 1774 5068; x_wconf 88' lang='lat' dir='ltr'><strong>dif-</strong></span> 
     </span>
     <span class='ocr_line' id='line_1_53' title="bbox 95 5099 1777 5181; baseline 0.005 -26"><span class='ocrx_word' id='word_1_709' title='bbox 95 5115 211 5156; x_wconf 78' lang='lat' dir='ltr'><strong>servare</strong></span> <span class='ocrx_word' id='word_1_710' title='bbox 234 5099 356 5156; x_wconf 90' lang='lat' dir='ltr'><strong>debetis.</strong></span> <span class='ocrx_word' id='word_1_711' title='bbox 379 5099 441 5156; x_wconf 82' lang='lat' dir='ltr'><strong>lton</strong></span> <span class='ocrx_word' id='word_1_712' title='bbox 466 5117 515 5156; x_wconf 86' lang='lat' dir='ltr'><strong>ros</strong></span> <span class='ocrx_word' id='word_1_713' title='bbox 540 5100 597 5156; x_wconf 90' lang='lat' dir='ltr'><strong>ulla</strong></span> <span class='ocrx_word' id='word_1_714' title='bbox 620 5101 743 5174; x_wconf 89' lang='lat' dir='ltr'><strong>decipiat</strong></span> <span class='ocrx_word' id='word_1_715' title='bbox 762 5103 911 5176; x_wconf 89' lang='lat' dir='ltr'><strong>cupiditas.</strong></span> <span class='ocrx_word' id='word_1_716' title='bbox 964 5108 1074 5165; x_wconf 89' lang='lat' dir='ltr'><strong>tlculter</strong></span> <span class='ocrx_word' id='word_1_717' title='bbox 1092 5107 1195 5181; x_wconf 85' lang='lat' dir='ltr'><strong>exegit.</strong></span> <span class='ocrx_word' id='word_1_718' title='bbox 1214 5107 1319 5164; x_wconf 84' lang='lat' dir='ltr'><strong>Deinde</strong></span> <span class='ocrx_word' id='word_1_719' title='bbox 1340 5107 1485 5174; x_wconf 90' lang='lat' dir='ltr'><strong>monachi,</strong></span> <span class='ocrx_word' id='word_1_720' title='bbox 1505 5106 1686 5163; x_wconf 91' lang='lat' dir='ltr'><strong>consideratis</strong></span> <span class='ocrx_word' id='word_1_721' title='bbox 1702 5107 1777 5163; x_wconf 89' lang='lat' dir='ltr'><strong>frau-</strong></span> 
     </span>
     <span class='ocr_line' id='line_1_54' title="bbox 94 5193 1775 5274; baseline 0.004 -25"><span class='ocrx_word' id='word_1_722' title='bbox 94 5193 243 5265; x_wconf 82' lang='lat' dir='ltr'><strong>Sagaciter</strong></span> <span class='ocrx_word' id='word_1_723' title='bbox 264 5193 431 5266; x_wconf 90' lang='lat' dir='ltr'><strong>perpendite</strong></span> <span class='ocrx_word' id='word_1_724' title='bbox 450 5194 538 5267; x_wconf 92' lang='lat' dir='ltr'><strong>quod,</strong></span> <span class='ocrx_word' id='word_1_725' title='bbox 558 5195 701 5251; x_wconf 87' lang='lat' dir='ltr'><strong>defunctis</strong></span> <span class='ocrx_word' id='word_1_726' title='bbox 716 5197 849 5253; x_wconf 91' lang='lat' dir='ltr'><strong>omnihus</strong></span> <span class='ocrx_word' id='word_1_727' title='bbox 867 5215 911 5253; x_wconf 89' lang='lat' dir='ltr'><strong>so·</strong></span> <span class='ocrx_word' id='word_1_728' title='bbox 963 5201 1047 5258; x_wconf 91' lang='lat' dir='ltr'><strong>dibus</strong></span> <span class='ocrx_word' id='word_1_729' title='bbox 1059 5201 1235 5270; x_wconf 89' lang='lat' dir='ltr'><strong>anschetilli,</strong></span> <span class='ocrx_word' id='word_1_730' title='bbox 1251 5201 1400 5274; x_wconf 90' lang='lat' dir='ltr'><strong>injudicio</strong></span> <span class='ocrx_word' id='word_1_731' title='bbox 1414 5201 1445 5257; x_wconf 92' lang='lat' dir='ltr'><strong>in</strong></span> <span class='ocrx_word' id='word_1_732' title='bbox 1465 5200 1544 5257; x_wconf 89' lang='lat' dir='ltr'><strong>curia</strong></span> <span class='ocrx_word' id='word_1_733' title='bbox 1557 5201 1651 5258; x_wconf 89' lang='lat' dir='ltr'><strong>Sancti</strong></span> <span class='ocrx_word' id='word_1_734' title='bbox 1669 5199 1775 5255; x_wconf 88' lang='lat' dir='ltr'><strong>Ebrultl</strong></span> 
     </span>
     <span class='ocr_line' id='line_1_55' title="bbox 93 5285 1864 5375; baseline 0.003 -33"><span class='ocrx_word' id='word_1_735' title='bbox 93 5287 143 5342; x_wconf 88' lang='lat' dir='ltr'><strong>ciis</strong></span> <span class='ocrx_word' id='word_1_736' title='bbox 162 5286 278 5357; x_wconf 81' lang='lat' dir='ltr'><strong>restris,</strong></span> <span class='ocrx_word' id='word_1_737' title='bbox 299 5285 409 5344; x_wconf 90' lang='lat' dir='ltr'><strong>meritis</strong></span> <span class='ocrx_word' id='word_1_738' title='bbox 429 5289 519 5344; x_wconf 87' lang='lat' dir='ltr'><strong>sancti</strong></span> <span class='ocrx_word' id='word_1_739' title='bbox 541 5287 647 5344; x_wconf 83' lang='lat' dir='ltr'><strong>libmlfi</strong></span> <span class='ocrx_word' id='word_1_740' title='bbox 667 5305 716 5345; x_wconf 86' lang='lat' dir='ltr'><strong>vos</strong></span> <span class='ocrx_word' id='word_1_741' title='bbox 738 5290 792 5346; x_wconf 90' lang='lat' dir='ltr'><strong>soli</strong></span> <span class='ocrx_word' id='word_1_742' title='bbox 812 5308 912 5363; x_wconf 91' lang='lat' dir='ltr'><strong>super·</strong></span> <span class='ocrx_word' id='word_1_743' title='bbox 964 5312 1030 5351; x_wconf 90' lang='lat' dir='ltr'><strong>eum</strong></span> <span class='ocrx_word' id='word_1_744' title='bbox 1051 5298 1227 5366; x_wconf 87' lang='lat' dir='ltr'><strong>statuerunt;</strong></span> <span class='ocrx_word' id='word_1_745' title='bbox 1248 5295 1296 5351; x_wconf 89' lang='lat' dir='ltr'><strong>ubi</strong></span> <span class='ocrx_word' id='word_1_746' title='bbox 1317 5295 1477 5352; x_wconf 86' lang='lat' dir='ltr'><strong>ltichardus</strong></span> <span class='ocrx_word' id='word_1_747' title='bbox 1498 5296 1534 5350; x_wconf 93' lang='lat' dir='ltr'><strong>de</strong></span> <span class='ocrx_word' id='word_1_748' title='bbox 1554 5293 1683 5350; x_wconf 89' lang='lat' dir='ltr'><strong>abrincis</strong></span> <span class='ocrx_word' id='word_1_749' title='bbox 1702 5293 1776 5350; x_wconf 84' lang='lat' dir='ltr'><strong>filim</strong></span> <span class='ocrx_word' id='word_1_750' title='bbox 1861 5368 1864 5375; x_wconf 30' lang='grc' dir='ltr'>Ι</span> 
     </span>
     <span class='ocr_line' id='line_1_56' title="bbox 91 5379 1775 5462; baseline 0.005 -28"><span class='ocrx_word' id='word_1_751' title='bbox 91 5379 171 5437; x_wconf 82' lang='lat' dir='ltr'><strong>alites</strong></span> <span class='ocrx_word' id='word_1_752' title='bbox 194 5379 273 5448; x_wconf 87' lang='lat' dir='ltr'><strong>estis,</strong></span> <span class='ocrx_word' id='word_1_753' title='bbox 292 5379 420 5436; x_wconf 79' lang='lat' dir='ltr'><strong>fortassis</strong></span> <span class='ocrx_word' id='word_1_754' title='bbox 441 5385 473 5436; x_wconf 92' lang='lat' dir='ltr'><strong>ut</strong></span> <span class='ocrx_word' id='word_1_755' title='bbox 494 5381 520 5437; x_wconf 94' lang='lat' dir='ltr'><strong>ei</strong></span> <span class='ocrx_word' id='word_1_756' title='bbox 543 5380 596 5439; x_wconf 91' lang='lat' dir='ltr'><strong>hoc</strong></span> <span class='ocrx_word' id='word_1_757' title='bbox 619 5382 765 5439; x_wconf 81' lang='lat' dir='ltr'><strong>servitium</strong></span> <span class='ocrx_word' id='word_1_758' title='bbox 790 5384 912 5441; x_wconf 86' lang='lat' dir='ltr'><strong>fideliter</strong></span> <span class='ocrx_word' id='word_1_759' title='bbox 961 5388 1097 5460; x_wconf 72' lang='lat' dir='ltr'><strong>turstini,</strong></span> <span class='ocrx_word' id='word_1_760' title='bbox 1121 5389 1226 5462; x_wconf 90' lang='lat' dir='ltr'><strong>aliique</strong></span> <span class='ocrx_word' id='word_1_761' title='bbox 1254 5389 1337 5444; x_wconf 89' lang='lat' dir='ltr'><strong>multi</strong></span> <span class='ocrx_word' id='word_1_762' title='bbox 1365 5406 1496 5462; x_wconf 88' lang='lat' dir='ltr'><strong>pmceres</strong></span> <span class='ocrx_word' id='word_1_763' title='bbox 1520 5388 1555 5443; x_wconf 94' lang='lat' dir='ltr'><strong>ad</strong></span> <span class='ocrx_word' id='word_1_764' title='bbox 1580 5387 1775 5460; x_wconf 86' lang='lat' dir='ltr'><strong>adjuvandum</strong></span> 
     </span>
     <span class='ocr_line' id='line_1_57' title="bbox 90 5473 1775 5555; baseline 0.005 -26"><span class='ocrx_word' id='word_1_765' title='bbox 90 5473 266 5531; x_wconf 85' lang='lat' dir='ltr'><strong>exhibeatis.</strong></span> <span class='ocrx_word' id='word_1_766' title='bbox 282 5473 469 5542; x_wconf 82' lang='lat' dir='ltr'><strong>Uticensibus,</strong></span> <span class='ocrx_word' id='word_1_767' title='bbox 483 5491 553 5548; x_wconf 90' lang='lat' dir='ltr'><strong>quos</strong></span> <span class='ocrx_word' id='word_1_768' title='bbox 567 5475 597 5531; x_wconf 93' lang='lat' dir='ltr'><strong>in</strong></span> <span class='ocrx_word' id='word_1_769' title='bbox 612 5477 721 5533; x_wconf 85' lang='lat' dir='ltr'><strong>Christe</strong></span> <span class='ocrx_word' id='word_1_770' title='bbox 734 5478 806 5535; x_wconf 92' lang='lat' dir='ltr'><strong>sicut</strong></span> <span class='ocrx_word' id='word_1_771' title='bbox 819 5480 910 5552; x_wconf 89' lang='lat' dir='ltr'><strong>meip·</strong></span> <span class='ocrx_word' id='word_1_772' title='bbox 962 5498 1028 5538; x_wconf 91' lang='lat' dir='ltr'><strong>eum</strong></span> <span class='ocrx_word' id='word_1_773' title='bbox 1047 5482 1173 5539; x_wconf 89' lang='lat' dir='ltr'><strong>fuerunt.</strong></span> <span class='ocrx_word' id='word_1_774' title='bbox 1190 5483 1245 5539; x_wconf 91' lang='lat' dir='ltr'><strong>Sed</strong></span> <span class='ocrx_word' id='word_1_775' title='bbox 1265 5483 1412 5540; x_wconf 91' lang='lat' dir='ltr'><strong>monachis</strong></span> <span class='ocrx_word' id='word_1_776' title='bbox 1431 5482 1637 5539; x_wconf 89' lang='lat' dir='ltr'><strong>rationabiliter</strong></span> <span class='ocrx_word' id='word_1_777' title='bbox 1652 5498 1775 5555; x_wconf 89' lang='lat' dir='ltr'><strong>conque·</strong></span> 
     </span>
     <span class='ocr_line' id='line_1_58' title="bbox 90 5566 1775 5648; baseline 0.004 -26"><span class='ocrx_word' id='word_1_778' title='bbox 90 5585 154 5623; x_wconf 88' lang='lat' dir='ltr'><strong>sum</strong></span> <span class='ocrx_word' id='word_1_779' title='bbox 179 5566 280 5641; x_wconf 91' lang='lat' dir='ltr'><strong>dilige,</strong></span> <span class='ocrx_word' id='word_1_780' title='bbox 306 5584 341 5623; x_wconf 91' lang='lat' dir='ltr'><strong>ex</strong></span> <span class='ocrx_word' id='word_1_781' title='bbox 367 5572 448 5641; x_wconf 89' lang='lat' dir='ltr'><strong>parte</strong></span> <span class='ocrx_word' id='word_1_782' title='bbox 473 5585 537 5624; x_wconf 88' lang='lat' dir='ltr'><strong>mea</strong></span> <span class='ocrx_word' id='word_1_783' title='bbox 561 5568 694 5626; x_wconf 93' lang='lat' dir='ltr'><strong>ultimum</strong></span> <span class='ocrx_word' id='word_1_784' title='bbox 719 5572 781 5627; x_wconf 87' lang='lat' dir='ltr'><strong>vale</strong></span> <span class='ocrx_word' id='word_1_785' title='bbox 807 5571 909 5639; x_wconf 85' lang='lat' dir='ltr'><strong>dicite3</strong></span> <span class='ocrx_word' id='word_1_786' title='bbox 962 5575 1541 5648; x_wconf 87' lang='lat' dir='ltr'><strong>rentibus,justojndiciodeterminatum</strong></span> <span class='ocrx_word' id='word_1_787' title='bbox 1557 5578 1644 5631; x_wconf 88' lang='lat' dir='ltr'><strong>estut</strong></span> <span class='ocrx_word' id='word_1_788' title='bbox 1659 5590 1775 5630; x_wconf 93' lang='lat' dir='ltr'><strong>omnem</strong></span> 
     </span>
     <span class='ocr_line' id='line_1_59' title="bbox 89 5660 1869 5743; baseline 0.004 -27"><span class='ocrx_word' id='word_1_789' title='bbox 89 5667 118 5716; x_wconf 88' lang='lat' dir='ltr'><strong>et</strong></span> <span class='ocrx_word' id='word_1_790' title='bbox 133 5665 164 5716; x_wconf 93' lang='lat' dir='ltr'><strong>ut</strong></span> <span class='ocrx_word' id='word_1_791' title='bbox 178 5677 231 5734; x_wconf 93' lang='lat' dir='ltr'><strong>pro</strong></span> <span class='ocrx_word' id='word_1_792' title='bbox 245 5677 291 5717; x_wconf 90' lang='lat' dir='ltr'><strong>me</strong></span> <span class='ocrx_word' id='word_1_793' title='bbox 304 5660 532 5735; x_wconf 88' lang='lat' dir='ltr'><strong>omnipotentem</strong></span> <span class='ocrx_word' id='word_1_794' title='bbox 546 5663 698 5720; x_wconf 91' lang='lat' dir='ltr'><strong>Dominum</strong></span> <span class='ocrx_word' id='word_1_795' title='bbox 711 5665 834 5721; x_wconf 86' lang='lat' dir='ltr'><strong>fideliter</strong></span> <span class='ocrx_word' id='word_1_796' title='bbox 848 5684 911 5722; x_wconf 85' lang='lat' dir='ltr'><strong>ero·</strong></span> <span class='ocrx_word' id='word_1_797' title='bbox 961 5668 1088 5739; x_wconf 88' lang='lat' dir='ltr'><strong>feudum,</strong></span> <span class='ocrx_word' id='word_1_798' title='bbox 1113 5686 1201 5743; x_wconf 88' lang='lat' dir='ltr'><strong>quem</strong></span> <span class='ocrx_word' id='word_1_799' title='bbox 1226 5670 1285 5743; x_wconf 90' lang='lat' dir='ltr'><strong>ipse</strong></span> <span class='ocrx_word' id='word_1_800' title='bbox 1315 5671 1351 5725; x_wconf 91' lang='lat' dir='ltr'><strong>de</strong></span> <span class='ocrx_word' id='word_1_801' title='bbox 1379 5670 1481 5725; x_wconf 90' lang='lat' dir='ltr'><strong>Sancto</strong></span> <span class='ocrx_word' id='word_1_802' title='bbox 1508 5668 1623 5725; x_wconf 87' lang='lat' dir='ltr'><strong>Ebrulfo</strong></span> <span class='ocrx_word' id='word_1_803' title='bbox 1647 5668 1774 5735; x_wconf 87' lang='lat' dir='ltr'><strong>tenebat,</strong></span> <span class='ocrx_word' id='word_1_804' title='bbox 1861 5734 1869 5743; x_wconf 21' lang='grc' dir='ltr'><strong>ᾖ</strong></span> 
     </span>
    </p>
   </div>
   <div class='ocr_carea' id='block_1_3' title="bbox 89 5754 1798 5842">
    <p class='ocr_par' dir='ltr' id='par_1_3' title="bbox 89 5754 1798 5842">
     <span class='ocr_line' id='line_1_60' title="bbox 89 5754 1798 5842; baseline 0.002 -30"><span class='ocrx_word' id='word_1_805' title='bbox 89 5760 170 5826; x_wconf 89' lang='lat' dir='ltr'><strong>rent,</strong></span> <span class='ocrx_word' id='word_1_806' title='bbox 192 5754 356 5830; x_wconf 86' lang='lat' dir='ltr'><strong>suppliciter</strong></span> <span class='ocrx_word' id='word_1_807' title='bbox 375 5757 511 5831; x_wconf 87' lang='lat' dir='ltr'><strong>rogitate.</strong></span> <span class='ocrx_word' id='word_1_808' title='bbox 527 5779 540 5808; x_wconf 74' lang='lat' dir='ltr'><strong>a</strong></span> <span class='ocrx_word' id='word_1_809' title='bbox 556 5759 621 5815; x_wconf 83' lang='lat' dir='ltr'><strong>llaec</strong></span> <span class='ocrx_word' id='word_1_810' title='bbox 641 5760 669 5815; x_wconf 91' lang='lat' dir='ltr'><strong>et</strong></span> <span class='ocrx_word' id='word_1_811' title='bbox 687 5758 744 5815; x_wconf 87' lang='lat' dir='ltr'><strong>alia</strong></span> <span class='ocrx_word' id='word_1_812' title='bbox 763 5759 853 5817; x_wconf 86' lang='lat' dir='ltr'><strong>multa</strong></span> <span class='ocrx_word' id='word_1_813' title='bbox 868 5759 911 5818; x_wconf 92' lang='lat' dir='ltr'><strong>di·</strong></span> <span class='ocrx_word' id='word_1_814' title='bbox 961 5761 1114 5824; x_wconf 84' lang='lat' dir='ltr'><strong>omitteret.</strong></span> <span class='ocrx_word' id='word_1_815' title='bbox 1135 5763 1277 5842; x_wconf 77' lang='lat' dir='ltr'><strong>faudem,</strong></span> <span class='ocrx_word' id='word_1_816' title='bbox 1298 5764 1489 5826; x_wconf 74' lang='lat' dir='ltr'><strong>suadentibus</strong></span> <span class='ocrx_word' id='word_1_817' title='bbox 1508 5762 1798 5836; x_wconf 56' lang='lat' dir='ltr'><strong>amicissimusque</strong></span> 
     </span>
    </p>
   </div>
   <div class='ocr_carea' id='block_1_4' title="bbox 0 0 1880 6046">
    <p class='ocr_par' dir='ltr' id='par_1_4' title="bbox 0 0 1880 6046">
     <span class='ocr_line' id='line_1_61' title="bbox 0 0 1880 6046; baseline 0 7"><span class='ocrx_word' id='word_1_818' title='bbox 0 0 1880 6046; x_wconf 95' lang='lat' dir='ltr'><strong> </strong></span> 
     </span>
    </p>
   </div>
  </div>
 </body>
</html>
