3750 6046
39 171 43 185 '
153 206 204 296 sse
846 209 1010 267 causarer
1029 206 1160 265 urinis
1776 216 1826 272 aaa

182 339 321 409 Tempore
334 337 425 392 Alexii
440 336 632 408 imperatoris,
646 335 728 392 Turoi
749 335 853 407 aliique
872 353 961 408 paga·
973 338 1099 425 APorro
1113 335 1247 390 barenses
1260 349 1324 390 cum
1338 335 1428 391 tribus
1442 335 1599 405 monachis,
1614 336 1664 409 qui
1680 337 1717 393 ad
1730 341 1824 395 custo-

146 448 252 487 norum
264 431 362 502 populi
377 431 488 487 rabiem
500 447 581 486 suam
601 446 733 486 exercere
750 430 876 485 volentes
892 430 962 485 lines
1013 429 1130 484 diandas
1154 428 1290 500 reliquias
1314 428 1406 485 relicti
1432 433 1523 497 eraut,
1549 430 1628 501 qnasi
1652 435 1826 488 attentantes

147 541 214 582 suos
226 525 366 592 exierunt,
377 526 490 597 [leoque
504 526 700 597 permittente,
713 523 823 595 Lysiam
837 522 962 595 aliasque
1012 522 1136 593 colloqui
1150 527 1298 595 coeperunt
1314 540 1320 577 :
1339 545 1352 572 o
1372 524 1506 579 Volumus
1528 523 1594 578 hinc
1612 527 1746 581 sanctum
1769 542 1828 582 cor·

67 608 75 625 ⁶
146 621 279 691 regiones
302 619 528 676 Christianorum
555 618 717 691 depopulati
738 623 806 672 sunt
831 617 962 672 ecclesias
1011 632 1064 687 pus
1082 614 1193 683 tollere,
1217 621 1401 688 nostramque
1421 617 1456 671 ad
1477 616 1595 688 patriam
1615 622 1825 690 transportare.

146 721 264 787 propter
288 715 403 786 peccata
433 713 598 770 Christiana
630 710 718 783 plebis
750 711 960 779 destruxerunt,
1011 710 1069 764 llac
1087 709 1165 764 enirn
1186 725 1238 781 pro
1261 725 1343 765 causa
1361 711 1489 765 Romano
1507 710 1584 765 missi
1597 727 1613 765 a
1626 711 1762 782 pontifice
1777 730 1824 769 ve·

147 825 245 865 cruces
261 816 290 864 et
300 808 444 880 imagines
457 805 560 863 Christi
578 811 662 877 atque
681 805 844 860 sanctuaria
863 804 961 859 multis
1011 802 1117 870 nimus,
1137 802 1227 858 tribus
1248 803 1355 859 advecti
1373 803 1501 859 navibus.
1516 803 1543 860 Si
1560 804 1723 862 consentire
1742 807 1825 863 nobis

146 902 241 959 modis
256 900 405 968 violarunt,
422 903 451 956 et
468 898 573 955 multas
592 898 677 953 urbes
695 914 760 953 cnm
778 897 884 953 civibus
903 896 961 952 suis
1010 895 1063 951 hoc
1077 896 1229 965 volueritis,
1246 895 1377 951 dabimus
1397 897 1474 952 vobis
1494 898 1528 953 de
1549 914 1720 972 unaquaque
1735 903 1825 975 puppi

147 995 279 1051 inccndio
296 993 483 1050 tradiderunt.
504 990 548 1048 Sic
567 1008 618 1064 per
636 992 739 1047 multos
754 1006 845 1047 annos
859 990 959 1047 dehac·
1009 992 1125 1045 centurn
1138 1005 1240 1044 aureos
1254 989 1394 1045 solidos.»

55 1090 60 1097 ’
147 1089 222 1145 chati
252 1090 328 1155 sunt,
354 1089 384 1141 et
413 1086 579 1142 innumeras
603 1091 713 1158 strages
733 1084 960 1141 Christianorum
1044 1082 1197 1139 audientes
1215 1083 1385 1138 autemhaec
1402 1084 1547 1154 monachi,
1562 1085 1655 1141 statim
1671 1088 1823 1158 stupefacti

145 1186 328 1255 peregerunt.
1009 1181 1038 1233 et
1056 1176 1152 1249 pavidi
1169 1176 1303 1232 dixerunt
1321 1193 1328 1231 :
1350 1197 1363 1226 u
1381 1177 1508 1242 Qualiter
1522 1178 1576 1233 hoc
1591 1178 1733 1236 audemus
1752 1181 1824 1237 inci·

179 1276 273 1346 ldyrea
289 1274 396 1346 itaque,
418 1272 583 1345 metropolis
607 1272 709 1345 Lycia,
728 1274 883 1329 lurcorum
906 1271 957 1326 do·
1007 1286 1091 1342 pere,
1111 1287 1175 1325 curn
1201 1271 1296 1326 nullus
1319 1271 1446 1326 mortalis
1466 1272 1605 1327 hactenus
1625 1273 1679 1329 hoc
1702 1275 1824 1331 voluerit

142 1367 234 1424 minio
249 1368 363 1423 subacta
377 1373 428 1436 est,
444 1365 621 1439 propriisque
637 1365 754 1437 civibus,
769 1365 892 1438 peccatis
909 1381 956 1421 eo·
1006 1362 1125 1435 impunc
1143 1364 1272 1419 teneret
1291 1363 1360 1428 Quis
1378 1365 1545 1420 temerarius
1563 1364 1634 1421 tanti
1655 1368 1823 1423 commercii

142 1480 208 1519 rum
221 1461 410 1533 exigentibus,
425 1466 558 1516 evacuata
571 1462 623 1515 est.
638 1462 774 1516 barenses
786 1465 893 1529 autem,
907 1459 957 1531 qui
1007 1472 1066 1512 esse
1087 1456 1193 1528 poterit
1217 1459 1330 1529 emptor
1351 1458 1394 1512 vel
1415 1458 1565 1528 venditori
1583 1459 1653 1524 Ques
1674 1465 1736 1515 tarn
1756 1477 1823 1532 pre·

141 1556 232 1612 trihus
247 1572 313 1611 cum
326 1554 445 1610 navibus
457 1552 644 1620 Antiochiam,
659 1552 766 1625 negotii
780 1569 875 1622 causa,
891 1569 957 1625 pro·
1006 1549 1077 1605 tiosa
1093 1566 1137 1605 res
1152 1553 1181 1604 et
1197 1549 1372 1605 admirabilis
1393 1552 1473 1606 tanto
1492 1551 1624 1607 thesauro
1643 1554 1823 1626 comparabi-

141 1649 226 1706 flcisci
248 1649 456 1720 disposuerunt,
473 1650 503 1701 ut
519 1647 644 1718 llyreum
662 1647 790 1702 laetantes
806 1646 842 1701 ad
856 1651 952 1702 tento·
1007 1645 1073 1698 tur?
1093 1644 1122 1699 Si
1143 1643 1255 1699 bomini
1277 1648 1418 1699 terrarum
1437 1661 1495 1700 uon
1514 1646 1674 1715 temerarie,
1696 1647 1746 1702 scd
1761 1664 1824 1719 prc-

140 1744 217 1799 rium
236 1747 423 1811 accesserunt,
446 1741 631 1812 peregrinum
651 1740 804 1812 quemdam
825 1741 860 1795 ad
882 1739 953 1795 basi·
964 1719 992 1791 Β
1005 1736 1084 1793 cibus
1102 1739 1130 1791 et
1142 1736 1398 1808 supplicationibus
1413 1738 1489 1792 istud
1503 1755 1560 1794 non
1581 1739 1714 1796 inchoare
1732 1744 1822 1796 tenta-

140 1836 226 1892 licam
245 1835 322 1890 Beati
343 1833 458 1901 Nicolai,
482 1850 546 1906 quaa
564 1834 594 1887 in
611 1837 701 1888 castro
721 1835 773 1902 est,
789 1833 950 1905 exploratu·
1003 1833 1116 1899 verunt,
1135 1829 1256 1902 qualiter
1273 1847 1323 1886 vos
1343 1831 1473 1886 valebitis
1492 1833 1626 1903 operari?
1646 1833 1735 1890 Sinite
1752 1850 1821 1906 ergo

140 1945 206 1986 rum
231 1928 442 2000 praemiserunt,
465 1928 514 1999 qui
536 1926 649 1982 rediens
669 1926 773 1981 multos
797 1928 953 1982 Turcorum
1003 1924 1127 1998 amplius
1140 1928 1252 1979 tantum
1269 1924 1348 1979 nefas
1367 1926 1512 1997 prosequi,
1528 1926 1593 1999 quia
1611 1926 1715 1983 divina
1735 1928 1822 1999 placi·

140 2021 311 2079 renuntiarit
324 2020 433 2088 adesso,
450 2025 479 2076 et
493 2021 528 2076 ad
543 2020 693 2091 exsequias
709 2019 844 2091 principis
856 2020 950 2090 castri,
1003 2020 1064 2073 tum
1078 2020 1191 2073 nonest
1204 2017 1355 2088 majestati.
1367 2017 1474 2075 Tamen
1487 2019 1615 2091 probate,
1626 2037 1690 2077 ecce
1703 2022 1793 2079 locus.
1806 2044 1819 2073 u

140 2116 190 2189 qui
205 2116 352 2171 defunctus
369 2114 476 2169 ibidem
489 2113 610 2184 jacebat,
626 2112 801 2168 convenisse.
818 2114 878 2179 Quo
899 2130 951 2167 au·
1003 2113 1060 2167 lloc
1073 2111 1208 2178 dicentes,
1223 2127 1281 2167 non
1297 2127 1380 2183 posse
1396 2112 1458 2168 fieri
1473 2113 1613 2184 putabant
1625 2116 1703 2186 quod
1716 2116 1759 2172 illi
1771 2133 1820 2173 vo-

140 2209 210 2277 dito,
232 2209 367 2263 barenses
391 2206 508 2262 carbasa
531 2207 729 2278 expanderunt
748 2206 835 2274 illico,
854 2222 952 2262 versus
1002 2205 1110 2261 lebant.
1124 2205 1194 2259 Nam
1206 2204 1266 2259 fere
1278 2220 1308 2259 cc
1326 2204 1522 2277 olympiadum
1542 2207 1682 2263 curricula
1696 2212 1819 2266 transie-

137 2301 315 2358 Antiochiam
342 2317 440 2372 proras
464 2300 569 2356 ratium
593 2300 773 2368 direxerunt,
799 2300 951 2372 paucisque
1002 2303 1077 2368 rant,
1089 2315 1124 2354 ex
1133 2314 1191 2370 quo
1204 2297 1302 2352 beatus
1315 2298 1455 2368 Nicolaus,
1467 2300 1517 2371 qui
1530 2300 1559 2355 in
1572 2301 1686 2358 Nicaena
1699 2305 1819 2375 synodo,

140 2395 239 2452 diebus
257 2394 382 2450 secundo
401 2410 484 2449 cursu
502 2394 609 2465 llyram
628 2394 770 2450 adierunt.
791 2394 833 2449 lbi
852 2410 952 2450 narem
1003 2393 1055 2447 sub
1074 2392 1157 2447 beato
1173 2391 1306 2447 Silvestre
1324 2408 1406 2463 papa,
1428 2395 1457 2447 et
1475 2392 1657 2450 Constantino
1677 2397 1818 2469 principe,

139 2490 340 2544 veneticorum
364 2487 543 2555 invenerunt,
567 2488 651 2542 etde
675 2487 814 2559 pluribus,
837 2491 869 2542 ut
890 2504 952 2542 mos
1002 2486 1074 2541 facta
1090 2485 1175 2540 fuisse
1190 2485 1306 2556 legitur,
1322 2484 1358 2540 do
1377 2486 1486 2542 mundo
1504 2487 1646 2558 migrarit,
1667 2490 1819 2563 nullusque

139 2588 191 2651 est,
215 2585 316 2637 mutuo
335 2581 513 2651 percunctari
533 2585 688 2651 coeperunt.
709 2582 797 2636 Erant
818 2581 896 2636 enim
917 2581 952 2637 de
1002 2578 1037 2634 de
1051 2578 1176 2650 reliquiis
1190 2578 1251 2649 ejus
1265 2578 1308 2633 vel
1322 2579 1428 2634 occulte
1440 2579 1541 2649 furari,
1555 2581 1599 2635 vel
1612 2582 1765 2638 manifeste
1779 2585 1818 2639 vi·

138 2675 307 2731 barensibus
321 2673 440 2745 quidam
451 2672 591 2729 Veneticis
602 2673 663 2728 noti
677 2678 705 2728 et
719 2673 811 2741 amici,
828 2673 878 2744 qui
896 2690 951 2729 coe·
1003 2672 1080 2728 ribus
1094 2687 1202 2743 rapere,
1217 2672 1260 2726 vel
1272 2688 1289 2726 a
1299 2672 1421 2726 llomino
1434 2673 1566 2744 precibus
1579 2674 1667 2729 valuit
1680 2676 1818 2733 hactenus

137 2773 244 2841 perurit
263 2768 298 2821 de
319 2782 438 2837 corpore
457 2768 555 2821 sancto
578 2764 742 2821 alternatim
766 2765 949 2821 confabulari.
1001 2765 1168 2837 impetrare.
1189 2764 1326 2820 Bareuses
1340 2781 1407 2820 vero
1424 2766 1574 2837 pavebant,
1591 2769 1658 2840 quia
1678 2769 1709 2825 iu
1728 2773 1820 2826 extra·

138 2861 264 2917 Venetici
287 2864 383 2915 autern
404 2859 480 2930 quod
502 2858 611 2914 dudum
627 2865 817 2931 conceperant
834 2859 948 2929 animis,
1001 2875 1056 2914 neo
1076 2859 1136 2913 loco
1157 2859 1240 2930 pauci
1260 2858 1337 2914 inter
1355 2859 1459 2914 multos
1479 2865 1570 2932 erant,
1587 2867 1617 2917 et
1630 2863 1670 2917 sol
1687 2863 1725 2919 ad
1741 2881 1820 2920 occa·

138 2970 196 3010 uon
219 2953 421 3008 dubitaverunt
443 2952 528 3006 edere
548 2952 650 3007 verbis.
670 2952 748 3006 Palos
765 2968 879 3024 quoque
897 2952 951 3008 fer·
1001 2968 1064 3007 snrn
1087 2951 1236 3023 vergebat,
1263 2951 1430 3024 reditusque
1454 2953 1489 3008 ad
1518 2971 1605 3010 naves
1632 2956 1819 3014 formidabilis

138 3063 201 3103 reos
214 3050 243 3101 et
255 3045 372 3100 malleos
387 3061 416 3101 se
429 3045 534 3101 habere
547 3051 723 3118 praeparatos
740 3046 949 3117 confessisunt,
1002 3050 1071 3101 erat.
1091 3045 1147 3101 Sed
1164 3045 1205 3113 hi,
1227 3044 1360 3100 divinitus
1375 3046 1535 3116 confortati,
1553 3048 1648 3119 primo
1664 3052 1818 3108 monachos

140 3139 251 3212 etquis
273 3141 384 3194 tentare
405 3137 543 3193 deberent
562 3139 715 3194 consilium
732 3138 875 3209 habitum,
895 3140 952 3195 illic
1001 3138 1259 3211 comprehendunt,
1272 3142 1423 3210 tentosque
1435 3141 1553 3196 solerter
1565 3143 1740 3200 costodiunt.
1753 3145 1820 3216 Spe-

137 3233 280 3305 prandere
294 3248 353 3287 nou
372 3230 553 3286 distulerunt.
567 3232 648 3297 Quod
661 3249 727 3287 cum
739 3231 885 3289 audissent
898 3234 951 3289 Ba·
1001 3233 1139 3288 culalores
1161 3247 1274 3303 quoquc
1301 3232 1410 3287 cautius
1433 3240 1595 3304 exponunt,
1617 3236 1668 3307 qui
1692 3238 1819 3311 undique

137 3325 205 3395 riui,
225 3324 261 3380 ad
281 3325 334 3378 hoc
353 3322 549 3397 incipiendum
572 3330 600 3379 ot
619 3323 824 3396 perficiendum
847 3326 950 3397 majori
1000 3324 1145 3381 venientes
1160 3324 1346 3396 prospiciunt,
1361 3332 1388 3380 ct
1404 3327 1459 3398 ipsi
1478 3327 1544 3383 hinc
1559 3335 1588 3384 et
1601 3329 1668 3386 inde
1686 3347 1752 3386 cum
1773 3348 1819 3388 ar·

138 3417 279 3474 desiderio
300 3421 366 3474 sunt
385 3417 506 3484 accensi,
522 3433 579 3471 non
599 3422 657 3472 tarn
677 3417 719 3473 sui
739 3434 791 3489 pro
813 3419 905 3490 gloria
924 3422 953 3474 et
1001 3418 1056 3474 mis
1069 3417 1149 3473 divisi
1161 3434 1214 3489 per
1231 3418 1360 3473 tramites
1378 3423 1464 3475 stant.
1478 3422 1618 3478 Audacter
1635 3423 1734 3496 itaque
1755 3442 1820 3497 pro·

138 3511 255 3580 honore,
280 3509 423 3583 totiusque
446 3511 547 3582 patrive
569 3511 777 3582 magnitudine,
792 3529 877 3584 quarn
901 3528 951 3584 pro
1000 3511 1112 3567 bissimi
1122 3512 1241 3582 juvenes
1256 3527 1290 3567 xe
1303 3518 1332 3567 et
1345 3529 1373 3567 ιν
1385 3512 1453 3569 foris
1465 3514 1499 3568 ad
1519 3515 1712 3572 resistendum
1727 3519 1819 3590 parati

138 3606 197 3661 tam
224 3602 451 3659 excellentissimi
475 3603 644 3659 confessoris
668 3620 774 3661 amore.
802 3605 952 3677 Negotium
1001 3607 1088 3675 stant,
1100 3609 1129 3659 et
1142 3604 1199 3660 duo
1212 3604 1384 3677 presbyteri,
1399 3607 1493 3679 Lupus
1507 3611 1537 3662 et
1549 3608 1739 3682 Grimoaldus‚
1753 3629 1819 3669 cum

136 3698 235 3771 igitur,
249 3697 284 3753 ob
303 3697 380 3770 qnod
393 3697 576 3753 Antiochiam
596 3698 697 3768 ierant,
713 3698 909 3770 expleverunt,
923 3702 952 3754 et
1001 3698 1098 3770 paucis
1112 3698 1174 3753 aliis
1187 3698 1217 3753 in
1233 3698 1350 3754 ecclesia
1363 3716 1428 3771 quae
1448 3700 1561 3773 agenda
1574 3708 1640 3758 sunt
1652 3712 1818 3775 procurant,

48 3838 51 3843 .
136 3790 204 3846 inde
225 3792 405 3862 quantocius,
425 3790 547 3846 docente
567 3792 634 3859 beo,
651 3795 860 3848 remeaverunt.
879 3794 951 3849 Cum
1002 3797 1030 3847 et
1056 3808 1164 3864 preces,
1188 3808 1251 3864 quaa
1273 3791 1391 3847 Litaniae
1411 3796 1565 3864 vocantur,
1592 3796 1741 3853 inchoant.
1764 3799 1820 3855 Sed

137 3899 203 3940 vero
221 3899 356 3954 prospere
374 3884 501 3953 Myrense
522 3884 558 3938 ad
577 3885 657 3939 littus
677 3885 950 3957 appropinquarent,
1001 3884 1092 3941 nimio
1108 3885 1209 3940 timore
1222 3886 1355 3957 correpti,
1374 3886 1450 3958 quod
1465 3887 1641 3958 inchoarant,
1655 3891 1760 3948 clarius
1773 3909 1820 3949 ex·

134 3976 252 4048 jamque
270 3976 396 4046 apriore
418 3976 583 4030 deficientes
602 3976 715 4044 ardore,
735 3979 810 4032 ultra
830 3978 951 4033 transire
1001 3978 1125 4050 primere
1141 3994 1200 4034 non
1212 3983 1356 4050 poteraut.

138 4069 252 4137 vellent,
268 4068 428 4139 imperante
444 4069 510 4137 beo,
526 4069 685 4124 contrarius
700 4075 829 4127 ventosa
844 4070 952 4127 boreali
1037 4074 1147 4128 luterea
1164 4072 1320 4141 ldatthaeus,
1339 4089 1412 4128 uirus
1434 4090 1467 4129 ex
1485 4074 1589 4144 nautis,
1607 4077 1736 4134 ferreum
1750 4079 1820 4135 viri·

137 4166 218 4234 parte
240 4161 371 4227 surrexit,
400 4165 558 4233 nautasque
583 4162 708 4229 barinos,
734 4168 830 4219 austro
856 4165 951 4235 quies·
1001 4164 1067 4221 liter
1089 4164 1222 4221 malleum
1245 4165 1380 4237 arripuit,
1406 4183 1601 4223 marmoreum
1621 4171 1820 4242 pavimentum

138 4257 230 4321 conte,
246 4253 286 4308 ibi
305 4253 444 4309 remorari
464 4255 566 4326 coegit.
589 4255 769 4312 Voluntatem
788 4256 885 4328 itaque
904 4258 952 4313 bei
1001 4258 1139 4332 percussit
1152 4257 1287 4328 etfregit,
1302 4258 1354 4314 suh
1370 4276 1427 4331 quo
1442 4267 1615 4318 crementum
1627 4265 1750 4336 reperit;
1763 4284 1820 4339 quo

137 4347 346 4418 intelligentes,
379 4363 462 4402 arma
494 4348 630 4403 continuo
661 4349 950 4420 comprehenderunt,
1003 4349 1143 4406 diminuto
1157 4355 1185 4406 et
1197 4350 1300 4422 ejecto,
1313 4367 1393 4406 urnae
1408 4352 1526 4408 dorsum
1539 4370 1712 4413 marmorea
1725 4359 1820 4415 statim

136 4456 298 4513 paucosque
312 4440 362 4512 qui
376 4446 450 4495 rates
462 4440 579 4496 interim
594 4441 778 4512 custodirent,
792 4443 850 4498 acie
865 4444 948 4514 facta,
962 4443 1143 4522 Dapparuit.
1158 4444 1227 4498 llinc
1247 4461 1315 4517 ergo
1330 4450 1424 4501 exorta
1442 4446 1549 4518 latitia,
1566 4449 1657 4521 magis
1668 4452 1819 4526 magisque

137 4534 313 4606 relinquunt,
330 4539 358 4589 et
374 4533 476 4605 reliqui
488 4534 593 4590 muniti
609 4539 637 4590 et
652 4535 772 4607 providi,
793 4537 868 4592 velut
885 4537 952 4593 hos·
1003 4537 1146 4607 infodere,
1169 4542 1350 4610 veteremque
1371 4539 1537 4611 juncturam
1559 4543 1636 4599 calce
1658 4545 1820 4618 colbgatam

137 4627 213 4682 tibus
237 4626 394 4696 obviarent,
418 4626 557 4682 festinant
581 4629 617 4683 ad
643 4629 791 4684 ecclesiam
814 4630 864 4698 irc,
887 4647 953 4702 quae
1003 4630 1131 4704 quadam
1152 4648 1216 4687 cum
1237 4631 1340 4687 asciola
1364 4649 1498 4705 rumpere
1520 4651 1552 4690 ac
1579 4637 1727 4710 dissipare,
1745 4640 1820 4713 frag-

137 4720 223 4792 longe
237 4721 316 4792 quasi
327 4720 418 4792 spatio
435 4721 520 4775 trium
533 4720 733 4777 milliariorum
747 4727 807 4779 erat
818 4740 834 4778 a
847 4723 951 4779 littore.
1003 4733 1156 4796 mentoque
1169 4741 1226 4780 nou
1242 4725 1390 4781 tardabant
1403 4726 1514 4798 ejicere.
1534 4728 1641 4794 Quibus
1659 4731 1759 4802 ejectis
1776 4734 1819 4789 fo·

136 4813 263 4885 Denique
277 4815 431 4869 claustrum
445 4814 576 4870 'ecclesia
591 4814 750 4884 introeunt,
770 4832 851 4871 arma
868 4816 952 4889 dopo
1003 4817 1051 4885 ris,
1067 4817 1181 4889 piloque
1195 4818 1316 4886 detecta,
1331 4823 1386 4874 cta
1399 4822 1581 4891 praecedente
1592 4823 1698 4895 juvene
1713 4826 1818 4883 malleo

136 4911 220 4977 nunt,
239 4908 389 4980 aedemque
407 4911 537 4964 sanctam
555 4908 703 4963 humiliter
723 4907 855 4977 subcunt,
875 4926 953 4965 sanc·
1001 4927 1147 4984 percussa,
1171 4927 1286 4983 unoque
1305 4912 1336 4966 in
1354 4912 1442 4968 latere
1457 4914 1554 4983 fracta,
1576 4915 1819 4988 fragrantissimus

136 5005 255 5072 tumque
275 5002 427 5072 praesulem
447 5002 577 5074 flagitare
600 5006 744 5073 satagunt.
768 5002 866 5058 Finitis
886 5021 953 5060 vero
1004 5005 1075 5060 odor
1095 5004 1171 5074 exiit,
1186 5005 1234 5076 qui
1253 5005 1324 5060 mira
1348 5021 1396 5060 eos
1417 5008 1466 5079 qui
1489 5008 1608 5066 aderant
1630 5011 1819 5071 delectatione

137 5093 316 5165 singulorum
332 5095 471 5165 precibus,
485 5099 633 5168 coeperunt
649 5096 753 5152 aedituo
772 5097 952 5169 percunctari
1002 5097 1147 5152 suavitatis
1162 5097 1298 5169 implevit.
1314 5100 1402 5155 Porro
1420 5101 1554 5173 praefatus
1569 5103 1683 5175 juvenis
1697 5122 1819 5163 manum

135 5187 185 5242 ubi
205 5187 313 5257 jaceret
335 5204 436 5260 corpus
458 5189 547 5244 sancti
565 5188 681 5246 Nicolai.
699 5189 752 5255 Qui
773 5206 838 5246 mox
856 5191 952 5247 locum
1001 5191 1094 5260 misit,
1117 5190 1295 5264 nimiumque
1315 5192 1459 5265 liquorem
1479 5195 1579 5253 adesse
1598 5198 1695 5270 primo
1716 5202 1818 5271 sensit,

137 5278 307 5348 ostendunt,
326 5285 355 5336 et
375 5280 410 5335 de
431 5279 542 5352 liquore
564 5287 660 5338 sancto
678 5284 877 5354 extrahentes,
896 5284 952 5340 illis
1003 5300 1060 5357 quo
1075 5300 1145 5339 urna
1158 5283 1271 5354 eadem,
1282 5302 1347 5359 qne
1360 5303 1420 5343 nou
1433 5304 1530 5360 parva,
1542 5290 1717 5364 plenaquasi
1730 5311 1818 5368 usque

136 5373 278 5428 tribuunt.
293 5373 371 5427 Tunc
390 5373 495 5444 Lupus,
512 5375 641 5430 barensis
660 5376 817 5449 presbyter,
834 5376 869 5433 de
889 5377 951 5435 oleo
1001 5378 1037 5434 ad
1055 5378 1181 5434 inedium
1199 5377 1352 5436 videbatur
1370 5397 1443 5437 esse.
1464 5381 1572 5439 Deinde
1597 5384 1745 5443 dexteram
1767 5389 1820 5444 im-

137 5470 234 5521 sancto
247 5465 277 5520 in
288 5465 378 5522 vitrea
389 5466 516 5538 ampulla
529 5469 662 5541 suscepit,
678 5470 825 5543 ipsamque
839 5471 870 5526 in
882 5471 950 5542 alto,
1001 5471 1111 5541 mersit,
1117 5471 1416 5547 pretiosissimumque
1424 5475 1697 5550 thesaurum,quem
1706 5497 1819 5539 summo

139 5563 171 5613 ut
190 5557 229 5612 ihi
246 5559 336 5615 tutius
352 5566 524 5628 servaretur,
543 5567 638 5633 ponrt;
653 5580 717 5636 que
733 5579 811 5635 casn,
824 5564 893 5620 dum
912 5565 951 5621 lu·
1002 5563 1143 5621 desiderio
1157 5566 1317 5638 querebat,
1329 5566 1450 5637 invenit,
1459 5569 1648 5643 celeriterque
1657 5573 1818 5647 impavidus

138 5656 304 5724 querentur.
320 5654 516 5725 pavimentum
532 5670 618 5727 super
631 5672 824 5714 marmoreum
838 5658 950 5728 cecidit,
1001 5659 1150 5715 extrahere
1170 5659 1264 5732 coepit.
1284 5660 1412 5734 benique
1432 5678 1486 5734 pro
1503 5664 1595 5737 capita
1607 5667 1766 5738 querendo
1779 5675 1819 5726 to

135 5746 183 5803 sed
196 5746 286 5803 illusa
296 5763 355 5804 uon
369 5746 430 5804 siue
441 5747 632 5808 admiratione
642 5750 771 5809 omnium
781 5751 950 5825 permansit.
1001 5752 1089 5812 tasin
1103 5751 1318 5814 multitudinem
1330 5754 1449 5830 liquoris
1463 5756 1590 5830 intrarit,
1606 5760 1635 5817 ot
1650 5758 1772 5835 podibus
1784 5770 1818 5821 ac'
