3750 6046
42 152 46 157 ’
153 176 223 235 vsvs
840 178 980 235 soniam
999 177 1033 232 vv
1052 177 1148 234 aava
1780 181 1842 235 isso

34 267 38 273 .
481 302 636 360 Cllllllvlll.
980 300 1186 390 Anopolitano
1199 300 1337 356 duntaxat
1350 300 1480 373 imperio,
1495 301 1670 370 constitutis,
1685 300 1720 356 in
1740 300 1843 373 quibus

35 432 46 456 t
152 405 342 462 Adeumdem.
357 436 390 447 -
405 407 439 462 Ut
452 405 688 477 Constantinopoli
700 410 726 461 ct
738 408 768 461 in
780 407 843 462 atita
857 406 968 461 urbibus
1020 395 1116 450 Veneti
1131 394 1227 466 plures
1241 394 1349 449 habent
1368 395 1512 464 ecclesias,
1528 394 1574 450 ubi
1592 395 1732 450 videlicet
1746 412 1842 451 comm

187 486 295 554 imperii
312 483 376 553 GP,
390 487 420 539 in
434 486 530 554 quibus
547 488 639 542 Veneti
652 487 747 557 plures
765 486 866 542 babent
886 487 967 541 eccls-
1018 488 1172 543 multitudo
1189 489 1336 544 consuevit
1353 488 1465 544 assidue
1483 489 1647 559 convenire,
1664 488 1755 544 liceat
1767 489 1843 545 robis

185 565 251 627 31118)
263 566 396 634 611130ψο3
410 564 849 636 Wdl'llartwfflnitlt‘tt'0l10351‘i·
1017 582 1185 654 episcopum
1200 582 1346 651 ordinare,
1366 585 1396 637 et
1415 583 1521 655 absque
1538 583 1662 655 alicujus
1682 584 1843 639 contradic·

407 657 558 728 (Laterani,
571 660 638 714 ¹¹¹ss-
655 658 709 728 ¹³=l
1016 675 1094 730 tione
1112 691 1218 731 munus
1232 676 1256 731 ei
1272 677 1492 731 consecrationis
1507 677 1688 748 impendere.
1707 679 1745 733 Ut
1759 676 1845 747 igitur

263 778 266 783 ’
355 748 459 822 [ffldsb
478 752 593 815 (ν’θηΰῑῑυ
615 751 669 807 ⁰⁰1·
691 751 764 826 824·]
1016 769 1078 824 haec
1091 772 1187 824 nostra
1203 770 1345 824 concessio
1360 769 1505 842 perpetuis
1521 770 1706 841 temporibus
1723 770 1843 826 inviola-

185 866 322 920 Aasvarvcs
341 862 498 935 episcopus,
516 878 611 918 servus
631 879 779 918 servorum
798 863 859 934 Dei,
879 879 964 920 rene·
1015 861 1113 917 biliter
1127 863 1302 932 observetur,
1318 879 1381 918 eam
1395 863 1569 919 auctoritatis
1583 868 1694 919 nostras
1709 864 1843 935 praesidio

149 956 232 1012 rabili
249 957 330 1012 tratri
344 957 464 1013 llssnrco
479 956 658 1027 patriarchae,
675 957 795 1013 salutem
811 961 839 1013 et
854 960 965 1029 aposto·
1015 955 1193 1023 roboramus,
1212 962 1240 1011 et
1254 957 1404 1028 prasentia
1419 956 1515 1028 scripti
1531 957 1697 1028 patrocinio
1713 974 1841 1013 ceramu-

148 1051 231 1106 licam
246 1049 488 1106 benedictionem.
1014 1049 1120 1104 nimus.
1137 1050 1295 1106 statuentes
1314 1054 1344 1105 ut
1363 1050 1434 1104 nulli
1451 1050 1568 1105 omnino
1588 1051 1750 1106 hominurn
1766 1052 1842 1107 liceat

184 1147 260 1200 lnter
277 1145 372 1200 omnia
386 1144 449 1200 ciali
466 1144 568 1214 sidera,
583 1160 647 1217 quse
662 1144 698 1200 ad
716 1144 850 1201 decorem
865 1145 965 1201 mundi
1014 1142 1088 1198 hanc
1102 1143 1237 1214 paginam
1251 1150 1354 1199 nostrae
1367 1143 1557 1199 concessionis
1571 1148 1601 1199 et
1614 1145 1841 1201 confirmationis

149 1242 178 1295 et
191 1239 433 1307 usushominum‚
448 1239 477 1293 in
493 1237 631 1310 principio
647 1239 788 1312 sapientia
801 1239 896 1294 divina
911 1239 964 1295 for·
1014 1234 1181 1308 infringere,
1202 1240 1257 1293 etc.
1277 1237 1307 1292 Si
1327 1238 1392 1308 quis
1413 1237 1510 1309 igitur,
1529 1244 1584 1294 etc.
1603 1239 1727 1295 Cunctis
1748 1243 1840 1295 autem

147 1333 246 1403 mavit,
265 1332 354 1388 solem
372 1332 462 1387 voluit
480 1332 606 1387 claritate
626 1331 740 1388 luminis
758 1333 963 1404 praeeminer03
1014 1330 1200 1399 servantibus,
1218 1334 1273 1385 etc.
1291 1334 1390 1398 tmen,
1407 1347 1500 1401 amen,
1514 1349 1611 1387 amen.

120 1419 122 1423 ’
148 1428 229 1499 cujus
245 1432 322 1482 ortus
336 1429 365 1482 et
382 1425 458 1480 diem
475 1429 559 1481 terroe
572 1425 748 1495 infunderet,
764 1429 793 1480 et
811 1427 901 1482 noctis
922 1433 963 1483 te·
1050 1424 1108 1494 Ego
1124 1423 1261 1478 Adrianus
1274 1424 1418 1479 catholicae
1435 1425 1564 1480 Ecclesia
1577 1426 1749 1498 episcopus.

147 1521 250 1576 nebras
260 1520 448 1592 propulsaret.
460 1519 637 1575 Conveniens
649 1536 773 1592 namque
784 1520 878 1575 luerat
888 1519 964 1591 quod
1049 1518 1109 1589 Ego
1122 1518 1240 1572 l'marus
1252 1518 1427 1573 Tusculanus
1441 1519 1602 1590 episeopus.

147 1631 182 1670 co
209 1613 391 1686 prestantior
413 1613 522 1669 caeteris
548 1613 688 1669 sideribus
713 1613 881 1682 haberetur;
906 1630 963 1686 quo
1049 1611 1108 1682 Ego
1123 1611 1252 1667 Cintbius
1270 1613 1432 1667 Portuensis
1447 1618 1475 1667 et
1487 1615 1514 1668 S.
1528 1612 1642 1669 Rufinae
1658 1614 1756 1686 episc.

146 1708 308 1782 specialiter
330 1707 359 1762 in
379 1707 441 1779 ipso
462 1706 644 1762 formationis
662 1707 790 1776 exordio,
813 1713 843 1762 ut
862 1703 1001 1779 singu-B
1048 1707 1106 1776 Ego
1117 1705 1206 1760 Guido
1220 1706 1313 1776 presb.
1327 1705 1478 1761 cardinalis
1493 1707 1519 1762 S.
1537 1707 1737 1778 Chrysogoni.

145 1803 244 1858 lariter
258 1806 393 1874 praeesset
406 1800 472 1868 diei,
486 1801 521 1856 de
536 1802 651 1873 superni
668 1818 787 1857 munere
800 1801 961 1857 Conditoris
1049 1800 1109 1870 Ego
1122 1799 1247 1855 Ubaldus
1262 1800 1357 1870 presb.
1373 1800 1450 1856 card.
1465 1802 1509 1855 tit.
1523 1800 1551 1856 S.
1565 1801 1720 1857 Praaedis.

145 1895 261 1968 accepit.
277 1895 321 1951 Sic
334 1894 470 1950 nimirum
484 1894 660 1966 Redemptor
674 1899 781 1964 noster,
797 1911 862 1949 cum
875 1895 962 1950 eccle·
1047 1893 1107 1962 Ego
1119 1891 1281 1948 ldanlredus
1296 1894 1389 1965 presb.
1403 1894 1480 1949 card.
1495 1894 1523 1950 S.
1537 1894 1664 1950 Sabina.

29 1980 36 1985 ’
144 1990 200 2045 sias
220 1988 306 2044 veluti
328 1988 465 2044 micantes
488 1988 583 2044 stellas
605 1988 634 2043 in
657 1988 769 2043 diversa
791 1988 890 2043 mundi
912 1988 959 2043 cli·
1048 1988 1106 2056 Ego
1126 1987 1217 2042 lulius
1232 1987 1326 2058 presb.
1342 1987 1419 2042 card.
1435 1987 1477 2043 tit.
1495 1987 1526 2043 S.
1542 1988 1681 2044 ldarcelli.

145 2089 223 2139 mala
247 2083 331 2138 latius
352 2086 548 2154 propagasset,
571 2084 779 2137 sacrosanctam
802 2083 961 2137 Romanam
1046 2081 1105 2151 Ego
1119 2080 1243 2136 Ubaldus
1256 2081 1349 2152 presb.
1365 2081 1441 2136 eard.
1456 2081 1499 2136 tit.
1518 2080 1546 2137 S.
1560 2082 1663 2138 Crucis
1677 2082 1710 2138 in
1727 2083 1836 2139 Jerusa-

144 2177 308 2246 Ecclesiam,
332 2176 413 2247 quus
436 2177 466 2230 B.
491 2179 590 2232 Petrus
612 2177 805 2247 apostolorum
827 2176 961 2248 princeps
1013 2173 1082 2229 lem.

144 2271 253 2327 exstitit
279 2270 464 2342 gubernator,
490 2275 627 2342 tanquam
654 2269 833 2341 splendidum
858 2272 959 2341 solem,
1047 2270 1105 2340 Ego
1122 2267 1293 2323 Octavianus
1307 2268 1400 2340 presb.
1415 2269 1492 2325 card.
1508 2270 1552 2326 tit.
1568 2272 1599 2327 S.
1616 2271 1759 2329 Caeciliae.

144 2365 275 2421 omnibus
295 2379 452 2436 superesse,
466 2368 494 2420 et
512 2364 639 2435 singulas
654 2364 681 2419 ei
702 2364 843 2431 ecelesias,
863 2369 960 2436 utpote
1046 2363 1105 2433 Ego
1123 2365 1247 2418 loannes
1267 2362 1360 2434 presb.
1377 2365 1454 2419 card.
1474 2363 1522 2420 SS.
1536 2366 1620 2420 toan.
1641 2373 1671 2420 st
1691 2368 1775 2422 Pauli
1795 2368 1834 2423 tit.

142 2459 283 2528 membra,
299 2474 351 2513 suo
366 2458 452 2529 capiti
467 2457 565 2513 statuit
582 2457 738 2529 subjacere.
755 2457 834 2522 Quod
854 2474 887 2513 er
905 2457 960 2513 illis
1009 2456 1197 2512 Pammaebii.

143 2552 236 2609 verbis
252 2551 428 2607 manifestius
447 2551 619 2618 declaratur,
635 2550 737 2623 quibus
756 2552 887 2607 eamdem
908 2553 958 2606 Pe·
1045 2551 1105 2621 Ego
1126 2551 1251 2606 loannes
1275 2549 1371 2622 presb.
1398 2551 1475 2607 card.
1499 2551 1543 2607 tit.
1567 2552 1622 2609 SS.
1647 2554 1788 2626 sylvestri
1809 2560 1834 2610 el

142 2651 220 2704 trum
240 2651 282 2702 est
303 2645 442 2700 Dominus
461 2645 599 2699 allocutus
620 2660 626 2699 :
647 2646 679 2703 sa·
698 2645 792 2715 diligis
811 2661 861 2709 me,
878 2660 960 2716 posce
1010 2642 1134 2698 llarlini.

143 2757 202 2798 oves
219 2755 291 2796 meas
311 2742 412 2809 (lurra,
436 2738 502 2808 ιιι).
525 2740 558 2793 Et
580 2737 648 2792 alibi
669 2755 676 2792 :
697 2741 737 2794 Tu
758 2754 785 2794 es
808 2740 911 2802 Pctus,
935 2744 960 2795 et
1045 2738 1103 2809 Ego
1118 2738 1198 2793 Oddo
1211 2737 1283 2793 diac.
1298 2739 1375 2793 card.
1389 2741 1416 2795 S.
1431 2739 1546 2811 Georgii
1558 2740 1598 2795 ad
1611 2742 1718 2798 Velum
1732 2747 1800 2799 Aur.

141 2850 224 2906 super
235 2836 305 2889 barac
315 2839 422 2904 petrum
435 2832 570 2902 edificabo
583 2832 727 2887 Ecclesiam
740 2848 825 2901 meam
835 2832 957 2904 (nterea,
1044 2832 1102 2902 Ego
1118 2831 1207 2887 Guido
1223 2831 1298 2887 diac.
1312 2831 1391 2887 card.
1404 2834 1433 2888 S.
1446 2832 1540 2888 llariae
1557 2833 1590 2889 in
1604 2837 1731 2907 aquiro.

143 2929 207 3000 ιιι).
228 2929 310 2983 Petra
329 2942 393 2981 vero
414 2942 501 2996 supra
518 2941 605 2997 quam
624 2925 729 2997 legitur
749 2941 809 2981 esse
827 2925 957 2993 fundata,
1043 2927 1101 2996 Ego
1123 2925 1294 2996 Hyacinthus
1311 2925 1384 2981 diac.
1401 2926 1478 2981 card.
1496 2926 1523 2982 S.
1544 2926 1643 2984 tdariae
1666 2929 1699 2985 in
1721 2932 1829 2988 Casme-

142 3022 234 3078 nullas
248 3021 382 3075 scissuras
397 3019 507 3090 recipit,
519 3019 609 3073 nullas
622 3019 729 3090 patitur
741 3020 889 3075 sectiones.
903 3021 957 3074 lloc
1008 3018 1068 3073 din.

142 3116 220 3171 idem
236 3131 333 3170 rursus
351 3112 771 3180 demonstratur,cumdicitur
787 3130 793 3168 :
811 3076 995 3181 porcean-C
1044 3114 1143 3168 llatum
1170 3113 1312 3183 Laterani,
1339 3129 1389 3184 per
1416 3130 1535 3169 manum
1565 3116 1706 3187 Rolandi,
1731 3126 1828 3175 sancta

142 3225 194 3282 que
208 3210 333 3280 tuereris
350 3210 558 3278 superterram,
577 3211 629 3261 erit
648 3207 762 3276 ligatam
780 3211 806 3263 et
824 3210 852 3262 in
871 3209 957 3276 calm
1008 3206 1145 3262 Romanae
1165 3207 1294 3263 Ecclesia
1312 3208 1408 3279 presb.
1427 3206 1505 3264 card.
1522 3214 1551 3264 et
1569 3212 1748 3281 cancellarii,
1762 3213 1827 3269 ldib.

142 3310 169 3360 et
185 3303 362 3375 emuanqae
379 3302 584 3371 soluerissupcr
602 3305 712 3361 terram.
729 3303 781 3356 erit
799 3302 958 3359 solutumst
1008 3316 1033 3369 v,
1063 3302 1170 3356 lncarn.
1202 3300 1312 3356 llomin.
1342 3317 1417 3356 anno
1449 3305 1530 3371 rtsr,
1560 3305 1668 3374 pontif.
1700 3323 1767 3363 vero
1798 3307 1827 3361 ll.

142 3400 173 3454 tn
186 3399 258 3453 culis
272 3395 372 3468 (ibid).
388 3394 444 3466 Ipsi
464 3410 579 3466 quoque
597 3399 625 3450 et
643 3395 768 3467 proprias
783 3394 912 3465 tirnritas,
930 3403 959 3453 et
1008 3393 1122 3449 Adriani
1146 3411 1226 3467 papae
1248 3396 1279 3449 lll
1296 3412 1373 3451 anno
1394 3411 1435 3452 ru.

142 3491 208 3547 lldei
218 3491 320 3546 alienae
334 3488 513 3544 confirmatio
529 3487 597 3542 data
610 3493 661 3558 est,
673 3489 787 3560 quando
799 3505 814 3543 a
825 3490 958 3562 magistro
1350 3520 1481 3577 CXXXIX·

142 3586 241 3641 audire
257 3582 382 3639 meruit:
398 3585 453 3652 Ego
464 3597 516 3653 pro
536 3588 560 3637 te
577 3584 680 3652 rogaui,
695 3584 782 3646 Patre,
797 3588 828 3639 ut
843 3599 897 3640 aon
911 3585 957 3640 de·
1008 3623 1148 3693 Episcopis
1184 3624 1249 3678 dum.
1280 3624 1380 3694 populo
1408 3625 1583 3681 venetiarum
1607 3629 1762 3685 mmm
1816 3661 1826 3672 ι

141 3681 215 3751 petiit
232 3679 297 3749 puer
317 3683 379 3744 tuor
397 3681 421 3732 et
440 3679 470 3732 tu
490 3677 641 3745 aliquande
661 3691 810 3745 conuersus,
831 3680 959 3748 confirma
1046 3664 1193 3758 mmm
1215 3664 1377 3760 &baem
1400 3706 1580 3761 commendat·
1603 3709 1728 3765 Num,
1750 3646 1827 3765 aa,

140 3776 243 3844 tratres
257 3778 316 3827 taos
330 3772 415 3843 ibae,
430 3768 511 3840 ιιιι).
525 3769 588 3824 lstis
600 3769 699 3841 itaque
719 3775 747 3825 et
763 3771 825 3825 aliis
838 3772 957 3827 rationi·
1044 3783 1078 3837 ab
1099 3783 1294 3854 prcpppssfflpo
1311 3784 1452 3839 ruderum
1465 3789 1633 3856 promissam
1652 3789 1826 3846 ,gemm

141 3867 195 3923 bus
214 3870 311 3921 saneta
331 3869 359 3920 et
373 3862 527 3936 apostolica
544 3863 675 3932 Ecclesia,
689 3878 754 3934 quas
774 3864 877 3919 coelcsti
896 3866 957 3938 pri·
1044 3878 1108 3918 esse.

144 3959 247 4032 vilegio
268 3958 343 4013 inter
361 3957 431 4011 alias
447 3955 555 4011 obtinet
573 3955 776 4028 principatum,
794 3961 904 4013 tantam
923 3959 958 4013 ab
1255 3941 1409 4012 (Laterani,
1432 3945 1496 4000 11111·
1523 3945 1579 4018 13.)

143 4055 204 4127 ipso
217 4053 309 4124 capite
323 4050 442 4106 Domino
453 4052 517 4105 lesu
530 4048 639 4106 Christo
652 4051 870 4122 prerogativam
883 4069 959 4108 accc·
1294 4047 1387 4118 [lbid.,
1401 4047 1452 4103 eal.
1466 4047 1540 4121 aas]

142 4147 196 4220 pit,
221 4150 250 4200 ut
273 4144 470 4200 auctoritatem
496 4143 597 4199 habeat
623 4143 797 4215 singularem
820 4146 958 4202 universis
1043 4158 1184 4213 Annianus
1201 4156 1359 4230 episcopus,
1379 4175 1476 4214 servus
1494 4176 1646 4218 servorum
1667 4164 1730 4232 ltei,
1746 4182 1825 4222 renc-

142 4257 196 4314 per
216 4239 316 4303 orbem
337 4241 478 4293 [8111111111]
502 4237 625 4292 ecelesiis
647 4239 825 4309 PFOVidessdb
849 4243 878 4295 θῑ
900 4240 957 4296 dis·
1009 4249 1144 4304 rabilibus
1159 4250 1294 4306 iratribus
1311 4251 1449 4324 episcopis
1467 4259 1495 4308 et
1510 4252 1622 4310 dilectis
1636 4257 1715 4329 liliis,
1728 4262 1824 4332 mchs·

143 4340 218 4392 creta
234 4334 264 4388 in
283 4333 323 4388 eis
340 4331 567 4387 consideratione
585 4334 717 4402 statuere,
736 4349 801 4404 quae
815 4335 959 4405 cognoscit
1009 4343 1059 4399 tati
1074 4344 1160 4410 ducis,
1177 4352 1205 4399 et
1224 4345 1353 4401 universo
1373 4349 1477 4418 populo
1490 4349 1695 4423 venetiarum,
1712 4354 1826 4410 saluum

142 4427 303 4488 statuenda.
328 4425 414 4482 Nobis
436 4425 525 4496 igitur
549 4425 608 4496 qui,
631 4426 697 4480 licet
721 4426 1236 4519 insufficientibnsDetapostolicam
1251 4438 1490 4496 benedictionem.

143 4523 270 4591 meritis,
302 4523 375 4576 vices
405 4520 599 4592 apostolarum
632 4519 769 4591 principis
798 4521 829 4575 in
861 4529 960 4579 sancta
1044 4532 1244 4587 venerabilem
1258 4532 1375 4588 tratrem
1392 4540 1521 4590 nostram
1537 4536 1695 4596 llenricnm
1708 4542 1828 4598 Graden-

142 4616 266 4675 Ecclesia
297 4615 471 4686 suscepimus
504 4613 716 4684 exsequendas,
748 4614 959 4685 providendum
1009 4640 1071 4679 sera
1085 4625 1285 4697 patriarcham,
1301 4626 1374 4681 sicut
1387 4643 1463 4699 cirin,
1479 4644 1567 4701 quem
1581 4647 1652 4687 vera
1668 4634 1699 4688 in
1714 4636 1828 4691 [lamine

141 4711 277 4767 imminet
288 4709 425 4765 attentius
438 4711 466 4762 ct
478 4707 633 4779 agendum,
649 4711 680 4762 ut
691 4707 849 4763 secandum
865 4711 959 4766 unius·
1008 4717 1157 4774 allectione
1177 4719 1333 4792 diligimus,
1351 4723 1380 4776 et
1397 4721 1515 4778 sincera
1533 4724 1688 4782 charitatis
1709 4729 1828 4785 brachiis

140 4805 279 4878 cujusquo
298 4802 469 4876 dignitatem
491 4805 520 4856 el
540 4802 645 4856 statum
667 4800 799 4857 Ecclesiae
819 4802 957 4860 1101101θί
1008 4813 1217 4885 amplectimur,
1234 4814 1270 4869 ad
1288 4815 1383 4870 sedem
1398 4817 1582 4889 apostolicam
1597 4821 1768 4879 venientem
1787 4840 1827 4893 es,

140 4899 252 4956 debitus
266 4896 459 4969 impendatur,
476 4899 504 4949 et
522 4910 587 4949 cum
605 4895 696 4950 salute
713 4896 809 4967 populi
824 4897 957 4954 iratribus
1008 4923 1065 4980 qua
1084 4906 1182 4962 decuit
1201 4908 1377 4981 benignitate
1400 4910 1571 4983 recepimus,
1593 4917 1623 4967 et
1646 4914 1788 4973 honorem
1805 4917 1828 4973 ei

139 4998 243 5053 nostris
265 4995 379 5069 provida
401 4993 591 5049 sollicitudine
613 4993 765 5050 deferatur.
788 4996 844 5050 llac
867 4997 956 5069 siqui-
1008 4999 1135 5057 debitum
1145 5000 1456 5075 impendentes,ipsum
1466 5004 1496 5059 in
1508 5007 1755 5077 postulationibus
1765 5011 1825 5078 suis,

139 5092 204 5148 dem
230 5088 468 5157 consideratione,
492 5087 658 5142 venerabilis
679 5088 708 5143 in
733 5089 843 5145 Christo
869 5091 958 5147 frater
1007 5097 1070 5150 tum
1084 5111 1135 5167 pro
1148 5112 1205 5151 suu
1219 5097 1368 5154 honestate
1382 5114 1415 5153 ac
1429 5098 1572 5171 probitate
1582 5116 1729 5173 personae,
1741 5109 1771 5160 ct
1782 5121 1827 5178 pra

139 5185 259 5242 ilenricc
279 5183 451 5257 patriarcha,
470 5182 600 5238 inclinati
616 5182 702 5254 justis
720 5184 956 5257 postulationibus
1006 5189 1159 5245 commisso
1178 5190 1232 5245 sibi
1247 5191 1396 5263 dignitatis
1413 5192 1517 5262 olllcio,
1537 5198 1599 5250 tum
1620 5213 1675 5268 pro
1697 5215 1733 5255 eo
1754 5200 1826 5274 quod

138 5278 194 5335 tuis
215 5285 327 5352 gratum
347 5276 535 5350 impartimur
555 5293 701 5333 assensum
708 5294 717 5348 ;
736 5281 766 5333 et
787 5282 846 5334 tam
869 5280 956 5336 devo·
1006 5299 1056 5339 vos
1069 5285 1098 5338 et
1111 5283 1253 5341 civitatem
1268 5289 1402 5357 vestram,
1417 5287 1489 5344 sicut
1506 5286 1825 5350 nobilemctfamosam

138 5372 208 5429 tioni
226 5376 293 5442 tuae,
311 5388 398 5445 quam
414 5371 515 5427 honori
536 5376 565 5428 et
583 5372 700 5428 utilitati
720 5372 842 5429 Graden.
859 5374 954 5430 Eccle·
1007 5376 1164 5449 diligimus,
1187 5386 1216 5434 et
1239 5379 1416 5437 intendimus
1436 5380 1583 5438 honorare
1607 5385 1716 5458 quibus
1740 5387 1827 5444 modis

137 5467 197 5536 siae,
212 5467 269 5537 cui,
282 5467 342 5523 lieo
356 5471 484 5538 auctare,
500 5481 622 5539 praesse
642 5465 828 5539 dignosceris,
842 5466 955 5525 deterre
1006 5472 1164 5529 secundum
1188 5474 1279 5530 licum
1305 5475 1465 5549 potuimus,
1489 5478 1657 5535 curarimus
1679 5480 1824 5538 exaudire.

138 5560 276 5631 volentes,
289 5559 342 5616 tibi
363 5562 393 5617 et
407 5559 616 5617 successoribus
636 5560 692 5617 tuis
709 5560 875 5618 sustentate
891 5578 957 5636 apa·
1004 5565 1096 5631 Quem
1122 5566 1161 5623 ad
1185 5583 1245 5638 res,
1268 5571 1408 5641 uuquam
1431 5568 1469 5627 ad
1495 5571 1637 5645 speciales
1657 5577 1688 5631 st
1711 5573 1826 5633 devotos

135 5655 235 5713 stolica
252 5653 388 5711 duximus
406 5653 637 5725 concedendum,
658 5657 689 5711 ut
708 5655 737 5712 ia
756 5656 954 5714 Constantino·
1003 5657 1088 5730 tilios,
1103 5675 1169 5717 cum
1183 5661 1344 5734 apostolicas
1356 5662 1432 5721 sedis
1445 5663 1663 5741 bardesane,
1677 5673 1710 5727 st
1725 5672 1825 5727 maim

28 5748 34 5757 '
125 5750 261 5827 politura
279 5747 360 5824 urbe,
374 5752 404 5807 et
421 5747 451 5804 in
472 5748 535 5804 aliis
555 5748 728 5830 civitatibus,
746 5748 778 5806 ia
795 5750 954 5809 constami-
1005 5752 1106 5827 gratiae
1114 5753 1296 5829 plenitudine
1304 5756 1502 5834 principaliter
1510 5759 1828 5839 nminat-,unirer-
