3750 6046
51 220 108 281 aas
383 186 387 193 ’
494 221 651 284 moroan
670 220 1094 285 ascensuum-mas
1111 227 1275 286 n.-v.1a.
1295 223 1326 283 v.
1691 226 1743 288 aaa

52 354 176 424 tropaei.
202 352 247 410 Sic
267 366 319 425 pro
343 351 529 425 ltedemptoms
555 371 646 412 amore
667 357 879 428 primopenitum
890 368 919 440 Α
929 355 1045 412 callidus
1060 357 1185 412 heresin
1198 358 1316 412 vitasua
1331 355 1501 428 procuravit,
1513 371 1595 428 quos,
1607 359 1672 428 post
1684 357 1745 428 ejus

53 448 125 504 anibi
137 448 228 518 fllium
241 447 347 511 vrbdieo,
362 452 388 503 et
407 453 485 504 trans
500 455 615 520 pontum
630 453 660 506 in
680 451 807 506 exsilium
823 453 880 507 des·
930 466 1070 519 oceasum,
1084 451 1222 507 ambobus
1236 449 1365 523 pertidia,
1381 453 1520 522 regnante
1535 450 1664 518 henrico,
1679 466 1744 506 eon·

55 544 126 606 nno,
153 547 187 596 ut
210 542 350 598 salmoneus
374 543 453 597 ensal
476 544 548 598 inter
572 549 675 600 eeteros
699 547 757 615 rapi
781 547 880 601 militet
928 544 1024 600 iestim
1041 545 1167 601 abstulit.

54 637 188 702 ethereor
205 636 256 690 ati
272 635 340 690 liter
354 635 389 689 ab
404 639 480 690 omni
495 641 638 707 parentum
657 654 723 693 cunr
741 642 767 694 et
783 639 881 708 affeetu
965 639 1006 693 En
1021 638 1227 710 digressionem
1246 639 1528 710 quantulamcunque
1544 637 1599 693 ieci
1618 638 1653 693 de
1674 654 1743 695 eou-

56 730 197 798 lelhisero,
213 731 308 785 eaimie
326 731 418 799 oiqeat
437 731 467 784 in
487 731 670 787 obseruatione
688 735 838 788 mmastiea
855 736 880 788 et
930 732 1084 787 structione
1109 731 1283 798 monasterii,
1305 730 1381 804 quod
1405 732 1434 787 in
1459 731 1549 787 fundo
1571 733 1661 804 patris
1686 733 1744 788 mei

54 825 133 879 auita
160 824 308 879 Dominim.
337 825 413 885 lieo,
440 826 594 895 irtspiremte
621 827 690 889 lieo,
712 826 879 895 iamdudum
930 842 1006 880 nune
1021 826 1163 882 inhabitat
1180 826 1290 882 familia
1307 825 1422 892 Christi,
1438 829 1468 880 et
1485 826 1533 880 ubi
1552 826 1612 897 ipse
1631 826 1745 898 genitor

54 917 221 980 dmideraoi,
240 933 273 972 aa
288 916 328 973 ad
342 917 412 972 talia
431 933 483 984 me,
495 921 705 989 progeniemque
723 934 809 975 meam
828 935 879 991 op·
930 934 1021 989 meus,
1044 923 1075 974 ut
1097 920 1227 988 memini,
1250 918 1311 991 jam
1338 919 1540 990 sexagenarius
1559 922 1662 990 sponte
1687 919 1744 974 line

53 1012 162 1082 plicare
174 1011 268 1065 studia
279 1013 435 1082 peroptavi,
452 1016 610 1075 atmerear,
624 1013 777 1082 opitulante
789 1015 880 1081 pratia
929 1018 1011 1068 tenus
1031 1013 1153 1084 portavit
1169 1014 1272 1085 jugum
1291 1012 1412 1068 Domini.
1427 1014 1524 1079 Parce,
1545 1028 1651 1083 quaeso,
1668 1012 1743 1067 bone

56 1106 116 1167 lici,
137 1119 201 1160 cum
216 1104 293 1175 prote
309 1119 368 1159 mea
386 1106 460 1160 inter
480 1106 574 1161 eleetos
595 1108 624 1161 in
640 1107 735 1161 ultimo
757 1109 880 1163 scamina
929 1107 1026 1175 lector,
1045 1123 1098 1162 nee
1119 1107 1274 1162 molestum
1297 1106 1349 1160 tihi
1367 1107 1411 1172 sit,
1431 1121 1541 1178 precor,
1557 1106 1581 1159 si
1605 1105 1640 1160 de
1663 1111 1744 1176 patre

56 1200 227 1269 eonapatari.

93 1295 181 1347 buno
192 1291 284 1362 igitur
297 1290 333 1346 ab
351 1290 547 1346 incarnatione
567 1291 681 1347 Domini
696 1293 774 1361 itit,
788 1292 878 1348 indie·

58 1384 139 1440 tione
160 1399 199 1453 ιι,
220 1384 362 1455 liogerius
381 1400 485 1454 eomes,
502 1390 531 1440 ut
550 1385 681 1440 hortatus
696 1385 789 1441 tidelis
811 1402 878 1442 con·

57 1478 162 1535 siliarii
177 1478 346 1535 commodos
361 1494 423 1533 esse
443 1478 645 1550 comprobavit,
659 1479 816 1536 Guarinum
837 1479 878 1535 vi·

56 1573 232 1630 necomitam
254 1575 283 1627 et
303 1571 429 1628 Picatum
454 1572 489 1627 de
512 1572 589 1640 Saia,
613 1576 788 1645 caeterosque
812 1589 878 1646 pro·

56 1682 136 1722 aeres
154 1681 222 1721 suos
236 1681 254 1718 v
266 1665 327 1720 ital.
343 1664 433 1721 llartii
453 1665 525 1721 feria
548 1682 575 1720 vr
596 1668 770 1722 convocavit.
797 1667 881 1723 hani-

929 1215 993 1255 meo
1006 1200 1111 1272 aliquid
1124 1199 1274 1256 memoria
1286 1199 1452 1255 tradiderim
1466 1199 1626 1254 litterarum
1634 1216 1642 1267 3
1655 1215 1744 1270 quem

929 1310 987 1349 non
1003 1293 1070 1363 vidi,
1087 1311 1122 1349 ax
1135 1310 1192 1366 quo
1206 1310 1262 1362 me,
1281 1298 1314 1348 ut
1331 1309 1447 1349 exosum
1465 1292 1517 1347 sibi
1536 1293 1700 1365 privignum
1716 1297 1746 1349 et

928 1403 981 1460 pro
996 1403 1096 1443 amore
1111 1388 1262 1455 creatoris,
1276 1387 1386 1458 pepulit
1398 1387 1427 1441 in
1443 1386 1587 1441 exsilium.
1605 1388 1669 1442 tam
1688 1402 1743 1443 xau

929 1482 995 1537 anni
1015 1488 1090 1549 sunt,
1106 1482 1136 1536 in
1150 1482 1251 1554 quibus
1265 1481 1362 1536 multae
1382 1482 1551 1536 mutationes
1572 1496 1668 1536 rerum
1690 1481 1744 1536 late

929 1592 982 1648 per
995 1576 1094 1632 orbem
1110 1576 1281 1631 factasunt.
1298 1577 1370 1630 lium
1387 1591 1463 1646 saepe
1477 1574 1511 1630 de
1531 1575 1574 1629 his
1588 1574 1695 1646 cogito,
1717 1578 1745 1630 et

931 1669 1062 1740 quadam
1083 1669 1187 1725 chartis
1205 1669 1316 1738 insero,
1342 1671 1426 1724 caute
1449 1669 1582 1724 resistens
1605 1668 1683 1736 otio,
1705 1668 1746 1723 sie

55 1761 162 1816 testata
180 1774 248 1815 vero
266 1774 349 1814 eausa
366 1763 396 1813 et
407 1758 443 1813 ab
464 1758 598 1815 omnibus
619 1760 790 1829 collaudata,
813 1777 878 1816 eum
890 1740 919 1811 Β
930 1763 1040 1819 dictans
1052 1779 1099 1818 me
1115 1779 1244 1820 exerceo.

56 1854 98 1909 eis
121 1855 159 1910 ad
189 1852 338 1910 ecelesiam
365 1853 396 1907 a.
419 1853 495 1908 Patri
521 1853 644 1925 apostoli
672 1854 758 1922 abiit,
782 1854 880 1927 ibique

56 1965 86 2004 se
105 1947 255 2004 abbatiam
273 1949 502 2002 constructurum
526 1948 622 2021 palam
641 1948 761 2004 testibus
781 1949 880 2004 multis

55 2042 180 2111 devovit,
197 2045 348 2113 totumque
367 2040 547 2112 suburbium,
562 2042 640 2113 quod
663 2047 745 2098 extra
765 2048 878 2115 portam

1292 1864 1380 1921 XVIII.

928 1968 1052 2023 liecensio
1068 1967 1245 2023 denotantem
1266 1969 1383 2023 Uticensi
1396 1967 1514 2022 canobio
1528 1967 1666 2034 saetacum
1681 1981 1745 2022 eon·

966 2048 1102 2102 tinuatur.
1131 2049 1312 2103 Donationam
1334 2049 1525 2102 instrumenta.
1550 2044 1672 2102 illustres
1693 2048 1748 2102 uiri

55 2136 229 2192 orientalem
247 2135 335 2192 situm
356 2139 408 2202 est,
427 2140 525 2190 saneto
545 2137 628 2192 Petro
646 2136 773 2207 donavit,
789 2141 818 2192 et
835 2154 880 2192 su·
964 2129 994 2181 In
1010 2129 1129 2182 Ultimi
1142 2128 1252 2182 ecdem
1265 2127 1375 2197 iillum·

55 2246 108 2302 per
120 2245 208 2285 aram
226 2244 280 2301 per
298 2228 477 2285 chirothecas
490 2245 556 2284 suas
571 2229 755 2286 donationem
773 2231 877 2302 posuit.
965 2230 1043 2284 Nune
1056 2228 1093 2284 ad
1112 2228 1264 2300 inemptam
1285 2231 1415 2284 revertar
1433 2227 1595 2300 materiam,
1616 2228 1745 2299 meisque

56 2323 164 2380 melem
192 2337 271 2378 auno
300 2322 450 2394 Sagienses
479 2323 628 2389 monaehi,
664 2324 818 2379 liainaldns
851 2329 881 2380 et
925 2322 1086 2395 junioribus
1098 2323 1207 2379 advena
1219 2322 1373 2395 indigenis,
1385 2321 1421 2377 de
1435 2321 1521 2377 rebus
1532 2321 1602 2392 suis,
1615 2338 1681 2394 qna
1693 2337 1744 2377 ne-

57 2417 162 2487 l'rodo,
183 2416 319 2489 primitus
338 2416 406 2472 illuc
423 2422 629 2485 convenerunt,
654 2422 683 2473 et
703 2418 880 2473 monachiles
929 2416 1031 2485 sciunt,
1047 2417 1214 2486 edisseram,
1230 2421 1260 2472 et
1275 2416 1331 2472 hoe
1352 2416 1392 2470 eis
1412 2416 1496 2471 modo
1520 2416 1636 2486 utiliter,
1653 2414 1747 2488 opitu-

56 2511 198 2576 officinas,
213 2508 347 2566 odelerio
361 2514 390 2576 et
404 2509 537 2579 Gerarino,
551 2509 671 2582 aliisque
685 2511 783 2566 multis
797 2512 877 2583 adju·
929 2511 1005 2566 lanta
1019 2511 1086 2578 lieo,
1101 2511 1268 2567 deserviam.
1611 2494 1614 2503 ¹

56 2604 199 2675 vantibus,
216 2603 373 2659 concedere
391 2608 549 2675 caeperunt.
569 2604 683 2660 Primus
698 2605 786 2661 abbas
804 2605 880 2661 illius
964 2604 1138 2674 Goisbertus,
1158 2604 1226 2660 einis
1247 2604 1439 2665 carnotensis,
1461 2608 1491 2659 ut
1510 2603 1617 2660 dietum
1636 2607 1690 2671 est,
1710 2604 1746 2659 ad

56 2697 238 2765 monasterii,
251 2696 401 2753 Guillelmo
417 2698 489 2753 liiiio
503 2704 651 2770 regnante,
666 2699 802 2770 eloquens
817 2700 879 2754 iul·
929 2698 1141 2754 conversionem
1156 2699 1241 2767 venit,
1256 2698 1450 2770 optimamque
1465 2688 1594 2768 domum,
1608 2714 1695 2770 quam
1713 2698 1744 2753 in

57 2791 277 2857 cheminatum,
293 2791 376 2862 eique
389 2790 575 2860 Godeiredus,
592 2793 710 2848 llenrieo
723 2799 876 2864 regnante,
930 2792 1001 2847 urbe
1022 2792 1171 2859 habuerat,
1194 2808 1247 2847 xxx
1272 2790 1352 2845 libris
1371 2791 1587 2846 Carnotensium
1607 2791 1744 2860 vendidit,

57 2885 204 2943 suecessit.
221 2884 314 2940 Ambo
332 2884 449 2941 litterati
471 2891 500 2940 et
521 2885 648 2957 religiosi
667 2889 794 2958 pastores
816 2887 878 2942 iue-
929 2890 1080 2958 totumque
1098 2885 1222 2958 pretium
1240 2884 1419 2941 Uticensibus
1436 2887 1555 2940 ovanter
1572 2885 1679 2940 retulit.
1697 2884 1746 2940 liic

57 2979 292 3048 mut,etIerexu
305 2978 578 3034 annisltominicum
592 2995 711 3051 gregem
725 2979 879 3052 diligenter
930 2983 990 3036 crat
1010 2984 1116 3035 statura
1137 2994 1273 3051 procerus
1295 2980 1325 3033 et
1343 2977 1434 3048 exilis,
1456 2978 1582 3033 moribus
1602 2977 1747 3050 benignus

57 3072 184 3130 educare
201 3071 387 3128 studuerunt.
403 3072 515 3143 Ingenti
535 3088 604 3128 eura
619 3089 665 3128 res
684 3074 750 3129 novi
769 3089 879 3129 monas-
929 3074 1133 3142 attractabilis,
1148 3072 1351 3145 magnanimus
1363 3075 1393 3127 et
1410 3072 1535 3144 dapsilis.
1553 3072 1589 3126 Et
1602 3071 1669 3143 quia
1682 3087 1745 3128 vne-

56 3167 121 3225 tarii
141 3166 270 3223 exterius
287 3169 438 3235 auxerunt,
454 3171 481 3222 et
497 3166 626 3222 instituta
644 3183 757 3222 morum
777 3167 813 3222 ad
831 3184 877 3223 sa·
930 3167 1032 3222 dieina
1045 3167 1114 3222 artis
1131 3170 1192 3222 orat
1207 3166 1406 3238 peritissimus,
1426 3165 1522 3220 multis
1540 3170 1603 3220 erat
1620 3168 1704 3221 notus
1717 3171 1747 3220 et

57 3262 149 3317 lutam
182 3259 345 3315 animarum
376 3259 497 3315 interius
527 3259 673 3332 discipulis
701 3260 879 3317 laudabiliter
929 3259 1105 3317 necessarius
1117 3276 1149 3315 aa
1162 3260 1307 3315 familiaris
1324 3259 1444 3316 amicus.
1460 3259 1514 3314 Per
1529 3259 1624 3330 ipsum
1647 3258 1744 3331 itaqua

57 3358 225 3410 sanxerunt.
253 3356 332 3425 sapa
358 3353 450 3409 dictus
478 3369 590 3426 quoque
615 3353 771 3423 Odelerius,
798 3360 878 3426 pater
929 3355 1093 3410 livileberius
1106 3353 1288 3411 Camotensis
1301 3359 1329 3409 et
1339 3355 1439 3410 Petrus
1458 3353 1493 3408 dc
1510 3352 1622 3421 llanlia,
1641 3353 1744 3425 aliique

57 3447 168 3517 Vitatis,
183 3447 260 3520 quod
278 3446 450 3520 promiserat
469 3464 501 3504 ex
521 3447 635 3520 integro
653 3449 813 3520 complevit,
830 3449 878 3504 da·
928 3449 1023 3521 plnres
1041 3448 1173 3505 notitiam
1192 3447 1369 3503 Uticensium
1388 3446 1541 3518 amplexati
1559 3450 1635 3514 sunt,
1652 3452 1680 3502 et
1693 3447 1743 3501 ho·

56 3544 150 3615 tisqrre
171 3542 301 3598 ducentis
319 3541 399 3597 libris
418 3542 542 3614 argenti,
558 3543 616 3597 Deo
630 3542 826 3611 benedictum,
843 3543 876 3597 Il·
927 3546 1064 3599 aestatem
1076 3558 1176 3597 eorum
1186 3557 1252 3597 eum
1264 3541 1402 3612 religione
1414 3544 1592 3609 venerantes,
1605 3542 1645 3595 eis
1655 3539 1690 3595 de
1701 3557 1744 3596 re·
1850 3530 1857 3535 ’

56 3637 127 3692 lium
141 3651 239 3704 mum,
252 3634 360 3691 ibidem
373 3635 485 3703 obtulit,
500 3640 529 3691 et
542 3635 611 3708 ipse,
622 3639 688 3707 post
700 3636 810 3692 obitum
823 3638 877 3693 lto-
927 3636 979 3692 bus
992 3636 1049 3691 suis
1062 3635 1195 3691 idoneam
1212 3633 1373 3707 portionem
1388 3635 1582 3690 contulerunt.
1603 3633 1740 3689 Praefatur

56 3731 130 3804 gerii
153 3728 286 3797 comitis,
307 3729 468 3785 monachile
486 3730 603 3785 schema
623 3730 754 3802 suscepit.
778 3730 818 3785 lbi
839 3746 876 3788 vu
927 3729 1210 3803 quippe'i'uleherius
1224 3727 1368 3784 nobilitate
1383 3728 1508 3793 lucebat,
1521 3743 1555 3784 ex
1568 3726 1743 3799 patrimonio

55 3825 137 3879 annis
163 3822 324 3879 seeundum
350 3839 481 3879 normam
505 3824 596 3879 saneti
618 3824 708 3879 Patris
733 3823 877 3880 Benedicti
926 3840 978 3880 suo
1009 3839 1143 3899 magnam
1175 3821 1384 3894 possessionem
1415 3821 1550 3890 habebat,
1583 3821 1742 3893 litterisque

56 3917 219 3975 monachus
232 3918 290 3973 lieo
304 3917 428 3985 servivit,
442 3920 472 3972 et
484 3917 556 3972 feria
569 3934 596 3972 vr
609 3918 796 3973 hebdomada·
809 3920 878 3974 Pen·
926 3917 1035 3974 atiatim
1056 3916 1192 3986 imbutus,
1217 3922 1322 3972 sanetae
1348 3915 1398 3972 Dei
1420 3914 1567 3972 Genitricis
1590 3915 1742 3972 eanonicus

56 4016 178 4069 teeostes
196 4015 261 4081 post
275 4011 414 4082 plurimos
432 4010 551 4079 labores,
568 4028 640 4083 quos
661 4028 714 4084 pro
734 4012 791 4067 lieo
810 4028 875 4085 per·
928 4014 999 4068 erat.
1014 4014 1077 4084 lpse
1092 4010 1127 4067 de
1141 4009 1295 4066 donatione
1309 4026 1417 4077 rerum,
1432 4026 1502 4082 quas
1512 4012 1610 4066 saneto
1623 4009 1744 4066 dederat

56 4108 134 4176 tulit,
169 4104 263 4161 tlebili
289 4105 469 4160 confessione
501 4107 595 4160 reatus
623 4121 689 4160 suos
717 4105 876 4178 detegendo
927 4105 1054 4173 Ebrulio,
1071 4106 1198 4161 chartam
1216 4105 1294 4173 iecit,
1310 4105 1427 4177 ipsoque
1447 4103 1589 4160 subtiliter
1603 4108 1633 4159 et
1651 4104 1742 4159 tacete

55 4201 135 4268 ierit,
150 4202 180 4255 et
195 4214 277 4254 saera
297 4198 430 4255 unctione
449 4198 763 4270 perunctusetviatieo
781 4200 874 4255 muni·
927 4200 1065 4269 dictante,
1094 4199 1255 4256 Radbertus
1279 4199 1421 4268 Andreas,
1450 4198 1573 4270 scriptor
1597 4197 1742 4270 egregius,

55 4299 110 4362 tus,
133 4309 167 4351 ru
184 4293 278 4348 Nonas
298 4291 374 4347 iunii
394 4292 485 4363 [etta]
514 4291 593 4348 obiit.
617 4292 756 4365 Rogerius
779 4298 876 4348 autem
926 4294 980 4350 hoe
994 4294 1079 4349 modo
1093 4293 1260 4348 adnotavit:

56 4403 151 4444 comes
173 4389 373 4458 postmortem
387 4386 527 4444 Guillelmi
543 4386 625 4442 Nothi
639 4386 783 4443 sexennis
797 4386 875 4457 vixit,
961 4390 1017 4456 qu
1035 4387 1199 4448 Falaberius,
1220 4386 1336 4442 Genavdi
1355 4388 1439 4457 plius,
1463 4389 1494 4443 li.
1518 4388 1615 4442 Marte
1639 4386 1742 4441 Carno-

56 4488 84 4538 at
100 4484 252 4554 longaevus
270 4480 356 4536 beros
377 4479 454 4536 inter
472 4480 633 4553 praecipuos
648 4481 800 4553 optimates
817 4476 1009 4548 detensis
1039 4481 1155 4536 ecelesia
1186 4479 1319 4550 indiqnus
1351 4481 1547 4550 qualiscunque
1579 4480 1741 4550 eranonieusf,

56 4576 118 4648 glise
136 4574 253 4643 floruit3
274 4578 304 4629 et
323 4573 477 4641 abbatiam,
491 4590 580 4646 ιιιιιιιιι
602 4590 669 4630 eum
687 4574 877 4630 construxisse
926 4576 1061 4631 multoties
1079 4590 1180 4630 mecum
1199 4575 1320 4643 capitana
1340 4574 1373 4629 de
1393 4578 1469 4629 statu
1490 4589 1554 4629 mea
1575 4574 1743 4643 (aliorumque

56 4670 122 4738 dixi,
144 4667 231 4723 terris
252 4682 285 4722 ae
307 4666 465 4723 redditibus
483 4667 664 4723 mediocriter
680 4668 875 4741 locupletavit.
926 4671 1082 4726 mortalium
1106 4669 1279 4737 conditionis,
1300 4669 1392 4723 amnia
1419 4670 1503 4735 lame
1527 4684 1587 4738 quse
1611 4668 1661 4722 sub
1687 4667 1743 4723 sole

55 4762 95 4820 lbi
107 4778 187 4818 anno
205 4762 285 4829 tosa,
303 4776 330 4815 vr
347 4761 408 4816 Kal.
428 4762 559 4834 Augusti,
573 4761 723 4818 defunctus
738 4767 790 4831 est,
805 4764 835 4817 et
848 4762 877 4817 iu
926 4772 1000 4827 sant,
1015 4764 1086 4820 sieut
1102 4763 1141 4817 ait
1155 4762 1298 4831 Salomon,
1320 4762 1456 4831 subjacere
1473 4764 1595 4817 vanitati
1608 4763 1740 4832 campanie

54 4855 174 4913 basilica
191 4870 267 4911 nova
288 4854 363 4910 inter
381 4855 440 4911 duo
460 4854 562 4911 altaria
579 4856 736 4912 honorilice
751 4857 877 4929 sepultus
926 4874 973 4915 aec
989 4859 1096 4930 aliquid
1114 4872 1170 4913 esse
1191 4860 1220 4912 in
1240 4858 1329 4920 terris,
1351 4857 1423 4927 quod
1437 4855 1515 4911 tertre
1531 4862 1590 4927 post
1606 4871 1742 4912 aervrmnas

56 4954 106 5005 est.
126 4948 290 5005 Radbertus
304 4964 383 5018 vero,
401 4948 477 5031 lilius
493 4948 564 5020 ejus,
579 4952 671 5005 totum
684 4950 801 5006 laudum
815 4951 877 5023 ejus
927 4953 1006 5023 bajus
1019 4955 1082 5008 cita
1094 4953 1212 5008 homines
1223 4954 1321 5022 possit,
1335 4952 1390 5005 nisi
1402 4950 1520 5020 aliquid,
1534 4951 1599 5005 dum
1613 4952 1742 5016 viaerint,

55 5045 83 5099 in
108 5042 287 5101 Normannia
310 5044 387 5098 aolus
407 5042 540 5112 obtinuit,
565 5047 592 5099 et
617 5043 685 5116 quia
709 5045 830 5100 crudelis
849 5050 878 5101 et
925 5063 975 5120 pro
995 5062 1022 5104 se
1042 5048 1105 5103 tene
1125 5049 1249 5115 fecerint.
1273 5044 1360 5115 Hediae
1381 5046 1422 5100 rei
1441 5045 1655 5101 senaderatione
1676 5061 1746 5102 aom-

56 5137 332 5212 superbusetvalde
351 5153 477 5210 nequam
496 5142 566 5206 erat,
588 5137 755 5194 innumeras
769 5138 875 5211 iniqui·
926 5144 1022 5201 metus,
1042 5153 1073 5192 aa
1089 5152 1208 5191 meorum
1227 5137 1370 5190 mininam
1394 5137 1553 5191 enormitate
1577 5136 1658 5191 ualde
1680 5152 1743 5208 per-

56 5237 125 5289 latas
139 5232 278 5289 exercuit.
293 5231 375 5304 lingo
388 5237 486 5287 autem
505 5230 542 5286 de
561 5231 811 5288 Monte-Gameriei
830 5248 875 5288 eo·
926 5235 1046 5293 territas,
1061 5231 1395 5302 queniamunusqaisque,
1409 5229 1570 5301 detisque
1584 5233 1676 5299 pessit,
1690 5232 1743 5286 Deo

57 5327 190 5384 mitatem
202 5325 415 5382 Scrobeaburiae
428 5325 538 5393 habuit,
553 5324 602 5380 sed
619 5329 685 5397 post
698 5325 807 5398 aliquot
822 5342 875 5382 an·
926 5327 1058 5380 rationem
1077 5323 1240 5395 querendoque
1259 5327 1298 5377 est
1316 5322 1484 5386 redditurus,
1507 5326 1595 5379 uisam
1615 5330 1654 5380 est
1677 5323 1746 5379 miti

56 5420 368 5493 aos,allagno,iratra
381 5418 745 5492 regisltorthnigeuamm,
758 5425 876 5491 repente
926 5419 1004 5474 credo
1024 5434 1058 5473 ea
1079 5419 1127 5474 Dei
1148 5418 1336 5488 inspiratione,
1360 5433 1393 5473 aa
1415 5418 1456 5474 tis
1479 5433 1538 5488 qua
1560 5418 1683 5487 possideo
1711 5421 1744 5475 Β.“

57 5514 159 5572 missili
174 5512 348 5588 perforatus,
363 5513 392 5568 in
408 5514 502 5569 littore
517 5513 604 5569 maris
618 5513 764 5582 occubuit;
778 5529 875 5588 quem,
926 5513 1042 5581 Etrulso
1057 5513 1153 5582 aliqua
1164 5527 1215 5583 pro
1227 5512 1314 5570 salute
1327 5527 1397 5575 mear,
1411 5513 1612 5582 amicorumque
1625 5528 1746 5568 rnemum

56 5624 120 5665 anna
147 5623 258 5681 magno
283 5607 362 5664 luctu
389 5606 587 5679 deportatum,
617 5609 877 5665 scrobesburiensis
927 5607 1045 5669 tradem,
1067 5606 1139 5661 ande
1160 5607 1264 5674 tratres
1285 5607 1339 5660 mei
1359 5611 1385 5660 et
1406 5606 1498 5666 amici,
1522 5606 1592 5659 initi
1612 5606 1748 5675 depentes,

57 5706 213 5759 conventus
225 5701 256 5758 io
272 5700 397 5758 claustro
410 5701 574 5758 tumulavit.
588 5702 655 5759 auis
671 5716 785 5776 quoque
805 5703 875 5758 duo·
925 5701 1195 5773 quantulamcunque
1218 5699 1315 5755 trabem
1334 5701 1438 5771 possim
1458 5713 1605 5770 corporum
1623 5700 1759 5753 substan-

58 5795 110 5853 bos
129 5794 202 5866 suis,
228 5795 354 5868 bogaria
374 5799 404 5852 et
422 5794 552 5864 Amulio,
576 5795 705 5868 singulos
726 5796 877 5854 comitatus
927 5798 1071 5863 tattonem,
1090 5803 1116 5855 et
1136 5798 1300 5856 menonem
1320 5798 1377 5855 mei
1398 5795 1552 5868 aliquoties
1572 5790 1676 5848 suinae
1689 5787 1785 5841 tuea-
1831 5870 1836 5883 .

224 5893 359 5961 Pareae.
384 5893 588 5958 CLXXXVIII.
1597 5889 1641 5953 *ab
