3750 6046
43 224 58 253 ·'
156 235 209 293 aar

837 202 994 295 onoanrer
1016 236 1144 321 rivaus
1785 238 1833 295 sn

158 370 338 437 gemuerant,
353 378 454 421 serena
463 363 635 423 relevatione
649 367 825 437 exhilaravit,
842 369 967 424 eteocle·
977 382 1005 455 Α
1016 368 1073 423 tius
1095 367 1276 425 Normannire
1298 366 1493 440 congregavit,
1516 363 1686 425 bellismum
1699 367 1835 424 Kalendis

158 459 215 527 siis,
231 459 414 532 decimisque,
432 476 497 516 cum
512 462 574 517 aliis
589 461 822 533 possessionibus,
840 477 912 533 quas
926 463 968 516 in·
1017 461 1078 516 ldaii
1100 461 1219 528 obsedit,
1243 461 1326 532 cique
1347 464 1415 516 tunc
1430 476 1479 532 spe
1506 460 1610 516 melius
1632 460 1748 517 accidit.
1766 462 1833 517 l'ed·

152 553 230 623 justo
258 554 422 622 amiserant,
446 554 594 609 resaisivit.
620 556 722 611 Sancto
749 554 825 609 enim
851 554 967 610 Ebrullo
1016 555 1195 610 baldusvero
1210 571 1305 610 comes
1319 554 1467 623 blesensis,
1492 556 1522 608 et
1536 554 1623 609 Fuleo
1645 554 1832 627 Andagaven-

155 646 282 701 reddidit
300 663 352 703 xxx
367 647 472 703 solidos
485 648 744 705 cenomanensium
758 646 794 702 de
808 647 967 703 redditibus

156 739 316 796 Alencionis
343 740 380 795 ad
394 736 545 796 luminaria
570 742 710 809 ecclesie,
732 757 803 813 quos
827 742 966 812 Rogerius

157 850 263 903 comes,
279 835 454 890 concedente
476 833 616 890 liodberto
632 835 690 890 filio
703 851 765 903 suo,
780 835 900 906 singulis
914 852 965 891 an-

155 928 200 982 nis
213 927 334 982 dederat
345 929 374 983 in
389 927 482 1000 capite
494 928 736 1000 Quadragesimae,
749 932 777 984 et
789 934 890 985 crelera
903 947 965 986 om·

155 1021 205 1077 nia
218 1037 282 1092 quae
295 1021 372 1076 idem
386 1037 483 1077 comcs
496 1021 525 1076 in
540 1021 640 1077 charta
654 1022 828 1089 firmaverat,
845 1023 895 1078 sed
909 1023 965 1078 ini·

155 1130 228 1186 quus
243 1115 334 1171 haeres
348 1115 479 1186 nequiter
493 1115 658 1171 abstulerat.

193 1207 319 1280 lienique
340 1224 391 1263 rex
413 1207 579 1276 Ludovicus,
604 1209 701 1263 multis
721 1208 811 1264 modis
833 1211 966 1279 expertus

155 1301 265 1357 ilenrici
284 1301 361 1373 regis
375 1300 579 1357 sublimitatem
593 1307 622 1356 et
637 1301 783 1373 ingentem
797 1302 964 1357 industriam

152 1411 185 1451 ac
206 1394 388 1467 probitatem,
401 1395 504 1465 spretis
526 1394 726 1465 proditoribus,
741 1396 790 1466 qui
813 1395 966 1451 seditiones

154 1488 217 1559 paci
239 1487 454 1560 praeponebant,
473 1488 595 1559 colloqui
610 1504 673 1543 cum
689 1504 723 1543 co
738 1487 863 1560 expetiit,
876 1488 964 1543 stabi·

154 1581 268 1653 lemque
288 1581 323 1636 sd
343 1586 449 1635 sancire
467 1581 625 1652 protectum
646 1579 775 1636 Ecclesiae
798 1596 896 1652 pacem
916 1581 963 1635 iir-

1016 648 1053 703 sis
1067 642 1152 721 atque
1169 650 1255 704 ltotro
1270 648 1488 716 moritoniensis,
1512 647 1619 720 aliique
1634 648 1768 719 perceleri
1782 666 1832 720 op·

1017 742 1132 798 limatos
1148 738 1316 797 liormannis
1329 740 1473 813 suppetias
1487 748 1639 810 venerunt,
1651 746 1681 797 et
1697 758 1764 797 eum
1778 744 1832 798 sais

1016 836 1179 907 agminibus
1203 835 1341 907 oppidum
1356 835 1619 904 circumdederunt,
1640 852 1675 891 ac
1689 837 1779 891 tertia
1792 838 1831 892 die

1015 928 1135 985 victores
1148 930 1269 1001 ingressi
1284 932 1360 984 srrnt.
1375 929 1502 985 Iuventio
1518 929 1627 1002 quippe
1643 930 1759 986 Sanctae
1771 933 1832 987 Cru-

1015 1022 1054 1078 cis
1070 1028 1140 1089 erat,
1155 1027 1184 1078 et
1200 1040 1250 1077 rox
1267 1038 1383 1077 omnem
1412 1022 1570 1077 exercitum
1585 1023 1623 1078 e'b
1647 1024 1761 1078 assultu
1783 1040 1829 1095 op

1015 1117 1085 1190 pidi,
1100 1119 1128 1172 et
1144 1115 1279 1172 exercitio
1293 1116 1359 1171 belli
1381 1115 1528 1187 quiescere
1547 1116 1689 1187 jusserat.
1716 1117 1773 1173 Sed
1787 1119 1832 1173 mi

1016 1210 1080 1266 lites
1113 1210 1251 1265 comitum
1283 1208 1420 1265 Tedbaldi
1449 1213 1478 1264 et
1511 1210 1657 1277 llotronis,
1685 1210 1739 1281 qui
1763 1212 1830 1282 regis

1016 1304 1141 1359 edictum
1167 1320 1225 1358 non
1242 1302 1400 1369 audierant,
1428 1318 1509 1359 arma
1530 1308 1733 1375 sumpserunt.
1749 1305 1829 1376 Oppi·

1015 1398 1080 1453 dani
1100 1414 1213 1469 quoque
1238 1396 1351 1462 milites,
1373 1396 1510 1467 singulari
1531 1396 1695 1452 certamine
1717 1396 1828 1453 dimica·

1016 1491 1083 1558 turi,
1099 1491 1133 1546 de
1147 1496 1237 1545 castro
1253 1489 1358 1562 egressi
1377 1494 1452 1545 sunt.
1470 1490 1567 1559 Porro,
1582 1490 1655 1546 dum
1669 1490 1827 1547 obsidentes

1014 1584 1043 1639 in
1066 1585 1128 1640 illos
1149 1584 1262 1639 fortiter
1273 1583 1426 1651 irruerent,
1440 1589 1469 1639 et
1483 1583 1538 1654 ipsi
1550 1582 1686 1654 regiratis
1701 1585 1783 1656 equis
1797 1585 1846 1640 aa»

154 1691 232 1730 mare
247 1673 379 1729 decrevit.
394 1673 484 1729 Ambo
498 1674 594 1745 itaque
605 1689 695 1746 reges,
711 1673 868 1729 indictione
883 1691 920 1744 vv,
935 1675 965 1729 iu
1014 1683 1127 1750 portam
1148 1677 1314 1732 orientalem
1334 1676 1470 1731 velociter
1483 1676 1630 1748 lugerent,
1654 1677 1687 1732 in
1708 1678 1771 1750 ipso
1787 1678 1827 1733 in-

155 1768 255 1823 ultima
269 1767 359 1822 liertii
379 1766 466 1839 [tttll
485 1766 675 1833 hebdomada,
691 1767 808 1823 Gisortis
824 1750 1101 1826 convene-Btroitu
1124 1772 1212 1840 portae
1232 1769 1267 1823 ab
1290 1768 1505 1840 insequentibus
1527 1769 1656 1841 percussi
1680 1774 1712 1826 et
1733 1770 1828 1843 dejecti

155 1864 232 1929 runt,
251 1866 280 1916 ct
298 1875 331 1915 ex
345 1865 467 1930 utraque
486 1862 566 1931 parte
577 1859 675 1931 jurata
690 1876 759 1931 pace
774 1876 840 1915 cum
856 1877 963 1931 magno

155 1955 311 2009 multorum
330 1952 433 2024 gaudio
453 1953 559 2007 amoris
574 1953 687 2009 vinculo
706 1953 874 2025 complexati
888 1958 962 2009 sunt.

152 2049 230 2103 Tunc
244 2046 403 2101 Ludovicus
417 2047 536 2102 ilenrico
552 2047 708 2101 belismum
722 2052 750 2101 ct
763 2047 963 2102 Cenomanen-

153 2140 228 2195 sium
251 2140 428 2207 comitatum,
450 2142 595 2210 totamque
617 2140 756 2195 concessit
777 2141 961 2195 Britanniam.

152 2234 317 2305 Fergannus
332 2233 448 2301 etenim,
464 2232 609 2288 britonum
621 2233 765 2304 princeps,
785 2234 872 2289 bomo
889 2234 964 2304 regis

151 2326 310 2397 Aaglorum
330 2326 390 2396 jam
406 2326 496 2381 iactus
514 2326 617 2381 fuerat.
638 2326 698 2380 Rex
718 2332 816 2382 autem
838 2327 962 2393 Conana,

151 2420 211 2475 filio
227 2421 298 2491 eJ'us,
314 2419 402 2474 illium
414 2436 493 2474 suam
508 2419 708 2491 spoponderat.
726 2420 811 2474 Porro
826 2419 962 2475 Haimeri·

152 2530 201 2569 cus
231 2514 266 2568 de
288 2513 417 2576 vilereio,
443 2513 550 2584 aliique
572 2513 798 2567 belesmensium
821 2529 962 2584 proceres,

152 2608 255 2679 quibus
269 2606 436 2662 Guillelmus
455 2606 626 2674 l'alavacius,
646 2605 783 2661 liodberti
805 2605 890 2674 illins,
910 2623 961 2677 op·

151 2705 252 2776 pidum
267 2703 457 2766 commiserat,
476 2703 545 2757 dum
561 2701 621 2773 ipse
640 2702 675 2756 ad
695 2703 845 2757 tutandum
865 2701 961 2757 Ponti-

151 2814 219 2852 vum
240 2797 407 2852 comitatum
427 2811 510 2850 suum
535 2794 654 2862 abierat,
678 2793 853 2850 confidentes
875 2795 904 2849 in
919 2795 961 2850 in-

153 2891 232 2962 genti
245 2890 412 2945 munitionis
423 2888 590 2944 tortitudine
604 2893 632 2943 et
644 2894 821 2944 armatorum
837 2889 964 2944 multitu-

152 2985 228 3049 dine,
253 2983 290 3038 ad
315 2982 505 3039 resistendum
525 2981 708 3053 impugnanti
730 2981 846 3036 cuilibet
862 2982 964 3037 acriter

152 3081 321 3148 paraverunt
334 3093 373 3131 se.
396 3078 454 3133 ilex
470 3078 567 3131 autem
586 3075 721 3130 ilenricus
744 3077 898 3129 exercitum
920 3081 961 3129 to·

1014 1866 1090 1930 sunt,
1106 1868 1134 1918 et
1153 1862 1240 1917 valvae
1262 1862 1386 1917 hostiurn
1400 1861 1587 1917 multitudino
1602 1862 1782 1934 lancearum,
1796 1881 1825 1920 ns

1013 1956 1225 2023 clauderentur,
1241 1959 1403 2011 sustentatae
1417 1957 1446 2009 ct
1467 1954 1581 2027 penitus
1598 1962 1736 2013 reseratae
1758 1962 1825 2013 sunl.

1013 2049 1146 2104 Protinus
1170 2049 1274 2120 regalis
1287 2049 1429 2104 exercitus
1443 2047 1533 2103 nimia
1545 2065 1614 2104 cum
1627 2050 1826 2107 vociferatione

1013 2142 1155 2212 ingressus
1169 2147 1220 2206 est,
1235 2146 1263 2196 et
1274 2157 1409 2213 magnam
1423 2146 1534 2213 partem
1547 2143 1723 2199 munitionis
1742 2144 1823 2200 virili·

1015 2236 1167 2289 ternacius
1183 2240 1234 2289 est.
1250 2234 1366 2301 Deinde,
1380 2234 1595 2305 persistentibus
1612 2235 1656 2291 bis
1667 2237 1720 2308 qui
1735 2253 1823 2293 arcem

1013 2327 1171 2395 servabant,
1198 2327 1271 2398 ignis
1294 2327 1415 2398 injectus
1435 2330 1486 2395 est,
1507 2331 1536 2382 ct
1558 2329 1655 2384 nobile
1681 2330 1825 2403 oppidum,

1013 2421 1089 2493 quod
1103 2420 1327 2491 ltobdertusjam
1340 2420 1451 2476 dudum
1463 2438 1650 2495 summopere
1665 2425 1825 2481 muniverat

1013 2519 1041 2570 et
1055 2514 1199 2582 ditaverat,
1215 2513 1342 2569 funditus
1357 2520 1570 2571 concrematum
1582 2523 1635 2571 est.

1048 2607 1141 2661 Victor
1160 2607 1255 2678 itaque
1273 2608 1416 2676 ilenricus,
1438 2608 1549 2663 iirmeta
1567 2624 1637 2680 pace
1651 2625 1723 2665 cum
1736 2610 1826 2665 omni·

1012 2701 1065 2755 bus
1084 2700 1181 2754 vicinis
1196 2701 1261 2767 suis,
1277 2701 1307 2755 in
1321 2701 1451 2772 Angliam
1471 2702 1618 2771 remeavit,
1645 2708 1677 2758 et
1701 2704 1825 2776 quinque

1012 2794 1094 2848 annis
1104 2794 1132 2848 in
1147 2810 1251 2865 magna
1263 2794 1468 2866 tranquillitate
1483 2811 1606 2867 regnum
1621 2796 1702 2852 ultra
1716 2814 1794 2853 mare
1803 2801 1828 2853 et

1013 2887 1147 2942 ducatum
1171 2887 1242 2943 citra
1259 2887 1437 2959 gubernavit,
1459 2888 1557 2944 amicis
1575 2889 1711 2945 lidelibus
1732 2892 1827 2947 devote

1013 2980 1196 3035 laudantibus
1210 2981 1365 3036 Dominum
1394 2982 1482 3036 ileum
1498 2982 1634 3051 Sabaoth,
1658 2983 1711 3055 qui
1733 2984 1828 3040 omnia

1014 3074 1126 3129 fortiter
1142 3075 1323 3145 suaviterque
1334 3074 1461 3145 disponit
1473 3076 1561 3146 (Sap,
1574 3077 1795 3146 v111,t).bmen.

636 3367 904 3454 subalbum
932 3366 1054 3451 trun]
1082 3366 1332 3453 bbbbbtlbl.

151 3626 170 3678 t.
260 3624 379 3676 betasius
390 3634 462 3686 pepe
475 3624 503 3673 il
519 3626 543 3673 et
557 3621 695 3673 Bardines
707 3624 845 3685 antipapa.
861 3623 1046 3675 contentiones
1060 3624 1131 3673 irater
1141 3622 1224 3672 sedem
1238 3623 1408 3685 apostoticam
1423 3627 1447 3674 et
1460 3625 1657 3687 imperatorem.
1671 3627 1747 3678 betto
1760 3629 1828 3679 inter

290 3704 452 3756 Lndooieum
466 3704 633 3753 Francorum
648 3714 735 3765 recem
749 3706 772 3752 et
789 3703 933 3753 bertricum
950 3714 1035 3764 reqem
1050 3701 1205 3763 anctorum.
1222 3703 1348 3765 Prodiqio
1364 3704 1451 3753 ouria.

151 3788 181 3837 lt.
261 3785 394 3835 beveriis
409 3782 468 3833 beiti
482 3781 615 3833 eventibus
627 3783 811 3833 continuetur.

150 3867 192 3917 tlt.
259 3864 462 3926 botbomoqense
487 3862 635 3913 concilium.
662 3862 729 3912 beiti
753 3866 869 3913 secretus.
895 3864 1071 3925 burgensium
1097 3863 1315 3915 anrreooerur'um
1337 3868 1431 3915 eontra
1456 3867 1601 3917 Henrieum
1627 3880 1716 3931 renem
1741 3872 1827 3921 inaur-

288 3945 379 3994 rectio.

151 4025 192 4076 lV.
258 4022 380 4075 Colimus
392 4034 464 4083 pepo
479 4023 515 4072 ll.
531 4020 691 4072 brutoebius
705 4020 735 4071 ete
752 4021 866 4073 britolio
881 4023 909 4071 in
924 4023 1069 4073 benrieum
1085 4035 1169 4087 regem
1185 4025 1310 4087 instrepit.
1328 4025 1507 4077 uniuersi-um
1523 4026 1638 4079 rebellio.

150 4105 191 4233 bt.
257 4182 429 4233 buiomitotes
444 4186 468 4234 et
482 4181 614 4245 precipio.
629 4182 696 4232 betti
708 4186 822 4234 cerritus.

149 4265 202 4316 vu.

149 4344 212 4395 Vlll.
256 4343 403 4393 audericus
415 4355 465 4394 res
478 4342 572 4393 betium
585 4347 705 4395 renouat.

257 4104 293 4153 be
309 4101 372 4153 betto
387 4103 459 4153 inter
472 4113 544 4164 repes
556 4102 678 4152 bruneis
690 4105 715 4153 et
730 4102 831 4165 eripite
845 4105 915 4165 qesta
928 4104 1112 4155 continuetur.

256 4262 443 4314 brenmulense
454 4262 586 4325 prelium.
602 4263 748 4314 bodonicus
764 4276 812 4315 ree
827 4264 925 4316 eudem
939 4267 1043 4329 cecinit.

148 4425 190 4474 bi.
258 4426 379 4475 benene
397 4423 537 4474 concilium
556 4437 574 4473 u
593 4424 699 4476 calisto
717 4437 789 4488 posto
807 4426 974 4478 celebratum.
995 4429 1027 4478 iu
1049 4439 1100 4490 quo
1121 4427 1152 4477 de
1173 4430 1383 4481 eorrtcntsonibns
1404 4431 1475 4482 inter
1491 4432 1680 4493 imperatorem
1700 4438 1725 4486 et
1743 4434 1825 4486 sedem

287 4505 458 4567 apostolicum
472 4506 585 4556 versutis
599 4507 700 4569 opiter.

148 4589 170 4638 X
255 4588 376 4638 bemense
387 4585 528 4636 concilium
541 4587 726 4638 corstinuuiur.

147 4669 189 4719 xl.
256 4667 388 4717 beuricus
400 4679 450 4718 ree
462 4668 603 4719 rtounultos
617 4668 723 4720 rebelles
737 4671 907 4722 Norrnonnoc
919 4671 954 4722 od
965 4670 1115 4734 obsequium
1130 4672 1242 4723 reducit.
1254 4675 1290 4723 bc
1302 4675 1386 4725 reteri
1401 4674 1568 4738 botbomcqo.

147 4748 200 4798 llll.

286 4827 373 4878 nitur.

256 4748 388 4798 tierricus
415 4759 465 4799 ree
491 4759 551 4799 cnm
581 4748 687 4801 Golieto
712 4761 784 4812 popo
813 4749 971 4813 colloquium
1001 4751 1085 4803 babet.
1115 4756 1173 4803 Poe
1200 4754 1272 4804 inter
1300 4768 1372 4817 repes
1399 4757 1520 4807 bruneto
1548 4759 1572 4806 et
1598 4757 1703 4820 Arietis
1727 4773 1826 4824 compo

147 4909 213 4959 xib.
255 4907 458 4971 botbomaqeuse
471 4909 621 4961 concilium.
638 4908 735 4962 cleriei
747 4912 776 4961 in
790 4879 1013 4977 orebiepiscopnm
1028 4918 1181 4978 sersurqnnt.

146 4988 211 5039 xlll.
253 4989 385 5039 bertricus
398 5000 447 5039 ree
462 4989 491 5039 tu
505 4990 629 5054 Arretium
642 4991 812 5054 transfretet.
827 4992 998 5045 Horreudum
1011 4994 1135 5045 Candide
1149 4995 1226 5046 rroois
1240 4995 1424 5060 incolumium.

146 5067 200 5117 XV.
255 5068 378 5120 Colimus
389 5081 462 5133 popo
477 5070 505 5119 in
520 5071 629 5122 ltotiom
642 5073 798 5124 reuertitur.
815 5075 924 5125 bertrici
942 5075 1011 5137 repis
1025 5076 1237 5127 irretrimcuium.
1251 5079 1370 5128 Euentus
1383 5077 1464 5129 uarii.
1478 5079 1657 5131 Dissensiones
1674 5083 1705 5132 in
1719 5082 1824 5136 abbatie

287 5149 456 5201 cluniacensi
467 5155 574 5203 exorte.

146 5226 211 5277 xvi.
253 5230 289 5279 be
313 5231 483 5281 monasteriis
510 5233 673 5294 brutundie,
700 5236 814 5287 Uticensi
838 5240 863 5288 et
888 5236 1044 5299 quibusdam
1067 5239 1139 5289 otiis.
1164 5240 1199 5289 be
1224 5239 1452 5303 orebiepisooputu
1476 5241 1677 5295 Gontrmrienst.
1702 5244 1825 5297 Summus

286 5309 435 5373 iuniorum
449 5324 512 5375 erqu
523 5314 663 5366 monocbos
679 5314 766 5377 senor.

146 5387 222 5439 xl'll.
252 5390 332 5442 Nove
347 5391 375 5440 in
388 5392 533 5444 benrieum
548 5406 634 5458 reqem
648 5396 808 5449 rebelliones.

146 5468 235 5519 lllllll.
252 5470 326 5521 diors
339 5470 458 5522 serlonis
471 5474 610 5536 sopinrsis.

146 5548 211 5599 xlx.
254 5550 395 5611 benricus,
409 5551 547 5604 rebellibus
559 5558 584 5606 et
594 5557 782 5617 proditoribus·
789 5559 939 5624 duqetlutis,
952 5563 1150 5615 bornronnicm
1161 5564 1292 5629 punicei.

146 5628 200 5679 xil.
254 5630 401 5682 boinetdus
426 5631 637 5698 orcbteptscopus
659 5640 800 5693 bernensis.
822 5643 959 5695 bonosius
979 5655 1051 5707 ponc
1071 5646 1108 5697 il.
1130 5646 1223 5697 baroti
1246 5644 1357 5697 tierrici
1376 5644 1549 5711 imperatoris
1570 5657 1655 5703 mors.
1679 5648 1824 5703 iniurius

285 5710 433 5775 imperator
446 5712 564 5778 elicitur.

133 5792 204 5845 st'a'l.
246 5792 400 5846 budam
411 5806 464 5848 ree
470 5796 665 5862 protettonem
676 5798 788 5853 benrici
800 5801 922 5867 ctttonts,
934 5803 984 5869 rtttt
996 5804 1071 5857 ducis
1084 5808 1267 5871 bonnensis,
1278 5818 1378 5862 rursus
1388 5808 1499 5873 smetntt
1511 5810 1536 5863 st
1544 5806 1613 5875 iuro
1624 5808 1684 5877 etus
1693 5808 1825 5869 adm
