3750 6046
55 190 88 233 n
421 166 425 173 '
500 148 656 237 sustollis
680 182 947 239 accrnsrssnos.
963 211 997 221 -
1014 181 1099 237 teins
1117 182 1136 235 ι.
1152 179 1263 235 -ua
1285 181 1305 235 r.
1706 180 1741 234 as

58 306 217 373 ruricidium,
239 307 262 360 si
286 306 388 360 crebro
408 305 473 360 risis
493 306 555 375 ejus
569 305 713 361 miraculis
734 306 761 361 in
786 306 875 360 areium
887 320 914 390 Α
926 305 1052 361 babentes
1070 306 1241 365 obtulerunte
1253 321 1375 375 ertmqrre,
1399 309 1428 358 nt
1447 305 1488 357 uel
1508 304 1644 372 imbrium
1657 307 1740 359 resti-

55 400 236 455 irritarentur
271 400 449 454 lethiferum.
476 399 588 454 Distulit
618 400 715 471 itaque
743 399 770 454 iu
799 398 875 453 diem
926 402 1010 453 incerti
1034 401 1093 468 ejus
1118 405 1259 467 trrnqerent
1284 404 1462 469 rogaverunt.
1487 399 1643 467 Quicunque
1678 414 1741 465 apo

55 494 169 548 tusc-bas
180 494 328 548 interitum
340 510 434 561 suurn,
448 498 477 547 et
490 492 571 547 nobis
584 493 706 564 prebuit
716 494 875 562 exemplum
927 496 1084 559 tetiqerunt,
1097 493 1167 548 sertui
1177 495 1248 560 sueti
1259 498 1321 548 seint
1336 493 1456 559 (tractu,
1469 508 1522 558 xu,
1537 492 1633 555 :tt-au
1643 495 1740 553 blora,

55 587 161 641 citandi
176 584 371 642 temeritatem
384 584 570 640 tradentium.
926 602 964 649 rr,
980 589 1081 655 stt-su).
1098 586 1136 642 lbi
1151 591 1252 641 contra
1272 585 1381 640 Scribas
1402 588 1431 639 et
1450 584 1613 649 Pharisaeos,
1637 585 1685 655 qsri
1705 584 1741 639 ds

88 684 156 735 t'nm
183 682 325 735 animent
346 681 441 739 trsrbae,
459 680 593 750 perlustres
612 697 671 734 cerm
691 686 788 734 secutae
802 687 874 733 Sillii.
925 680 1106 750 ierosolymis
1122 686 1311 746 accesserant,
1327 679 1408 750 plura
1423 680 1549 750 protulit,
1564 686 1593 732 ct
1606 680 1743 750 supersti-

55 775 160 828 l'idens
183 775 265 829 iesus
288 773 396 828 trrrbnm
422 773 547 831 multam.
572 775 693 826 miserim
715 779 753 825 est
776 772 832 840 ejus
852 778 877 824 et
927 774 1013 829 tiosas
1030 775 1173 828 seniorum
1195 773 1365 828 traditiones
1387 773 1533 841 redarguit
1553 773 1672 840 (narrt.
1695 790 1741 842 xv,

54 871 161 922 ennea
189 867 336 937 lrrripuidos
363 883 463 921 rorurn.
496 869 608 936 Vespere
631 869 720 932 screto,
751 868 876 937 quinque
931 872 988 935 t-tt3
1004 870 1264 937 iteranti-tit.

55 978 143 1032 panes
162 961 336 1015 hordeaceos
357 964 386 1014 et
408 961 479 1014 duos
497 960 587 1031 pisces
606 960 725 1031 accepit,
746 962 877 1030 aspiciens
962 961 1063 1015 Turba>¹
1079 964 1107 1014 in
1124 962 1265 1015 naviculas
1284 962 1472 1023 oscerrslnunt,
1492 966 1517 1016 et
1536 962 1739 1031 Gophcinnum,

55 1061 81 1107 in
101 1056 211 1121 coluris,
234 1055 380 1116 benedixit,
404 1056 498 1121 serpit,
519 1054 719 1124 discipulisque.
740 1059 771 1107 ut
787 1070 875 1124 appo·
927 1062 1074 1125 querentes
1097 1057 1197 1113 lesum,
1223 1060 1352 1109 emerint
1376 1056 1533 1110 Jerusalem.
1559 1054 1665 1119 ouibus
1684 1055 1741 1125 ipse

56 1154 161 1202 sterent
179 1149 279 1208 turbis,
295 1148 383 1202 dedit.
399 1147 505 1201 Trrrbas
524 1164 590 1200 sero
605 1163 693 1219 super
705 1148 801 1202 tentum
820 1146 875 1199 dis·
927 1149 1013 1202 dixit:
1028 1151 1122 1205 Amen.
1137 1164 1225 1208 ttmett,
1237 1149 1295 1202 iiico
1310 1149 1393 1214 nobis,
1409 1150 1531 1217 queritas
1547 1165 1596 1210 nie,
1610 1165 1664 1203 iton
1677 1152 1743 1219 quin

54 1243 192 1296 errnrbere
216 1241 311 1311 jussu.
341 1241 565 1295 llirrislrantibus
591 1240 736 1311 apostulis,
760 1244 877 1310 quinque
929 1242 1742 1312 nidistissiqrur.sedquinmnnrlneustiseupunibnsetsntu·

54 1338 141 1391 an'lliu
169 1339 302 1398 rrtrnrnn,
332 1334 457 1406 sescuplis
488 1334 655 1388 mutieribus
680 1341 707 1387 et
731 1334 875 1404 parandis,
928 1338 983 1389 raeti
995 1338 1069 1389 estis.
1083 1336 1241 1404 Operomini
1250 1350 1302 1387 rron
1314 1335 1402 1388 silerem
1413 1337 1462 1403 qrri
1474 1338 1553 1406 perit.
1565 1336 1612 1389 sed
1626 1339 1676 1404 qui
1684 1351 1744 1406 per·

55 1429 303 1483 rnandneasernnt
321 1432 349 1482 et
368 1429 483 1482 saturati
500 1430 576 1495 sunt,
597 1433 627 1482 et
642 1427 676 1482 de
691 1425 818 1499 reliquiis
840 1444 876 1482 xri
927 1435 1017 1482 manet
1031 1431 1059 1481 in
1080 1431 1163 1482 nitrien
1189 1434 1326 1487 ainornm,
1343 1443 1420 1497 quern
1442 1429 1527 1482 Filius
1539 1430 1653 1483 hominiis
1667 1430 1742 1483 nobis

57 1524 174 1593 ruphini
196 1524 425 1593 fragmentorum
446 1522 522 1592 pleni
550 1521 650 1576 sublati
677 1525 742 1575 sunt
756 1520 875 1589 thirsin..
927 1523 1022 1585 traam
1037 1523 1108 1576 istrie
1126 1524 1196 1576 enim
1209 1527 1289 1592 poter
1301 1525 1419 1592 siqrroeit
1432 1525 1500 1576 uetes
1517 1525 1615 1593 iinon..
1632 1538 1667 1590 rr,
1684 1523 1740 1587 ii).

59 1635 111 1682 ur,
129 1620 225 1673 teet:
242 1619 340 1672 llaec..
357 1633 392 1685 rr,
408 1617 505 1683 30--it3
525 1617 599 1673 bne..
615 1631 652 1673 rs.
675 1617 749 1668 tlt-tt
763 1631 769 1671 :
782 1617 873 1671 interr..
962 1616 1025 1669 llaec
1043 1623 1071 1670 et
1091 1617 1170 1687 plura
1190 1616 1232 1669 bis
1254 1615 1358 1669 similia
1377 1616 1412 1669 de
1434 1631 1507 1686 pane
1522 1616 1628 1672 coelesti
1643 1620 1671 1670 et
1685 1617 1742 1671 rita

60 1729 95 1771 u,
111 1714 195 1779 t-ts).
886 1689 1032 1763 Bascama
1046 1710 1143 1764 docuit
1160 1709 1187 1763 in
1210 1725 1358 1781 synagoga
1375 1709 1585 1780 Caphamaum‚
1607 1725 1672 1781 quse
1692 1711 1741 1764 lu·

93 1806 155 1858 liae
170 1804 268 1858 omnia
290 1803 433 1873 mysteriis
447 1804 531 1873 plena
546 1807 621 1857 sunt.
635 1805 716 1857 iesus
729 1801 764 1856 de
779 1802 876 1855 tudina
926 1801 978 1855 deci
991 1819 1048 1856 nun
1063 1803 1277 1859 intellexerunt.
1288 1800 1424 1856 balneatus
1432 1818 1480 1858 cnr
1494 1803 1648 1874 lapideum.
1661 1803 1741 1858 ltine·

59 1899 176 1960 secedit,
191 1898 220 1952 in
234 1896 379 1952 desertum
394 1896 523 1967 gentium
539 1896 627 1950 venit.
641 1895 740 1950 Turbae
750 1912 877 1966 sequun-
928 1904 995 1949 rrrnt
1017 1911 1086 1966 orgo
1102 1916 1107 1949 :
1127 1898 1265 1951 becennest
1287 1897 1330 1949 bic
1343 1912 1438 1951 ser-erro.
1455 1897 1552 1951 Plures
1573 1896 1683 1952 malitia
1697 1914 1742 1952 ex-

59 2001 113 2046 tnr.
140 1990 307 2063 Languidus
328 2006 429 2044 eorum
461 1990 604 2055 misertus,
628 1997 719 2044 curat.
745 1990 875 2060 Quinque
926 1990 1021 2043 receti
1040 1993 1301 2055 rrirrrmnrarerunt
1325 1997 1352 2043 ct
1379 1990 1557 2044 scandalizati
1576 1991 1612 2044 ab
1633 1991 1681 2046 illo
1697 2008 1741 2045 rc·

56 2085 180 2157 panibus
199 2084 366 2139 hordeaceis
386 2084 513 2138 Nosaicrc
528 2084 611 2155 legis,
627 2089 654 2138 et
668 2082 777 2138 duobus
792 2084 874 2154 pisci·
926 2086 1081 2136 cesserunt.
1104 2085 1178 2138 linuit
1198 2085 1347 2150 erqtelesus
1366 2083 1404 2137 ud
1426 2085 1567 2138 derodecim
1581 2086 1743 2156 :Numquid
1828 2132 1831 2141 .

57 2181 105 2233 bus
120 2179 282 2250 prophetin
294 2184 322 2232 et
334 2179 519 2249 psalmorum,
535 2178 619 2249 pavit.
635 2178 669 2233 Et
681 2176 735 2232 boc
749 2193 874 2247 vespere,
930 2182 955 2229 et
966 2193 1011 2230 ros
1023 2177 1107 2231 rutra
1120 2177 1214 2231 obire?
1229 2178 1376 2245 Respondit
1386 2180 1478 2235 Simon
1492 2180 1585 2233 Petrus
1601 2198 1609 2232 ε
1625 2182 1741 2239 minine.

57 2273 80 2327 ul
94 2277 148 2338 est,
163 2273 222 2326 brie
242 2271 412 2327 saeculorum
429 2271 650 2342 propinquante,
666 2270 796 2342 peregit,
810 2286 874 2324 crim
926 2270 963 2324 od
977 2286 1054 2338 quem
1071 2270 1201 2323 ibinus?
1222 2270 1303 2323 nubo
1326 2273 1389 2324 rua
1409 2276 1516 2325 aeterna
1533 2271 1623 2326 hurbes.
1644 2275 1678 2328 nt
1696 2288 1743 2326 nos

57 2368 169 2437 ipsesol
181 2365 302 2437 justitia·¹
316 2381 368 2435 pro
382 2364 464 2419 nobis
477 2364 620 2419 occubuit.
926 2364 1058 2418 credimus
1085 2371 1109 2416 et
1135 2365 1305 2431 caqreorimus
1331 2368 1396 2431 qiam
1416 2370 1445 2417 tu
1465 2380 1492 2417 es
1515 2365 1639 2419 libratus
1659 2366 1742 2421 lilius

93 2463 227 2522 Homines,
249 2476 310 2514 cetra
335 2459 466 2513 uidissent
481 2458 553 2528 quod
575 2460 677 2525 secerm
695 2459 812 2528 amrium.
832 2458 874 2512 di·
928 2459 973 2511 llei
987 2457 1076 2528 tibist,
1092 2458 1193 2515 stt-m.)

57 2555 180 2607 rebrrnt:
201 2554 270 2621 Qnio
289 2554 332 2607 bic
346 2556 385 2606 est
397 2568 457 2607 uere
481 2552 612 2623 propheto
624 2554 672 2622 qui
688 2556 819 2607 uenturus
836 2559 875 2606 est
963 2551 1090 2605 Posthac
1105 2551 1266 2606 onebirlnbut
1279 2553 1355 2606 lessies
1375 2554 1404 2605 in
1419 2552 1576 2618 Golitaeom3
1599 2566 1653 2607 non
1671 2556 1743 2608 enim

56 2652 80 2700 in
107 2647 249 2702 inundans.
270 2649 345 2702 iesus
359 2663 431 2716 erqo,
453 2662 513 2700 curn
536 2636 698 2715 captionisset
722 2648 788 2715 quin
812 2661 873 2700 ren·
927 2645 1030 2701 uertebat
1046 2647 1074 2698 in
1091 2645 1213 2699 lrrdaeom
1234 2647 1280 2709 ire,
1306 2648 1371 2714 quio
1391 2646 1480 2700 Jrrrtni
1501 2648 1658 2715 quaerebant
1682 2662 1741 2702 cum

56 2744 110 2796 turi
124 2747 211 2796 essem
231 2746 262 2794 nt
276 2756 338 2795 eum
356 2746 482 2810 raperent
501 2744 526 2794 et
545 2754 633 2807 sepem
646 2740 778 2805 seruent,
795 2737 875 2793 disci·
925 2740 1079 2808 interficere.
1094 2739 1180 2795 'lurra
1208 2742 1239 2791 nt
1253 2737 1399 2809 syrnmista
1419 2740 1540 2794 toarrnes
1559 2740 1656 2807 refert,
1670 2757 1742 2812 cog·

56 2835 138 2906 pulos
154 2834 241 2904 jussit
256 2833 286 2887 in
303 2832 459 2887 nauiculam
476 2832 641 2901 ascendere,
660 2848 784 2903 eumque
799 2838 876 2886 trans
926 2832 984 2886 nati
1009 2833 1079 2901 ejus,
1101 2832 1149 2903 qui
1166 2848 1218 2903 pro
1242 2831 1297 2886 ritu
1307 2831 1425 2901 judaico
1440 2834 1541 2887 t'ratres
1555 2833 1742 2901 vocabantur,

56 2934 163 2983 fretum
188 2927 365 2998 qrraecedere,
387 2930 415 2980 ct
435 2927 496 2997 ipse
517 2926 642 2980 demissa
659 2925 741 2980 turba
755 2927 829 2996 serpit
846 2928 876 2980 iu
926 2925 1018 2995 ipsum
1033 2924 1066 2979 ad
1081 2925 1302 2995 scenophegiam
1319 2926 1518 2995 invitaverunt,
1530 2932 1563 2982 ut
1574 2929 1669 2999 palam
1680 2944 1741 2983 sese

53 3028 168 3077 insontem
190 3022 265 3076 solus
286 3035 379 3075 orare.
395 3020 516 3091 Vespere
532 3019 614 3086 iactr),
631 3018 760 3074 uaricula
773 3018 800 3072 in
820 3035 875 3073 rne-
901 3018 1094 3090 ‚ostenderet
1117 3019 1234 3074 rrrundo.
1258 3019 1312 3072 litis
1332 3019 1559 3087 arscendcutibus,
1579 3021 1627 3093 qui
1644 3023 1741 3078 mundi
1807 3058 1810 3063 -

54 3118 99 3169 dio
115 3115 190 3170 niari
208 3114 370 3186 jactalratur
382 3113 524 3178 iluctilnrs,
541 3117 570 3167 et
583 3128 657 3185 pene
674 3118 830 3167 totanoote.
847 3066 913 3165 in(t
927 3111 1091 3182 quaerebant
1103 3111 1234 3183 glorians,
1245 3115 1301 3183 ipse
1312 3115 1450 3167 munsitiu
1459 3114 1609 3170 Gntitaeom.
1618 3114 1742 3186 Scdjam

55 3208 227 3285 remigando
241 3207 437 3262 laborantibus
447 3210 545 3261 sentus
560 3206 690 3261 obstabat
703 3206 873 3261 constrarins.
926 3204 971 3259 die
984 3205 1056 3260 testo
1068 3205 1219 3274 mediante,
1231 3206 1362 3261 ascendit
1375 3207 1401 3261 in
1414 3207 1563 3277 templum.
1575 3208 1742 3263 Mirantibns

52 3305 159 3371 Quarta
182 3304 281 3371 cipitia
300 3304 384 3356 noctis
407 3318 465 3355 curn
491 3302 666 3370 remipnsscnt
683 3301 763 3369 quusi
785 3300 875 3355 studia
926 3299 1035 3353 curretis
1055 3299 1232 3354 deductrina
1252 3300 1322 3370 ejus,
1339 3299 1445 3356 docuit.
1469 3300 1602 3356 Pharisaei
1630 3301 1742 3358 trrrbam

55 3400 154 3464 amirati
172 3399 295 3466 quinque
316 3395 359 3449 eet
373 3396 497 3461 tripintn,
513 3396 586 3448 uenit
607 3395 645 3448 nd
670 3409 712 3449 ens
732 3395 876 3449 ambulans
926 3392 1143 3447 dissentientem
1156 3393 1189 3448 de
1204 3393 1420 3461 dicendumst,
1436 3399 1465 3448 et
1477 3396 1740 3451 ministrusutoum

53 3506 134 3561 snper
146 3505 243 3555 merres
258 3495 283 3545 et
297 3488 428 3549 uidentes,
440 3488 561 3543 timuere
578 3487 643 3560 quia
659 3486 795 3558 putabant
809 3504 874 3542 enm
925 3486 1176 3558 apprehenderent
1201 3488 1348 3542 miserunt.
1375 3488 1430 3543 Sed
1456 3504 1531 3543 nemo
1545 3493 1644 3545 inrum
1668 3492 1744 3546 misd

55 3585 224 3655 phantasma
247 3598 318 3637 esso.
350 3584 408 3635 l‘ru¹
427 3581 528 3638 timore
553 3581 753 3650 clamantibus,
780 3581 874 3636 statim
926 3584 1098 3651 mrtnrrsan'u
1113 3582 1232 3635 nortuum
1247 3588 1357 3636 cencrot
1381 3583 1445 3636 born
1468 3584 1534 3650 ejus.
1548 3586 1578 3638 ln
1600 3587 1742 3639 notsimr'mo

56 3678 124 3732 dixit
136 3679 217 3732 iesus
232 3696 239 3731 ;
255 3680 311 3747 Epo
331 3691 409 3741 sum,·
428 3677 511 3730 notite
526 3677 628 3730 timere.
642 3705 675 3716 -
696 3676 812 3734 Domine.
836 3674 875 3729 in·
926 3675 969 3727 die
999 3690 1097 3742 rnuqno
1129 3676 1302 3740 festivitatis,
1327 3675 1417 3728 stabnt
1442 3678 1518 3729 iesus
1549 3683 1572 3729 et
1594 3677 1741 3740 cloraobot,

57 3770 117 3842 quit
143 3772 252 3836 Petrus,
274 3772 299 3824 si
319 3777 349 3823 tu
372 3785 408 3831 es,
431 3770 499 3838 jube
521 3786 560 3823 me
581 3772 673 3824 neuim
691 3769 729 3823 ud
749 3776 774 3823 te
796 3784 876 3840 super
925 3769 1015 3821 dicens
1030 3787 1037 3821 :
1052 3767 1155 3836 Siquis
1176 3769 1244 3829 sitit,
1256 3770 1346 3822 reniret
1362 3769 1400 3821 rrrt
1412 3784 1452 3822 me
1469 3776 1494 3821 et
1513 3770 1598 3824 bibat.
1615 3771 1669 3837 Qui
1682 3786 1739 3826 cre·

57 3880 152 3934 umens
167 3867 204 3920 At
217 3867 276 3934 ipse
290 3866 353 3917 eit:
378 3866 453 3919 l'eni.
477 3863 637 3919 meconidem
655 3866 751 3918 Petrus
773 3863 807 3916 de
823 3879 873 3916 nn-
926 3862 966 3916 dit
987 3865 1016 3915 in
1038 3877 1089 3922 inc,
1112 3862 1180 3915 sicut
1200 3862 1267 3915 elicit
1288 3861 1442 3933 Scriptura,
1462 3864 1577 3930 dominu
1597 3864 1630 3918 de
1651 3870 1743 3920 uentre

59 3959 153 4018 rr'cnta
167 3959 294 4012 amantur
314 3972 396 4026 super
416 3973 527 4027 uquam,
544 3964 574 4011 ut
600 3958 702 4011 reniret
713 3957 760 4010 'od
773 3958 873 4010 Jesrrm.
925 3956 980 4021 eius
994 3958 1077 4023 parcnt
1099 3970 1177 4024 uquae
1188 3957 1266 4009 uine.
1283 3958 1338 4010 lior
1355 3956 1428 4011 discit
1442 3956 1475 4011 dc
1486 3958 1591 4028 Spiritu
1604 3973 1681 4028 quem
1695 3975 1741 4013 ne·

60 4053 158 4106 t'r'dens
178 4066 241 4105 uero
255 4056 365 4105 aceruum
379 4051 512 4112 solidum,
525 4053 615 4104 timuit
622 4068 630 4117 3
645 4055 671 4103 et
685 4065 744 4104 cum
757 4053 876 4119 cupiisset
925 4052 1030 4120 cepturi
1049 4055 1126 4104 uuest
1147 4049 1284 4104 credentes
1308 4053 1336 4102 in
1360 4066 1429 4104 cum
1457 4052 1581 4109 Nondum
1598 4055 1667 4106 enim
1683 4058 1744 4108 srot

57 4148 140 4215 rumpi
163 4144 313 4199 clamarit:
337 4144 575 4205 bruniacensem
599 4160 641 4199 me
659 4145 716 4209 suc.
742 4143 875 4198 Continuo
923 4144 1042 4213 Spiritus
1073 4143 1175 4202 dertus,
1208 4147 1276 4213 quin
1308 4146 1384 4198 tenes
1411 4145 1531 4199 nondum
1562 4146 1654 4200 iuerat
1685 4148 1745 4216 plo·
1833 4202 1836 4207 ,

56 4242 128 4294 lassu
139 4253 253 4293 moniam
267 4237 407 4305 extendit,
423 4243 491 4292 etse
508 4237 535 4291 in
551 4237 677 4308 periculo
691 4237 873 4291 invocantem
924 4239 1054 4306 rificotus.
1095 4239 1160 4293 tium
1201 4238 1341 4292 annuerent
1368 4253 1499 4293 sermones
1531 4239 1596 4308 ejus,
1628 4241 1743 4310 quidum

58 4331 267 4403 apprehendit:
283 4331 406 4394 Modica,
423 4330 526 4402 inquit,
539 4332 612 4400 fidei,
626 4331 875 4400 quoredubitnstt?
926 4332 1081 4385 dicebant:
1109 4333 1160 4386 llic
1181 4338 1217 4385 est
1244 4347 1306 4385 nere
1329 4333 1468 4403 propbeta.
1495 4333 1556 4388 Atii
1578 4333 1706 4390 timebant
1734 4350 1742 4389 s

61 4426 239 4481 decendente
257 4426 363 4480 lesuin
388 4425 558 4491 naviculam,
579 4425 698 4479 cessarit
716 4430 832 4489 rcutus;
847 4428 915 4518 etD
927 4427 976 4481 Hic
992 4430 1031 4478 est
1043 4425 1176 4479 cbristus.
1201 4426 1317 4492 Occidam
1333 4431 1421 4481 laertem
1439 4427 1584 4482 ductant:
1601 4429 1743 4497 Numquid

60 4518 249 4573 istavidentes
259 4518 449 4573 adoraverunt
462 4523 492 4574 et
503 4518 602 4572 Filium
619 4518 666 4572 Dei
677 4517 798 4573 confessi
809 4524 876 4572 sunt
926 4536 942 4570 n
959 4519 1073 4574 Galilaea
1095 4520 1216 4576 Christus
1234 4523 1349 4587 strepit?
1379 4521 1471 4575 Nonne
1495 4522 1639 4590 Scriptura
1651 4521 1739 4577 dicit:

60 4612 458 4681 :intimante-subtura,
471 4628 507 4682 vr,
519 4614 719 4679 indistorta„
732 4612 873 4681 ruli-itt.
926 4614 994 4679 Quin
1010 4627 1043 4665 en
1063 4616 1164 4667 senrinc
1185 4614 1279 4672 ltues'd,
1301 4620 1326 4665 rt
1349 4613 1382 4666 dc
1397 4612 1526 4668 Bethleem
1546 4615 1672 4677 cnstctto,
1693 4615 1742 4669 ubi

93 4708 166 4761 Nota
185 4707 260 4778 quod
277 4708 398 4761 loannes
420 4706 554 4761 describit
571 4704 741 4761 miraculum
768 4721 874 4777 panum
925 4713 983 4761 ervit
1007 4707 1105 4767 barin,
1121 4706 1344 4764 ismitcbristus:
1361 4706 1490 4759 dissensio
1504 4707 1639 4776 itaquein
1660 4709 1741 4763 turbo

60 4817 146 4872 prope
162 4800 269 4855 Pascha
282 4800 390 4855 lactum
407 4800 512 4856 inisse:
528 4800 674 4856 iiattbaens
688 4816 754 4854 vero
767 4803 795 4853 st
808 4799 877 4854 itar-
922 4804 1035 4870 propter
1060 4815 1120 4853 essm
1141 4801 1217 4865 facto
1237 4806 1285 4851 est.
1305 4798 1422 4853 llinistri
1449 4813 1523 4865 vero,
1543 4798 1592 4871 qui
1617 4801 1697 4856 missi
1723 4818 1741 4858 a

57 4913 106 4950 eus
119 4900 350 4949 commemorant
365 4895 419 4950 boc
435 4895 531 4950 statim
547 4895 639 4949 occiso
648 4896 755 4949 loanns
764 4893 873 4948 iachim
926 4892 1106 4963 pontilicibus
1125 4897 1153 4946 et
1173 4891 1328 4951 Pharisaeis,
1347 4896 1379 4945 ut
1398 4893 1493 4946 lesum
1514 4894 1741 4964 comprehende·
1847 4926 1850 4931 ·

56 5006 127 5045 esse.
151 4989 229 5045 Unde
253 4988 397 5060 colligitur
416 4990 553 5044 ioannem
574 4988 744 5043 imminente
769 4986 875 5041 Pascha
925 4990 1000 5044 rent.
1022 4986 1145 5049 rueram,
1164 4983 1267 5038 ariditis
1288 4985 1469 5039 sermonibus
1482 4985 1554 5056 ejas,
1573 4986 1651 5040 obliti
1675 4992 1741 5043 sunt

56 5084 238 5149 decollatum,
256 5098 389 5154 annoque
407 5083 547 5154 sequenti,
565 5098 630 5137 cnm
654 5082 760 5136 Pascha
778 5080 873 5134 denno
930 5083 1048 5151 propter
1060 5079 1136 5150 qnod
1153 5081 1299 5132 venerant.
1315 5078 1471 5133 Redierunt
1483 5095 1552 5150 ergo
1567 5078 1742 5138 immunesa

57 5177 162 5232 rediret
180 5176 349 5247 mysterium
372 5176 526 5232 borninicae
553 5177 689 5248 passionis
716 5189 778 5229 esse
798 5190 876 5228 cum·
924 5172 1059 5233 crimine,
1083 5172 1159 5244 plisni
1190 5171 1387 5226 admiratione.
1421 5171 1566 5226 ¹atrocibus
1593 5173 1739 5242 magistris

58 5272 177 5343 pletum.
925 5265 1143 5320 discutientibus
1156 5268 1288 5336 prolerre.
1301 5281 1353 5318 rur
1367 5281 1466 5320 eorsum
1479 5265 1598 5320 cliorrtes
1611 5267 1738 5323 rinctum

356 5342 399 5395 Ἣ·
419 5344 574 5413 Sequentia.
925 5360 1051 5415 sibinen
1070 5358 1251 5414 adduxissent
1270 5359 1423 5414 Doctorum
1439 5358 1514 5419 vitre,
1529 5360 1569 5413 illi
1581 5360 1689 5416 coelitus
1704 5362 1739 5416 il-

88 5461 171 5517 iesus
187 5474 253 5515 cum
276 5458 421 5531 discipulis
440 5459 499 5514 suis
513 5458 542 5514 in
564 5464 672 5513 terram
700 5456 873 5511 Genesaretb
926 5453 1033 5509 lustrati
1045 5468 1130 5507 verax
1142 5452 1333 5507 testimonium
1345 5451 1741 5523 perhibuerunltlbristidoc·

55 5555 143 5623 venit,
160 5560 189 5609 et
204 5553 240 5609 ab
259 5553 357 5609 incolis
378 5556 529 5626 gratanter
546 5555 701 5625 susceptus,
724 5548 874 5621 languidos
926 5549 1019 5603 trinae.
1044 5547 1180 5601 Dixerant
1205 5547 1283 5601 enim
1308 5563 1314 5600 :
1342 5549 1488 5617 Nunquam
1512 5549 1551 5601 sic
1577 5548 1682 5604 brutus
1696 5554 1740 5605 ,est

55 5666 157 5707 eorum
165 5648 285 5704 comsit.
297 5648 404 5720 Nempe
419 5645 571 5703 salvatoris
580 5644 760 5717 benignitate
774 5643 873 5710 illecti,
925 5644 1011 5704 bomo,
1024 5643 1092 5697 sicut
1110 5642 1152 5695 bic
1176 5640 1297 5710 loquitur
1316 5640 1402 5695 bomo.
1427 5639 1499 5704 Quia
1519 5639 1658 5696 nimirum
1680 5640 1737 5709 iila,

55 5748 83 5803 it
101 5746 259 5803 eniam
279 5744 413 5817 amonem
433 5742 573 5805 mantnt,
594 5741 670 5815 sique
695 5754 783 5797 omnes
806 5739 876 5796 motc
926 5736 976 5811 qui
997 5734 1179 5810 loquebatur,
1194 5734 1340 5792 beusemt
1355 5740 1383 5790 et
1399 5732 1494 5791 bomo.
1513 5732 1742 5810 superbientiu-
