3750 6046
93 244 160 302 1166
699 248 801 307 LIBER
818 247 862 305 DE
880 246 944 305 SEX
962 244 1152 303 Pulucrrus.
1701 244 1768 303 1166

90 371 225 428 eamdem
238 388 336 429 vocem
353 389 415 429 esse
435 389 500 445 quoe
513 373 661 445 sentiatur,
674 375 723 431 666
736 376 860 432 diverses
873 381 903 432 61
912 387 1039 461 Aquam
1053 373 1210 430 1661166166
1225 374 1286 447 1666
1301 371 1421 446 digestio
1436 388 1443 427 τ
1459 386 1512 445 666
1528 386 1615 446 quam
1635 370 1770 429 61666166

90 466 209 523 invicem
227 466 412 538 spiritualiter
431 483 459 523 66
480 468 633 540 gignentes
653 472 682 525 et
701 465 903 541 exprimentes.
955 468 1051 541 eliqua
1067 468 1111 524 vel
1130 468 1240 539 sedere,
1263 468 1307 523 vel
1329 471 1415 536 61666,
1434 468 1479 522 661
1501 466 1615 534 cubare,
1636 465 1706 523 item
1725 467 1770 523 vel

90 562 133 617 lta
151 560 269 616 concedi
287 564 379 632 potest
397 561 521 632 aliquam
540 577 602 617 esse
619 578 718 619 vocem
734 563 770 618 ab
788 563 904 620 animali
953 578 1064 633 666666,
1079 562 1122 618 661
1141 561 1222 630 16616,
1237 562 1281 617 661
1295 561 1379 618 611166
1393 560 1564 633 composita;
1579 576 1648 616 nam
1661 559 1769 629 666666,

90 672 148 712 666
171 655 289 724 editam,
312 671 378 711 nam
399 671 431 711 66
449 671 513 728 666
534 655 719 728 6616116611166
737 658 855 715 66661161
876 662 905 716 61
954 662 1039 727 61666,
1054 655 1171 727 666666,
1194 655 1332 728 1666666
1353 659 1420 711 6661
1436 654 1557 727 6661166,
1571 653 1621 710 sed
1639 653 1769 711 denomi-

91 749 127 806 66
138 748 239 822 661666
249 747 464 805 similitudinem
474 749 631 821 attingitur,
642 750 775 807 animalis
785 767 836 807 666
846 769 903 808 666
952 751 1045 806 661166
1061 749 1097 805 66
1117 749 1151 805 116
1170 749 1313 806 61666166.
1339 749 1394 807 Sed
1414 748 1504 822 quari
1526 749 1599 804 solet
1620 747 1656 805 de
1679 750 1769 820 recto,

86 847 140 911 cst,
154 843 260 915 quippe
279 858 343 915 que
358 841 393 897 ab
409 843 524 899 animali
544 861 602 900 non
625 844 751 901 eliditur.
767 845 903 919 Alioquin
952 859 1051 913 66666,
1077 842 1217 912 666661116,
1242 844 1354 912 166666,
1381 842 1590 915 quadrangulo,
1606 842 1766 914 triangulo,

88 952 142 992 666
156 936 759 1010 666616666616611666661166ς661666166
773 955 902 1011 unquam
952 936 1088 1007 bicubito,
1115 936 1260 1004 tricubito,
1289 950 1518 1008 magno,parvo,
1544 934 1633 999 66661,
1665 935 1766 1008 longo,

90 1047 191 1087 vocem
216 1030 344 1103 percepit
367 1030 454 1086 ullam
477 1030 506 1086 16
531 1031 700 1088 animalium
721 1032 903 1089 6666116161
952 1031 1101 1101 similibus,
1127 1030 1209 1104 quasi
1231 1031 1356 1104 positum
1376 1029 1532 1102 quemdam
1553 1029 1688 1101 partium,
1714 1043 1768 1085 666
1832 1084 1839 1091 ,

83 1123 204 1197 proinde
219 1140 302 1180 66666
314 1124 449 1179 animalis
463 1140 523 1181 6666
538 1125 735 1197 perhibentur,
748 1142 812 1199 666
824 1126 901 1182 6166·
952 1138 1126 1197 magnopere
1147 1123 1233 1180 aliam
1259 1128 1392 1180 naturam
1418 1122 1580 1195 significare
1606 1122 1770 1179 videantur.

83 1218 208 1274 1166166
231 1234 282 1274 ore
305 1218 394 1290 ipsius
417 1217 576 1289 prodeunt;
601 1220 715 1275 116666
737 1220 773 1275 66
796 1221 902 1276 multos
952 1220 1010 1275 lloc
1041 1218 1119 1274 enim
1154 1233 1287 1289 asperum
1315 1218 1371 1272 6166
1404 1216 1539 1272 scabrum
1568 1232 1629 1273 esse
1656 1215 1772 1285 dicitur,
1846 1238 1849 1244 ·

83 1312 170 1368 66166
192 1311 308 1384 611666,
333 1311 385 1367 666
406 1328 463 1367 666
487 1328 543 1367 666
565 1313 729 1385 pertinebit.
751 1313 804 1370 Ubi
824 1313 901 1370 aliud
951 1312 1032 1384 cujus
1047 1317 1142 1383 partes
1157 1311 1219 1367 aliae
1239 1311 1434 1382 proeminent,
1450 1309 1515 1366 6116
1534 1310 1681 1379 resiliunt3
1700 1309 1769 1366 leve

83 1407 217 1477 simplex,
240 1405 317 1461 aliud
342 1405 542 1477 compositum.
569 1406 697 1478 Simplex
723 1423 755 1463 ex
781 1407 902 1478 simplici
951 1406 1032 1477 cujus
1058 1408 1153 1476 666166
1181 1405 1212 1460 16
1240 1404 1381 1460 directum
1410 1419 1510 1459 omnes
1537 1409 1566 1459 et
1594 1402 1773 1477 aequabiliter

83 1500 145 1556 loco
171 1500 310 1568 nascitur3
336 1500 527 1570 compositum
552 1516 587 1555 ex
615 1500 787 1573 composito.
813 1502 901 1557 Locus
951 1499 1138 1571 complanata
1156 1502 1233 1554 6661.
1258 1499 1313 1553 1166
1335 1502 1364 1553 61
1385 1496 1546 1553 incaeteris
1567 1496 1703 1554 16666166.
1727 1497 1772 1551 116

84 1592 205 1664 simplex
228 1592 339 1648 initium
358 1597 387 1648 et
400 1592 481 1665 origo
500 1593 699 1649 continuorum
712 1599 754 1651 est
761 1611 770 1664 ;
785 1610 899 1666 compo·
952 1593 1061 1665 positus
1087 1609 1147 1648 non
1170 1596 1236 1648 sunt
1259 1591 1355 1646 omnia
1380 1607 1423 1660 66,
1448 1590 1498 1647 666
1528 1590 1677 1663 6661116166
1699 1589 1772 1646 circa

84 1686 154 1742 61166
173 1686 197 1741 16
216 1692 267 1755 661,
284 1687 333 1760 661
356 1687 454 1743 linitur
477 1687 513 1742 ab
533 1687 693 1755 Aristotele,
713 1688 793 1760 cujus
809 1690 902 1761 partes
952 1687 1077 1759 positum
1099 1687 1264 1743 6666661661
1286 1687 1327 1742 lix
1349 1700 1383 1740 66
1401 1684 1478 1740 enim
1500 1684 1577 1756 quod
1599 1685 1695 1756 666166
1716 1682 1772 1740 666
1859 1754 1862 1760 .

84 1780 120 1836 66
135 1780 270 1835 cumdem
293 1780 449 1835 terminum
465 1779 638 1852 junguntur,
655 1780 692 1837 ad
708 1798 795 1853 quem
809 1787 903 1854 partes
915 1755 941 1827 Β
952 1781 997 1836 661
1016 1781 1069 1836 666
1092 1779 1245 1852 disposite,
1259 1778 1368 1851 junctu
1388 1780 1456 1834 6661
1475 1781 1560 1849 61666
1578 1775 1768 1848 6666116616-

84 1874 153 1946 1666
178 1872 304 1945 66666616
326 1873 433 1944 juncte
456 1878 540 1941 sunt;
564 1873 692 1947 corporis
715 1891 783 1930 6666
807 1881 904 1947 666166
953 1873 1083 1930 6166166
1105 1889 1204 1930 666666
1223 1888 1284 1929 6666
1301 1872 1346 1929 661
1366 1887 1466 1944 aspera
1483 1869 1625 1939 66116616,
1644 1868 1773 1926 61666116

84 1967 121 2023 66
135 1970 272 2039 punctum
288 1967 341 2022 1661
356 1970 468 2022 coeunt.
484 1968 526 2022 lta
540 1967 592 2022 loci
613 1968 760 2038 particulae
778 1969 902 2040 particu—
952 1968 996 2023 vel
1011 1967 1154 2035 tricubita,
1169 1983 1228 2022 666
1240 1983 1256 2022 6
1270 1981 1419 2022 converso.
1439 1966 1495 2020 lloc
1514 1964 1607 2036 ipsum
1624 1963 1655 2019 16
1669 1966 1772 2020 661666

83 2061 124 2116 166
139 2060 266 2131 66666616
281 2059 439 2127 166166661,
455 2060 607 2116 16666616
623 2061 764 2134 simplicia
785 2062 903 2117 minime
952 2061 981 2116 id
998 2078 1090 2132 geniis
1105 2060 1222 2116 decerni
1237 2060 1398 2128 conveniet,
1420 2074 1508 2130 quare
1528 2058 1640 2129 singule
1661 2072 1693 2113 66
1714 2072 1771 2112 666

84 2169 188 2226 666666
212 2153 352 2209 obtinent.
372 2153 507 2217 Quocirca
530 2170 623 2225 neque
644 2154 721 2209 locus
744 2155 818 2210 ullus
842 2154 902 2212 sine
952 2156 1060 2227 6661166
1074 2154 1187 2223 666661,
1201 2153 1251 2209 666
1264 2152 1413 2225 6661116166
1427 2168 1462 2207 66
1481 2151 1575 2222 666116
1588 2150 1729 2223 proiectas
1743 2155 1773 2206 61

85 2247 903 2320 6666666666,666666666666116616166166616166666
952 2249 1027 2304 eirca
1050 2249 1178 2320 positum
1203 2247 1371 2302 66661116166
1394 2260 1508 2301 necesse
1531 2251 1585 2300 661.
1606 2245 1640 2299 Et
1658 2242 1779 2299 6166166.

84 2342 136 2396 661.
164 2340 218 2396 Sed
244 2346 359 2395 revocat
385 2340 441 2395 hoc
466 2342 497 2394 in
525 2339 643 2395 dubium
671 2345 815 2413 postrema
840 2341 902 2397 coeli
952 2341 1071 2415 quidem
1085 2341 1243 2413 genusboc
1264 2355 1419 2411 agnoscere
1441 2337 1590 2393 contraria.
1612 2338 1672 2393 buo
1692 2336 1771 2392 66166

83 2432 168 2490 166166
187 2437 266 2490 66166
283 2450 370 2506 quam
388 2433 460 2490 nibil
480 2437 531 2490 661.
555 2435 620 2490 llec
641 2450 708 2491 6666
732 2434 788 2491 6161
810 2440 903 2507 661661
952 2434 1002 2490 1116
1028 2434 1144 2503 666666,
1168 2436 1260 2501 61666,
1286 2432 1427 2488 666166616
1448 2430 1583 2504 suspicari
1604 2444 1770 2502 possumus;

85 2527 163 2599 6666
190 2527 251 2599 1666
275 2527 327 2583 6161
352 2528 430 2582 16666
453 2529 505 2596 611,
527 2530 561 2584 61
583 2529 695 2584 6616666
720 2528 901 2601 exploratum
952 2529 1050 2603 utique
1071 2528 1093 2584 61
1113 2527 1256 2585 666166616
1279 2543 1313 2582 66
1333 2530 1400 2581 6661
1420 2541 1484 2599 qum
1504 2540 1561 2580 uon
1581 2524 1684 2580 ecdem
1701 2525 1772 2581 1666-

84 2622 189 2692 166666,
203 2620 317 2694 666666
331 2620 361 2676 16
374 2621 451 2692 6666
465 2621 593 2677 ambitur
604 2622 724 2678 alterum
737 2628 765 2678 et
780 2622 902 2695 disjune-
952 2639 1021 2695 6666
1041 2621 1180 2679 contineri
1199 2624 1317 2694 possunt
1336 2620 1366 2675 16
1387 2635 1445 2675 666
1466 2620 1573 2692 611666,
1592 2617 1641 2674 sed
1662 2616 1770 2675 vicibus

85 2718 148 2770 tum
166 2714 203 2770 eb
222 2730 256 2771 eo
270 2714 403 2787 6616666
424 2713 523 2771 ambit.
543 2716 638 2781 Quare
654 2715 677 2770 61
690 2716 807 2788 globum
822 2718 903 2774 illum
952 2718 1105 2772 alternant.
1121 2719 1145 2772 ls
1159 2718 1256 2772 autem
1277 2714 1326 2788 qui
1340 2714 1419 2770 sedet
1436 2713 1511 2769 illico
1529 2715 1604 2768 stare
1624 2713 1729 2784 661661,
1743 2716 1772 2767 61
1797 2786 1801 2791 -
1855 2780 1860 2787 Ι

86 2808 227 2864 extimum
249 2809 411 2865 concessuri
432 2825 531 2865 sumus
552 2811 583 2866 16
609 2810 671 2866 1666
695 2826 766 2881 esse,
788 2811 903 2869 diffiteri
953 2811 1003 2884 661
1019 2816 1084 2879 6161,
1098 2810 1212 2878 666666;
1226 2826 1285 2866 666
1307 2812 1403 2864 166666
1421 2806 1525 2863 eodem
1545 2803 1772 2877 1666666116

85 2919 144 2959 666
163 2902 324 2974 poterimus
346 2902 416 2974 quin
439 2903 555 2976 aliquod
570 2908 709 2976 preterea
732 2920 834 2977 corpus
856 2905 902 2976 sit,
952 2905 1094 2960 666166616
1108 2904 1289 2961 deceruimus
1302 2902 1410 2971 666666,
1425 2906 1509 2969 61666,
1523 2899 1654 2973 protinus
1665 2897 1773 2955 adeun·
1821 2964 1826 2971 ¹

85 2996 116 3052 16
129 3012 187 3069 666
200 2996 263 3052 curli
276 2996 361 3052 166166
374 3001 503 3052 extrema
517 2999 904 3073 6666666166;6166161666·
953 2999 1023 3055 dum
1043 3003 1086 3054 est
1106 2997 1331 3065 incommedum,
1348 3000 1379 3052 ut
1398 3011 1456 3051 666
1477 2993 1528 3050 661
1550 3009 1640 3049 unum
1658 2994 1772 3048 contra·

84 3095 166 3146 terea
178 3090 250 3145 61611
265 3093 319 3159 661,
335 3090 426 3163 igitur
443 3107 496 3146 nec
516 3091 545 3146 in
564 3091 626 3148 loco
643 3092 730 3148 166166
743 3093 792 3148 1116
805 3093 901 3150 fuerit.
913 3122 941 3198 C
953 3093 1041 3162 rium,
1055 3093 1104 3148 scd
1118 3092 1166 3148 661
1180 3093 1259 3165 plura
1276 3092 1542 3163 contraponantur.
1560 3088 1629 3142 Nam
1646 3086 1695 3142 illo
1707 3085 1772 3159 qui·

85 3183 141 3240 Sed
159 3200 246 3256 super
264 3184 310 3239 his
329 3183 494 3253 decernere,
517 3200 582 3241 curn
603 3185 829 3258 imperspicuum
849 3192 902 3257 est,
953 3187 1018 3244 dem
1046 3190 1217 3258 argumento
1249 3202 1305 3241 non
1337 3184 1416 3257 prius
1446 3181 1586 3239 666166616
1612 3180 1773 3253 probantur
1836 3236 1839 3242 ,

86 3280 149 3334 tum
170 3277 337 3350 infrequens
363 3281 393 3332 61
417 3276 514 3351 611666
538 3284 637 3335 666166
660 3296 785 3335 sensum.
806 3283 904 3352 lpsum
953 3281 1060 3344 sedere,
1074 3284 1160 3348 61666,
1176 3296 1265 3352 quaxn
1279 3278 1390 3346 sedere,
1406 3276 1585 3342 accumbere,
1602 3290 1669 3330 cum
1682 3289 1770 3329 nemo

84 3370 136 3427 ubi
151 3386 204 3426 666
216 3371 333 3441 remitti,
346 3386 400 3426 nec
419 3370 530 3428 intendi
549 3377 654 3444 661661.
670 3373 732 3428 Nou
753 3373 832 3429 enim
846 3373 903 3430 dici
953 3375 989 3429 sit
1021 3374 1070 3446 qui
1098 3375 1208 3439 sedere,
1239 3379 1324 3441 61666,
1353 3370 1521 3427 accumbere
1551 3368 1641 3441 possit
1669 3366 1771 3424 eodem

86 3468 181 3537 661661
201 3465 325 3521 alterum
345 3465 435 3520 altero
456 3466 521 3537 plus
542 3467 672 3522 66166666
694 3466 724 3521 16
745 3467 809 3523 1666
830 3483 902 3537 6666,
953 3471 1059 3539 666616
1078 3467 1225 3539 temporis,
1243 3482 1301 3522 666
1321 3464 1409 3537 666611
1423 3479 1475 3535 666
1489 3462 1571 3518 vices.
1594 3463 1688 3526 Quare
1702 3476 1772 3516 666-

85 3574 253 3632 quenquam
271 3558 410 3630 majorem
421 3559 464 3616 vel
475 3560 619 3616 minorem
635 3561 730 3617 locum
743 3561 900 3633 possidens.
954 3560 1130 3618 stituendum
1151 3564 1195 3617 est
1217 3559 1327 3632 positus
1352 3556 1495 3629 ejusmodi
1519 3554 1677 3611 6661666166
1697 3554 1773 3611 inter

85 3654 172 3708 Porro
188 3654 252 3724 plus
265 3656 295 3708 et
309 3652 403 3708 minus
422 3669 474 3710 666
490 3653 596 3725 inipso
616 3654 741 3723 ubi‚nec
759 3655 791 3711 16
810 3671 902 3728 quen·
953 3672 984 3712 sc
1003 3672 1058 3711 non
1080 3670 1150 3711 esse.
1169 3656 1340 3725 Quanquam
1353 3650 1475 3707 16616666
1496 3649 1692 3705 66616661666
1712 3663 1773 3704 om·

84 3747 165 3802 111616
186 3746 328 3816 66661166;
341 3751 370 3802 61
384 3747 414 3802 16
434 3747 570 3820 qualitate
588 3748 717 3804 66661166
736 3764 828 3821 genus
848 3749 904 3806 hoc
953 3749 1022 3806 nino
1037 3749 1083 3818 sit,
1097 3747 1283 3805 6166616666
1302 3745 1473 3819 quandoque
1494 3744 1579 3799 unius
1594 3743 1678 3815 plura
1693 3758 1770 3798 oom-

85 3845 114 3896 et
126 3839 273 3895 contrariis
286 3838 401 3909 carebit,
413 3841 481 3913 6616
493 3842 677 3913 nequelccus
691 3841 777 3899 habet
791 3845 904 3899 centra·
953 3849 1082 3916 pareant,
1104 3842 1209 3916 661666
1231 3841 1254 3897 61
1276 3838 1379 3912 6611661
1400 3837 1543 3896 contrarie
1565 3839 1722 3894 noscuntur
1743 3840 1772 3893 et

86 3935 172 4002 rium,
190 3950 242 3989 666
261 3934 339 3989 enim
357 3934 419 3991 1666
437 3934 517 3990 16666
532 3935 692 3992 6661666166
706 3936 836 3993 66616661
851 3954 903 4010 po·
954 3937 1104 3994 canderet
1120 3937 1246 4010 nigritia,
1261 3951 1326 3991 unm
1342 3937 1371 3989 61
1383 3934 1435 3989 666
1451 3932 1527 3988 idem
1540 3931 1769 4004 genusfungun·

86 4033 149 4085 test.
166 4030 198 4084 ln
215 4028 324 4084 caetaris
338 4028 453 4100 quidem
467 4027 515 4083 ubi
531 4045 615 4084 nemo
628 4028 748 4086 dubitet.
762 4030 835 4086 lllud
847 4030 903 4087 dis·
953 4037 1000 4087 166
1014 4036 1043 4087 61
1055 4036 1153 4087 mutuo
1167 4046 1281 4103 666666
1295 4028 1475 4084 commeant?
1488 4029 1532 4082 An
1548 4024 1691 4082 contrarie
1705 4022 1766 4097 pal·

86 4122 280 4194 captationem
301 4121 401 4189 66661,
427 4122 502 4195 6666
524 4123 586 4178 666
610 4123 667 4179 666
689 4140 803 4180 6666666
824 4140 903 4196 6666,
953 4126 1008 4182 1661
1024 4125 1129 4181 666666
1144 4129 1172 4180 61
1187 4123 1304 4195 nigritie
1319 4139 1377 4177 666
1397 4120 1485 4176 66611
1500 4120 1621 4185 Quando
1640 4117 1731 4191 pallor
1743 4120 1773 4174 61

86 4215 305 4284 deorsumesse,
326 4215 852 4285 616661661616666666166616;6666
872 4235 906 4275 ea
954 4220 1048 4275 coeteri
1072 4220 1183 4275 colores
1205 4216 1369 4273 intermedii
1394 4215 1549 4271 consistere
1572 4231 1629 4270 666
1654 4216 1773 4285 6666661

86 4326 150 4382 666
161 4309 190 4364 16
203 4326 317 4365 summo
332 4310 467 4383 aguntub
482 4310 635 4383 usquein
650 4311 709 4367 imo
721 4315 789 4367 6661
802 4311 905 4369 6161666
953 4314 1159 4386 impromiscui,
1183 4312 1233 4368 666
1257 4328 1290 4366 66
1316 4309 1433 4383 nigritie
1458 4308 1636 4380 candoreque
1660 4313 1770 4378 tempe·

85 4404 245 4476 plurimum
260 4409 427 4475 noscuntur,
443 4404 515 4460 61661
528 4408 558 4461 61
570 4406 648 4461 16666
660 4421 802 4477 supernus
813 4406 848 4461 ab
865 4406 905 4462 16·
954 4412 1054 4463 666166
1078 4423 1177 4462 661666
1197 4410 1225 4462 61
1244 4404 1468 4461 confunduntur.
1493 4400 1688 4466 Quamobrem
1710 4399 1771 4455 ubi·

85 4498 177 4553 16666.
193 4499 227 4554 lit
239 4514 303 4553 eum
318 4498 354 4554 ob
368 4514 430 4553 rem
445 4498 494 4555 illa
508 4500 564 4555 duo
579 4499 629 4568 ibi,
642 4516 755 4555 sursum
769 4516 840 4568 6666,
852 4499 1067 4573 6611666666
1100 4501 1144 4555 sel
1181 4500 1286 4571 pallor,
1319 4498 1361 4552 vel
1395 4496 1474 4551 color
1504 4493 1576 4548 alius
1609 4490 1773 4564 hujusmodi

87 4608 184 4647 orsum
201 4608 272 4660 esse,
288 4592 528 4664 quemadmodum
543 4593 606 4667 ipsa
623 4593 694 4663 loca,
709 4593 904 4666 periclitantur
953 4595 1134 4666 conspicitur,
1150 4592 1217 4649 16161
1232 4598 1292 4647 tum
1307 4589 1454 4662 nigritiam
1471 4594 1534 4644 tum
1555 4584 1770 4641 6666666616-

86 4685 314 4743 6666666166616.
329 4687 469 4743 Caeterum
483 4687 532 4759 qui
546 4687 690 4743 contraria
702 4703 736 4743 ea
747 4687 865 4756 1666661,
881 4688 904 4744 16
953 4688 1043 4761 telligi
1060 4686 1251 4743 necessarium
1265 4692 1316 4740 cst.
1332 4686 1395 4741 tum
1414 4680 1623 4739 contrariorum
1641 4677 1773 4734 66161666

85 4780 114 4836 16
137 4781 238 4836 eodem
261 4781 390 4853 subjecto
415 4781 727 4839 666166616616166661.
750 4783 821 4838 lt'am
843 4783 904 4839 666
954 4783 1032 4838 idern
1056 4788 1163 4838 6616666
1185 4797 1275 4854 genus
1296 4777 1402 4835 versari
1424 4794 1430 4832 :
1452 4777 1560 4844 sedere,
1583 4773 1769 4841 accumbere3

85 4891 150 4948 6666
165 4874 239 4943 6166,
256 4891 369 4931 sursum
383 4892 455 4945 ease,
471 4875 608 4933 deorsum
623 4876 843 4934 esseineodcm
856 4876 905 4932 ha·
954 4894 1012 4934 666
1037 4888 1196 4943 uersentur,
1223 4873 1358 4946 quoniam
1386 4871 1486 4928 sedero
1518 4868 1695 4942 praecipuum
1728 4870 1772 4923 661

85 4968 147 5025 6661
161 4972 295 5041 possunt3
307 4969 406 5026 eadem
419 4970 497 5026 enim
510 4975 593 5027 66661
603 4987 716 5027 sursum
729 4973 758 5029 61
770 4971 903 5027 deorsum
954 4972 1138 5040 hominibus,
1162 4968 1333 5025 accumbere
1355 4964 1571 5031 translatitium,
1595 4977 1661 5017 uam
1684 4963 1713 5016 61
1735 4959 1772 5017 66

85 5081 146 5121 esse
170 5064 281 5133 dicitur,
297 5067 393 5123 166666
415 5083 473 5123 666
494 5067 530 5123 66
551 5067 627 5124 idem
649 5068 738 5124 661616
762 5069 794 5123 61
818 5067 904 5124 minse
956 5058 1508 5138 6661666666666611661;6161166666
1523 5056 1618 5113 minus
1628 5052 1772 5111 recumbit

84 5159 208 5216 turrium
222 5166 395 5233 comparata
409 5161 445 5216 ad
461 5177 513 5217 nos
523 5178 637 5218 sursum
650 5166 728 5231 6661,
740 5161 777 5218 66
788 5162 906 5219 6661116-
955 5161 1013 5217 6166
1038 5159 1123 5216 66661
1148 5175 1247 5231 66666,
1272 5172 1359 5229 quam
1384 5154 1471 5210 horno
1495 5151 1603 5225 6661166
1626 5166 1633 5206 :
1655 5166 1708 5206 nec
1730 5148 1774 5206 in-

84 5253 158 5309 ciem
171 5254 315 5310 deorsum.
327 5256 399 5312 item
413 5256 540 5311 laturum
553 5260 596 5313 est
610 5260 640 5312 ut
652 5255 729 5312 idem
744 5256 839 5329 ipsum
852 5255 905 5313 sibi
955 5255 1050 5322 tendi,
1079 5270 1132 5308 nec
1157 5251 1266 5308 remitti
1291 5252 1428 5323 6666661,
1451 5247 1520 5321 6616
1544 5262 1638 5319 66666
1663 5244 1773 5319 6661166

84 5348 262 5404 contrarium
276 5347 335 5404 fiat.
352 5348 381 5405 Si
403 5349 479 5404 euim
499 5352 592 5422 potest
606 5348 681 5406 idem
700 5353 729 5405 61
747 5366 861 5406 sursum
875 5355 906 5406 et
956 5348 1048 5422 megia
1066 5348 1110 5404 rel
1125 5348 1221 5403 minus
1241 5349 1284 5402 est
1300 5344 1401 5401 sedere
1423 5357 1510 5416 quam
1524 5340 1703 5412 recumbere,
1719 5356 1772 5397 666

85 5441 218 5498 deorsum
232 5458 304 5510 esse,
316 5442 448 5514 protinus
461 5459 545 5515 quam
560 5448 708 5516 ponuntur
716 5442 904 5500 6661616666
955 5442 1060 5499 sedens
1073 5441 1176 5515 aliquis
1191 5441 1233 5496 661
1249 5438 1420 5496 recumbens
1433 5436 1497 5509 plus
1515 5435 1647 5491 minusve
1669 5434 1772 5490 sedens

84 5536 236 5605 contraria,
252 5536 330 5592 idcm
346 5537 439 5609 ipsum
453 5537 505 5593 sibi
517 5536 693 5594 6661666166
707 5537 838 5595 eflicitur.
851 5540 905 5595 Per
955 5544 999 5593 661
1014 5538 1058 5593 661
1072 5535 1243 5593 recumbens
1258 5549 1345 5608 quam
1364 5531 1447 5588 alter.
1471 5530 1540 5586 lllud
1560 5545 1627 5586 6666
1650 5527 1774 5602 perticu-

84 5631 147 5686 hmc
159 5647 224 5703 qum
238 5630 313 5687 61616
329 5634 405 5700 6661,
420 5631 448 5687 16
466 5632 599 5704 6666661
615 5632 644 5688 16
667 5634 727 5690 1666
749 5631 906 5700 66661166-
955 5632 1014 5687 lare
1036 5630 1146 5703 positus
1167 5628 1261 5686 omnis
1280 5624 1657 5698 6666666161661666666
1672 5620 1790 5669 svasw-

85 5740 151 5781 rum
167 5742 184 5780 a
198 5724 348 5781 6661666116
362 5725 510 5782 666661166.
958 5742 1044 5785 sactu
1072 5724 1246 5784 accidentes
1268 5720 1412 5796 prox'nna
1434 5711 1597 5787 66666661
1616 5705 1663 5755 aa
1679 5698 1823 5749 6666666·

114 5817 225 5876 Posilus
250 5823 294 5878 est
318 5819 465 5880 collocatio
492 5822 631 5899 6666666
658 5824 792 5904 partium
820 5832 853 5889 ct
879 5843 919 5889 00,
970 5822 1162 5888 6666161116
1181 5819 1270 5884 66166
1287 5808 1515 5877 6666666166
1538 5808 1611 5854 esau
1624 5777 1866 5858 uur'ffiffi
