3750 6046
58 316 61 321 ¹
154 250 207 305 sis
840 242 1001 304 onosma
1020 238 1152 305 virutts
1787 254 1833 307 su

157 397 192 436 nc
207 378 386 436 sermonibus
400 375 474 448 pacis
487 373 698 446 obsequeretur,
724 378 898 430 avertenmt.
920 377 971 430 Re·
980 379 1115 461 Assenses
1140 377 1293 446 conjuravi,
1320 376 1385 431 dum
1412 376 1446 429 nb
1468 378 1505 431 er's
1529 379 1704 440 recessissem,
1732 392 1767 432 ne
1787 377 1834 433 alti

155 472 354 532 nuntiantibus
366 471 467 543 legatis
480 470 553 543 quod
569 471 636 537 driu,
652 469 753 540 suique
766 469 892 524 fautores
912 486 970 525 non
1020 471 1164 527 redderent
1191 471 1303 527 Falesia
1321 472 1510 532 minutionem,
1526 472 1583 525 nisi
1599 470 1680 540 milii,
1693 472 1750 526 siae
1762 470 1830 527 Gatt-

53 638 56 647 .
155 586 266 642 pacem,
288 568 338 623 sed
353 566 459 622 bellum
483 562 655 620 omnimodis
668 566 810 635 optarent,
824 579 885 630 rex,
915 564 970 619 ileo
1021 566 1098 619 telino
1113 565 1145 619 de
1158 566 1298 625 aaronis,
1316 580 1393 634 quem
1408 567 1436 619 in
1450 565 1575 620 omnibus
1586 565 1762 635 comprobant
1771 565 1829 634 tide-

155 680 216 719 sose
239 660 452 728 commendans,
470 658 522 713 ait:
538 660 618 715 Novit
638 659 802 728 omnipotens
830 660 908 719 bens,
939 660 969 711 iu
1020 658 1079 712 lem.
1096 660 1282 727 Nuncipr'tur,
1304 661 1392 725 frater
1411 661 1459 721 mi,
1482 660 1595 726 festina
1617 663 1644 713 ct
1665 657 1828 714 Guillelmum

157 774 236 829 quem
250 756 338 817 credo,
354 754 427 825 qaod
437 769 488 822 pro
502 752 630 807 desolata
639 752 726 822 plebis
737 752 910 806 subventione
922 752 969 806 hoc
1020 753 1057 805 ud
1079 752 1262 821 recipiendam
1275 754 1431 821 (trms'totem
1446 753 1562 817 destina,
1579 767 1612 807 nc
1632 752 1783 808 Radbertus
1801 753 1828 807 de

156 857 290 909 certamen
302 852 370 904 ineo.
385 850 478 918 Ipsam
492 849 621 914 sectorem
634 850 759 900 nostmm
777 848 872 901 intimo
891 845 969 900 corde
1018 848 1131 902 tlalamo
1144 852 1168 901 te
1194 847 1365 917 subreptione
1376 849 1525 916 praesentat
1539 846 1649 916 aliqua,
1671 852 1698 901 et
1710 848 1824 915 manha·

154 947 266 1017 deposco
290 950 319 998 ut
338 943 383 997 itti
405 942 449 996 det
470 941 613 995 uictoriam
631 942 661 994 in
682 942 807 1009 conflictu
827 939 967 1002 hodiemo,
1018 956 1090 994 marm
1112 942 1287 995 mentitionem
1296 956 1501 1013 preoccupans,
1517 956 1566 1010 per
1581 940 1718 995 norsnutta
1734 940 1826 995 tibine·

152 1056 201 1114 per
222 1054 300 1108 quam
320 1051 368 1092 suo
382 1036 493 1091 tutelam
512 1039 538 1090 et
554 1036 670 1104 quietem
690 1034 807 1089 decreuit
828 1033 894 1088 darc
915 1049 966 1103 po-
1017 1037 1097 1088 sistnt
1121 1039 1251 1105 tempos-u.
1277 1035 1337 1089 Rex
1362 1039 1467 1105 autem
1483 1033 1676 1089 amicabiliter
1698 1035 1729 1087 et
1756 1039 1826 1088 cauto

149 1135 229 1203 puto.
1017 1127 1134 1182 fratrem
1162 1143 1256 1181 secum
1271 1127 1398 1195 adduxit,
1424 1132 1452 1181 et
1475 1126 1626 1198 prelatum
1655 1125 1779 1181 militem
1799 1126 1826 1181 ad

188 1227 236 1281 Ris
256 1225 347 1292 dictis,
376 1223 558 1294 magistratus
580 1221 695 1277 familias
717 1238 775 1276 suae
791 1220 965 1289 convocavit,
1017 1221 1239 1275 nanciscendum
1255 1220 1394 1291 oppidum
1414 1220 1545 1275 celeriter
1561 1220 1732 1275 transmisit.
1748 1221 1826 1284 Quem

153 1322 189 1377 ad
197 1320 436 1393 proeliumomnes
445 1316 771 1386 iustruxit,hreriterque
779 1314 965 1376 commonuit,
1017 1315 1079 1385 ipso
1096 1315 1227 1386 protinus
1248 1318 1372 1381 secutus,
1387 1314 1524 1369 Falesiam
1537 1315 1716 1386 properavit,
1740 1315 1827 1385 jussu·

153 1421 239 1489 prout
253 1412 451 1487 opportunitas
466 1410 519 1466 loci
535 1414 563 1466 et
576 1410 713 1481 temporis
727 1409 832 1480 exegit.
850 1406 965 1462 Raiual·
1018 1425 1073 1479 que
1100 1409 1180 1463 discis
1195 1408 1385 1464 niunitionem
1411 1413 1439 1462 et
1454 1407 1624 1463 fidelitatem
1646 1407 1826 1479 burgensium

51 1518 56 1527 '
154 1512 221 1568 dum
244 1525 311 1564 vero
334 1508 369 1563 de
392 1502 897 1573 Guarenna,etomnesaliosquiin
917 1501 965 1555 hi·
1017 1503 1133 1574 recepit.
1161 1504 1238 1557 Tunc
1260 1503 1321 1574 regi
1336 1502 1501 1557 Guillelmus
1523 1517 1604 1573 puer,
1621 1502 1674 1573 qui
1686 1501 1827 1556 nutrieba-

153 1605 231 1660 vensi
245 1601 359 1658 basilica
382 1600 457 1671 capti
480 1599 601 1668 fuerant,
618 1597 747 1664 absolvit,
774 1601 803 1651 et
817 1595 963 1651 ecclesiam
1016 1599 1063 1651 tur
1077 1596 1196 1665 ibidem,
1211 1597 1313 1651 allatus
1326 1600 1378 1653 est.
1394 1596 1497 1663 Quem,
1511 1612 1571 1667 pree
1585 1596 1690 1651 timore
1705 1602 1825 1652 tremen-

152 1714 216 1770 qure
229 1696 377 1752 combusta
390 1694 485 1748 luerat
497 1708 557 1748 sese
570 1694 791 1747 restauraturum
805 1693 860 1747 Deo
881 1689 964 1744 devo·
1018 1697 1086 1757 tem,
1096 1705 1146 1744 rex
1156 1691 1368 1761 contemplatus
1377 1695 1429 1757 est,
1439 1688 1580 1760 variisque
1592 1689 1622 1744 in
1635 1694 1740 1745 tenera
1753 1694 1828 1746 aetate

152 1793 199 1847 vit.
228 1789 332 1845 Deinde
355 1788 468 1844 ferratae
488 1786 562 1841 acies
576 1785 715 1840 ordinater
729 1788 809 1853 sunt,
829 1788 858 1840 et
879 1783 964 1839 disci·
978 1760 1005 1833 Β
1017 1783 1180 1839 infortuniis
1193 1784 1353 1855 impetitum
1368 1783 1496 1838 dulcibus
1511 1783 1660 1854 ommissis
1673 1785 1829 1840 consolatos

152 1884 331 1957 plinabiliter
352 1882 465 1953 stipatae
487 1883 696 1952 processerunt.
724 1878 848 1933 Primam
875 1878 967 1933 aciem
1018 1881 1068 1933 est.
1098 1877 1216 1944 ileinde,
1244 1894 1279 1933 ne
1305 1878 1399 1949 aliqua
1424 1877 1478 1932 sibi
1504 1877 1614 1932 occasio
1640 1877 1829 1949 derogationis

154 1979 225 2034 rexit
247 1977 406 2035 Rannullus
433 1973 613 2045 Rajocensis;
639 1972 791 2029 secundam
805 1970 965 2026 Rodbertus
1018 1972 1150 2038 oriretur,
1165 1971 1187 2026 si
1200 1988 1273 2043 puer
1285 1971 1314 2026 in
1326 1988 1413 2026 mauu
1431 1972 1492 2043 ejus
1508 1971 1638 2043 quolibet
1649 1972 1757 2027 infesto
1771 1989 1829 2027 casu

153 2069 470 2136 comesllellentensis3
500 2067 613 2122 tertiam
638 2083 704 2122 vero
732 2065 902 2123 Guillelmus
933 2066 967 2121 de
1018 2066 1176 2133 laederetur,
1191 2065 1328 2137 peculiari
1338 2065 1390 2119 sub
1406 2067 1494 2120 tulela
1509 2081 1576 2120 cum
1590 2065 1720 2121 retinere
1733 2066 1828 2134 noluit,

153 2167 313 2222 Guareuna.
337 2163 385 2218 llic
398 2162 535 2218 nimirum
552 2178 604 2232 pro
620 2160 797 2216 absolutione
811 2159 904 2216 fratris
924 2159 967 2214 sui
1018 2160 1067 2214 sed
1088 2159 1174 2214 llcliee
1189 2160 1224 2214 de
1238 2160 1339 2214 Sancto
1365 2158 1482 2215 Sidonio
1496 2158 1531 2213 ad
1546 2158 1731 2215 educandum
1754 2176 1827 2214 com·

152 2260 232 2315 valde
246 2260 356 2314 lmtatus
371 2261 422 2326 est,
446 2261 618 2326 cunctosque
632 2255 752 2321 sodales,
767 2258 799 2309 ut
817 2253 965 2308 invincibi-
1018 2257 1170 2313 mondavit.
1178 2257 1276 2313 Eidem
1285 2257 1393 2328 quippe
1400 2257 1661 2329 militijampridem
1669 2258 1729 2314 dux
1738 2258 1828 2325 liliam,

152 2354 219 2409 liter
234 2352 412 2419 dimicarent,
428 2349 564 2405 audacter
579 2349 743 2403 exhortatus
756 2350 808 2402 ost.
835 2349 894 2402 Rex
915 2364 964 2400 au·
1018 2350 1053 2406 do
1064 2351 1163 2421 pellice
1176 2351 1229 2406 sibi
1242 2356 1352 2418 natam,
1364 2350 1491 2417 dederat,
1506 2354 1534 2406 et
1545 2354 1737 2407 llrcacensem
1751 2351 1829 2407 comi·

153 2452 211 2504 tem
225 2447 331 2519 Anglos
351 2449 380 2499 ot
394 2446 571 2500 Narmannos
584 2459 680 2499 secum
698 2442 810 2514 pedites
825 2441 964 2510 detinuit;
1017 2449 1107 2500 latum
1142 2445 1313 2515 concedens,
1352 2445 1427 2500 inter
1461 2446 1617 2516 praecipuos
1653 2447 1829 2502 hormannia

152 2542 329 2596 Cenomanos
353 2544 450 2594 autem
477 2539 505 2591 et
538 2536 666 2591 Britoues
696 2537 781 2608 longe
807 2535 837 2589 in
865 2552 965 2605 campo
1017 2538 1230 2594 baronesillum
1251 2544 1441 2610 promoverat.

151 2651 216 2691 cum
243 2634 320 2689 llelia
350 2632 466 2686 consule
499 2629 652 2685 constituit.
682 2630 719 2683 lix
752 2628 871 2683 adversa
898 2645 966 2685 vero
1053 2631 1161 2688 luditis
1192 2632 1353 2687 rumoribus
1378 2632 1413 2686 de
1439 2631 1556 2687 victoria
1582 2632 1677 2703 regis,
1707 2634 1828 2706 religiosi

152 2731 234 2800 parte
260 2726 425 2782 Guillelnrus
453 2740 547 2780 comes
561 2723 759 2778 lloriloliensis
778 2722 868 2778 aciem
885 2722 967 2779 duxit
1018 2726 1122 2798 qiiique
1147 2726 1232 2781 laetati
1252 2729 1326 2780 suut.
1345 2726 1464 2796 Exlcges
1477 2731 1571 2781 autem
1594 2732 1621 2781 et
1643 2727 1829 2799 malignitatis

150 2823 291 2894 primam,
326 2824 354 2874 et
385 2818 547 2874 Radbertus
572 2816 759 2872 belesmensis
795 2820 964 2872 extremam.
1016 2819 1669 2891 amatorescontristatiluxerunt,quiajugum
1688 2820 1830 2877 indomita

151 2918 278 2986 Cumque
303 2913 389 2967 simul
416 2912 556 2967 exercitus
581 2910 791 2979 convenissent,
818 2913 848 2965 et
862 2915 965 2966 turmae
1017 2914 1186 2969 cervicisuae
1200 2913 1335 2968 divinitus
1345 2913 1510 2984 impositum
1521 2929 1573 2984 pro
1588 2920 1668 2969 certo
1683 2918 1828 2970 noverunt.

151 3008 295 3064 Guillelmi
318 3006 429 3062 comitis
455 3006 667 3061 coetusRanulli
692 3005 775 3059 ferire
792 3007 965 3076 satagerent,
1017 3010 1087 3062 Nam
1117 3007 1240 3063 seditiosi
1271 3006 1433 3078 praedones,
1466 3024 1499 3062 er
1525 3024 1582 3079 quo
1610 3008 1828 3081 sceptrigerum,

151 3108 232 3158 talita
245 3101 385 3157 densitate
408 3099 560 3170 constipati
586 3104 675 3165 erant,
696 3099 767 3152 etin
782 3098 967 3153 armisindis-
1018 3118 1103 3173 quem
1129 3102 1233 3156 fortem
1257 3101 1442 3173 justitiarium
1469 3101 1536 3155 olim
1560 3102 1828 3174 comprobaverunt,

152 3196 311 3252 solubiliter
324 3195 446 3262 stabant,
460 3198 493 3248 ut
506 3193 577 3247 nihil
592 3192 633 3247 eis
658 3192 756 3247 obesse
776 3196 900 3263 possent,
917 3193 966 3249 sed
1018 3195 1241 3251 adminiculante
1268 3197 1334 3263 ilco,
1360 3196 1535 3266 superiorem
1554 3192 1683 3251 hostibus
1704 3197 1735 3252 in
1759 3196 1829 3252 bello

151 3291 253 3346 alterni
268 3291 386 3345 conatus
411 3285 646 3358 impenetrabiles
673 3285 785 3340 obstare
808 3285 966 3341 studerent.
1017 3290 1239 3361 comperierunt,
1253 3290 1351 3361 agnita
1363 3289 1415 3344 riri
1429 3289 1531 3344 virtute
1545 3306 1596 3361 pro
1612 3289 1727 3347 diversa
1740 3291 1829 3346 statim

151 3383 333 3439 [letantibus
357 3381 489 3453 utrinque
506 3384 534 3435 et
550 3379 782 3449 vociferantibus,
797 3380 885 3434 llelias
900 3396 964 3434 cum
1016 3385 1077 3439 loca
1092 3383 1277 3455 dillugcrunt,
1292 3386 1321 3438 et
1336 3384 1393 3437 solo
1406 3384 1510 3439 timore
1521 3383 1622 3439 illiusa
1639 3384 1732 3440 solitis
1745 3386 1829 3440 inles-

152 3480 208 3533 suis
224 3478 319 3532 subito
344 3476 436 3543 irruit,
451 3479 508 3530 ete
523 3475 612 3530 latere
623 3474 748 3529 inermes
761 3473 841 3527 ducis
854 3472 966 3543 pedites
1015 3478 1172 3533 tationibus
1198 3483 1386 3532 cessaverunt.
1412 3477 1529 3532 Nefariis
1543 3493 1612 3549 ergo
1627 3479 1760 3551 collegiis
1780 3481 1829 3534 hac

152 3571 299 3644 percussit,
324 3575 351 3624 et
378 3585 464 3626 ccxxv
492 3585 559 3624 mox
584 3567 734 3622 interfecit·
759 3566 840 3630 Quod
855 3566 964 3633 videns,
1016 3571 1828 3645 stillacdispersis,scliematamutareruut,quiareperiri,

152 3666 310 3722 Radbertus
336 3663 525 3719 Belesmensis
550 3664 648 3733 fugam
665 3662 736 3728 iniit,
753 3668 781 3716 et
795 3661 963 3717 dissolutum
1016 3682 1065 3720 seu
1088 3665 1221 3736 cognosci
1244 3664 1278 3719 ab
1302 3664 1343 3718 his
1357 3681 1427 3736 quos
1439 3665 1641 3737 protriverant,
1672 3666 1829 3723 admodum

152 3759 233 3814 ducis
248 3775 353 3830 agmon
366 3757 519 3812 victoribus
528 3756 621 3811 cessit.
1016 3759 1182 3814 timuerunt.

182 3854 260 3908 Tunc
284 3851 451 3906 Gualdricus
473 3850 575 3905 ducem
588 3849 815 3921 comprehendit,
832 3853 860 3903 ct
874 3850 965 3921 regali
1052 3855 1109 3908 Rex
1124 3853 1264 3924 siquidem
1281 3870 1347 3908 cum
1362 3853 1433 3908 duce
1453 3853 1664 3924 llothomagum
1680 3854 1761 3923 adiit,
1775 3862 1829 3911 ela

152 3946 293 4001 custodire
313 3943 495 4014 mancipavit.
512 3945 535 3997 ls
550 3942 685 3997 nimirum
700 3944 863 4013 capellanus
876 3944 962 4013 regis,
1016 3947 1121 4002 civibus
1133 3946 1325 4002 favorabiliter
1340 3951 1482 4018 exceptus,
1503 3953 1635 4018 paternas
1654 3949 1734 4020 leges
1748 3967 1828 4005 rono-

151 4038 200 4110 qui
223 4038 364 4093 militibus
387 4036 508 4092 sociatus
533 4037 563 4089 in
579 4036 732 4090 certamine
754 4036 890 4104 constitit,
908 4053 963 4091 non
1015 4041 1100 4109 ravit,
1125 4040 1314 4111 pristinasque
1330 4040 1408 4095 urbis
1430 4040 1583 4112 dignitates
1603 4041 1738 4099 restituit.
1752 4044 1828 4115 Rugo

151 4131 241 4188 marito
255 4136 319 4203 post
334 4129 526 4185 haudunensis
539 4129 734 4199 (5llpontilex
763 4130 962 4201 factus,paro·
1014 4134 1714 4206 autemdellouanto,ducejubente.regiarcem
1729 4138 1827 4194 Rotho·

150 4224 267 4280 chianos
290 4224 376 4279 nimis
401 4221 676 4295 aggravarit3undo
699 4222 835 4277 acisibus
849 4224 906 4277 suis
935 4224 964 4278 iu
1015 4231 1092 4299 inagi
1107 4228 1238 4295 reddidit,
1255 4228 1459 4301 propriumque
1471 4228 1622 4297 honorem,
1637 4247 1726 4301 quem
1741 4231 1828 4287 Beles-

149 4320 272 4392 quodam
290 4318 441 4385 viridiario,
465 4317 536 4373 feria
556 4332 583 4370 vr
596 4318 755 4385 Parasceve,
776 4333 840 4372 crim
856 4323 963 4389 septem
1015 4322 1121 4377 mensis
1136 4323 1223 4377 licius
1238 4321 1264 4377 ei
1286 4321 1448 4392 abstulerat,
1464 4322 1543 4394 regia
1558 4323 1584 4377 ri
1597 4326 1788 4395 recuperavit,
1800 4332 1827 4380 ct

147 4413 306 4485 majoribus
326 4412 449 4468 ecclcsiae
476 4410 624 4479 ministris,
650 4427 798 4482 percussus
819 4411 961 4467 occubuit.
1015 4417 1092 4471 omni
1120 4417 1176 4471 vita
1201 4432 1249 4471 sua
1274 4415 1458 4487 postmodum
1481 4416 1510 4471 in
1533 4432 1603 4488 pace
1618 4418 1753 4489 possedit.
1776 4420 1827 4475 aiii

148 4509 276 4563 lleitones
310 4513 407 4561 atatem
432 4505 617 4561 Guillelmum
642 4505 777 4560 comitem
802 4513 941 4578 ceperunt
953 4548 960 4573 ,
972 4506 1001 4577 D
1013 4526 1125 4582 quoque
1138 4510 1296 4582 municipes
1321 4526 1374 4581 per
1397 4513 1485 4566 totam
1500 4510 1708 4567 Normanuiam
1724 4530 1741 4568 a
1755 4511 1825 4569 duco

145 4603 248 4674 quibus
263 4618 311 4655 rer
327 4605 356 4656 et
370 4600 453 4656 amici
466 4599 527 4671 ejus
540 4599 586 4653 rix
601 4597 788 4654 abstulerunt.
802 4599 960 4655 Rodbertus
1009 4604 1130 4658 absoluti
1159 4610 1234 4673 sunt,
1260 4619 1350 4674 eoque
1375 4605 1531 4672 aunuente,
1557 4603 1652 4659 omnia
1676 4606 1827 4667 reddentes

143 4696 177 4751 de
199 4694 343 4751 Stoterilla
370 4697 399 4749 et
427 4693 591 4749 Guillelmus
616 4692 653 4747 de
681 4693 827 4761 terrariis,
854 4694 959 4765 aliique
1009 4698 1177 4770 municipia,
1192 4697 1395 4768 triumphatori
1415 4698 1590 4753 reconciliati
1606 4702 1683 4753 suut.

145 4791 241 4861 phucs
253 4789 423 4859 captisunt;
438 4803 562 4859 qrrorum
576 4786 703 4857 quidam,
719 4785 811 4857 gralia
824 4788 900 4858 regis
914 4788 960 4843 ab
1046 4795 1076 4848 ln
1102 4792 1197 4846 medio
1222 4791 1338 4847 Octobri
1363 4790 1455 4864 [titel
1480 4808 1527 4846 rex
1557 4791 1717 4849 Lexovium
1741 4796 1825 4864 venit,

144 4884 239 4953 soluti,
264 4898 315 4953 pro
340 4881 491 4954 impetrata
516 4880 645 4936 libertate
660 4880 895 4951 tripudiaverunt,
912 4883 959 4937 alii
1009 4891 1127 4941 cunctos
1135 4886 1287 4957 optimates
1295 4885 1431 4941 Naustrim
1445 4885 1619 4955 convocarit,
1630 4892 1659 4943 et
1672 4888 1825 4945 utillimum

144 4994 221 5045 voro,
237 4975 467 5047 promerentibus
480 4974 581 5046 culpis,
605 4990 693 5045 usque
709 4974 745 5029 ad
759 4981 880 5031 mortem
897 4977 957 5031 vin·
1009 4980 1140 5037 Ecclesiae
1167 4980 1218 5034 [lei
1245 4980 1395 5036 consilium
1423 4980 1525 5036 tenuit.
1553 4981 1593 5035 lbi
1616 4982 1717 5037 statuit
1739 4983 1826 5055 regali

145 5070 194 5126 ciis
209 5069 310 5124 irretiti
327 5074 405 5124 sunt.
1009 5075 1153 5129 sanctione
1179 5080 1208 5128 ut
1232 5074 1315 5129 lirma
1337 5091 1392 5146 pax
1408 5091 1462 5146 per
1477 5090 1576 5131 omnes
1601 5080 1736 5132 teneatur
1757 5079 1826 5132 lines

180 5164 234 5218 Rei
250 5165 356 5235 itaque,
370 5162 488 5217 victoria
504 5162 643 5233 gaudens,
669 5166 756 5218 coetus
772 5179 839 5218 suos
852 5180 955 5218 convo·
1008 5167 1204 5223 hormannus:
1224 5173 1265 5237 ut,
1280 5168 1432 5223 latrociniis
1447 5169 1565 5224 omnino
1578 5172 1750 5242 compressis
1763 5188 1825 5227 eum

144 5257 227 5326 cavit,
244 5272 290 5311 ros
304 5272 368 5311 suas
381 5255 539 5328 prudenter
552 5255 701 5328 disposuit,
716 5261 745 5312 et
757 5263 852 5330 captos
865 5257 959 5313 hostes
1009 5261 1178 5332 rapacitate,
1194 5278 1294 5317 omnes
1308 5262 1433 5318 ecclesiae
1458 5263 1664 5335 possessiones,
1685 5265 1761 5322 sicut
1780 5283 1825 5322 eas

144 5350 265 5406 solerter
283 5348 418 5404 custodiri
439 5349 652 5420 praecpitem
675 5349 730 5404 dur
752 5350 808 5405 ait:
833 5351 957 5407 Prodito·
1009 5355 1055 5411 die
1076 5372 1133 5428 qua
1156 5359 1235 5427 pater
1260 5356 1320 5427 ejus
1333 5356 1482 5413 defunctus
1501 5360 1543 5412 est
1556 5357 1705 5429 tenebant,
1721 5360 1824 5434 aliique

142 5460 185 5500 res
203 5444 357 5501 Normonm'
371 5443 570 5511 fraudulentiis
583 5445 638 5499 suis
651 5460 692 5498 me
704 5444 882 5509 seduxerunt,
902 5452 929 5501 et
942 5463 959 5501 a
1008 5448 1196 5505 nihilominus
1222 5450 1345 5522 legitimi
1370 5450 1498 5507 haeredes
1522 5451 1699 5524 possideant.
1723 5454 1825 5511 Omnia

143 5537 260 5593 consiliis
272 5539 336 5599 tuis,
349 5537 440 5604 trater
452 5538 500 5599 mi,
514 5552 575 5606 pne
588 5552 648 5593 oere
667 5539 735 5593 mihi
746 5540 871 5595 salubria
884 5541 957 5609 tuis·
1008 5560 1123 5618 quoque
1140 5544 1270 5600 dominia
1283 5545 1371 5616 patris
1393 5546 1438 5601 sui
1458 5563 1517 5602 suos
1532 5548 1701 5620 proprietati
1715 5549 1821 5605 manci·

142 5636 212 5697 sent,
234 5632 259 5687 si
276 5634 440 5687 sectatrices
458 5631 635 5699 fuissemme
659 5633 867 5693 meteororum.
880 5635 957 5693 Falc-
1009 5636 1273 5712 pavil,judieioqua
1292 5638 1455 5713 sapientum
1469 5640 1825 5719 unnenscmsnitqoo

153 5814 208 5877 pttj
226 5813 372 5869 camaras
388 5816 587 5885 landavensis,
610 5817 689 5887 quod
709 5821 752 5876 vir
773 5820 901 5877 eruditus
920 5822 961 5879 la
975 5822 1093 5881 Precost
1105 5840 1142 5881 ex
1153 5824 1216 5881 cod.
1227 5827 1396 5883 emendarit.
