3750 6046
590 206 761 267 EPlSTOLAE
781 206 823 265 ET
842 208 1045 266 PRlVlLEGlll.
1061 235 1095 252 ι·
1109 210 1164 265 nn.
1187 208 1265 267 tint.
1700 210 1769 267 tott

909 334 984 421 Alis
999 334 1163 391 indiscussa.
1178 336 1216 393 lte
1226 335 1307 407 cujus
1321 333 1421 409 utique
1432 332 1541 393 actibus
1554 332 1591 391 ad
1603 350 1689 391 aures
1700 351 1766 392 uos·

948 434 1005 483 tras
1020 428 1087 483 talia
1100 431 1300 501 pervenerunt,
1316 445 1382 501 quae
1396 429 1434 485 de
1448 428 1577 501 qualibet
1596 445 1717 501 persona
1735 430 1766 485 iu

948 522 1070 578 clericali
1086 523 1186 578 ordine
1197 522 1352 579 constituta
1368 529 1397 578 et
1410 523 1509 579 audire
1529 523 1725 596 opprobrium,
1739 529 1768 581 et

10 168 42 259 r.
83 208 154 263 rou

10 344 32 371 ·-·
115 333 177 403 Ego
190 330 251 404 ligo
265 332 400 390 Ostiensis
416 334 566 407 episcopus
581 335 742 408 subscripsi.

10 444 30 475 τ
114 428 176 498 Ego
191 426 246 483 GG.
262 427 410 499 presbyter
429 429 577 485 cardinalis
592 429 620 485 S.
635 428 745 486 calixti.

13 502 31 551 ‘¹
115 522 177 593 Ego
190 521 281 577 Goido
294 522 443 594 presbyter
453 522 602 579 cardinalis
612 524 638 580 S.
656 520 844 595 Chrysogoni.

10 610 27 655 '·
114 615 176 688 Ego
189 615 350 671 benfredus
365 617 514 689 presbyter
527 617 605 673 card.
619 618 648 673 S.
663 616 782 673 Savium.

114 710 176 781 Ego
187 709 336 765 Aribertus
353 711 500 783 presbyter
510 712 591 768 card.
606 712 635 769 S.
650 714 817 770 Anastasis..

112 803 314 875 EgoUbaldus
329 805 475 877 presbyter
497 805 654 862 cardinalis
675 808 717 863 tit.
742 809 771 864 S.
797 811 895 869 Crucis

74 893 106 951 iu
123 896 299 953 Hierusalem
313 898 475 970 subscripsi.

109 992 171 1062 Ego
183 991 314 1047 Astaldus
328 993 421 1064 presb.
429 993 582 1049 cardinalis
596 995 640 1050 tit.
659 997 688 1052 S.
701 998 815 1055 Priscae.

112 1085 174 1156 Ego
189 1086 315 1141 loannes
333 1086 481 1159 presbyter
500 1087 651 1143 cardinalis
674 1090 715 1145 tit.
741 1093 786 1149 SS.
807 1095 891 1151 toan·

74 1177 121 1233 nis
135 1184 165 1233 et
176 1179 255 1234 Pauli
265 1179 307 1234 tit.
326 1180 501 1236 Pammachii
515 1182 679 1255 subscripsi.

112 1273 173 1343 Ego
186 1274 471 1345 loannespresbyter
482 1275 634 1332 cardinalis
650 1278 692 1334 tit.
713 1279 761 1335 SS.
781 1281 891 1353 Sylves-

74 1365 111 1419 tri
129 1370 159 1420 et
171 1366 283 1421 Martini
297 1367 462 1439 subscripsi.

946 615 1055 671 referre
1068 616 1253 673 lamcntabile
1263 617 1418 673 rideretur.
1431 618 1577 674 Bonorum
1590 616 1706 690 quidem
1719 618 1767 675 Eo

946 709 1039 765 atesim
1053 726 1112 765 snae
1134 709 1306 783 dilapidator
1325 700 1472 780 asseritur,
1489 716 1518 767 et
1536 727 1630 767 sacros
1650 710 1767 769 ordines

945 808 1044 858 contra
1059 803 1345 860 decretasauctorum
1360 806 1474 860 Petrum
1487 804 1591 861 dicitur
1610 803 1766 861 distribuis
1817 792 1822 805 ⁴

944 912 984 951 se.
997 898 1138 952 Praeterea
1149 898 1281 953 simonie
1290 916 1322 953 uc
1336 899 1454 970 perjurii
1470 897 1765 971 crimine,multisque

943 990 1005 1045 aliis
1019 990 1137 1062 piaculis
1160 992 1329 1063 perhibetur
1351 1009 1441 1065 usque
1465 992 1538 1048 adeo
1562 991 1702 1060 irretitus,
1721 994 1764 1061 ut,

943 1084 1020 1157 quod
1037 1084 1132 1141 dicere
1147 1086 1208 1141 siue
1225 1086 1315 1142 nimia
1329 1086 1432 1143 meniis
1444 1086 1600 1143 alllictione
1621 1102 1680 1141 non
1698 1102 1763 1158 pos·

942 1180 1145 1250 sumus,juxta
1168 1196 1267 1236 vocem
1286 1181 1434 1253 prophete
1450 1182 1532 1253 (Osa,
1554 1182 1601 1253 vu)
1620 1180 1712 1237 factus
1728 1179 1765 1237 sit

941 1269 1082 1339 tanquam
1100 1268 1315 1337 subcinericius,
1331 1269 1380 1342 qui
1399 1286 1456 1326 uon
1470 1274 1643 1326 reversatur.
1660 1272 1691 1325 lu
1705 1286 1762 1343 qno

941 1361 1017 1417 laeto
1039 1361 1080 1416 illi
1094 1362 1129 1418 de
1154 1363 1356 1419 commissione
1376 1364 1481 1419 borum
1504 1380 1685 1432 excessuum,
1708 1364 1761 1419 tibi

110 1460 172 1531 Ego
191 1460 265 1516 Otho
291 1461 430 1518 diaconus
447 1462 598 1519 cardinatis
620 1467 646 1519 s,
665 1467 777 1539 Georgii
793 1468 829 1523 gd
844 1470 891 1524 vg.
941 1472 1008 1510 vero
1023 1456 1107 1511 estde
1119 1456 1311 1513 taciturnitate
1319 1458 1482 1514 timendum
1498 1458 1583 1513 :dum
1597 1458 1760 1531 speculator

70 1551 134 1608 lum
147 1556 275 1610 Aureum
289 1556 453 1629 subscripsi,
941 1549 1024 1605 datus
1045 1566 1061 1604 a
1074 1551 1192 1605 Domino
1208 1551 1310 1606 domui
1331 1551 1429 1619 lsrael,
1451 1552 1488 1606 ita
1503 1551 1681 1624 irrequisitos
1694 1554 1758 1608 tan·

109 1648 172 1719 Ego
198 1649 334 1704 Martinus
362 1650 500 1707 diaconus
520 1651 674 1709 cardinalis
699 1656 727 1712 s,
750 1658 842 1713 uaria.
861 1660 889 1715 j„
941 1646 985 1699 tos
1006 1660 1134 1700 excessus
1158 1645 1387 1717 incorrectosque
1412 1645 1541 1714 dimittis,
1567 1648 1599 1700 ut
1621 1644 1761 1717 parietem

67 1740 228 1797 cosmedin
243 1743 407 1816 subscripsi.
899 1720 1133 1809 Bpeccatorum,
1152 1754 1239 1812 quem
1259 1738 1379 1794 deberes
1397 1744 1536 1806 evertere,
1561 1739 1644 1794 linire
1663 1738 1759 1811 potius

107 1836 169 1906 ligo
180 1836 305 1892 loannes
319 1838 391 1894 diac.
404 1840 481 1896 card.
496 1842 543 1898 SS.
559 1846 651 1917 Sergii
661 1852 689 1902 et
704 1847 817 1904 Bacchi.
935 1833 1017 1905 jum
1030 1849 1131 1889 V⁰⁰⁰¹¹¹
1144 1835 1345 1906 limphefifflm
1366 1834 1497 1891 Vidssaflt·
1513 1834 1657 1900 01¹⁰ssi³1¹¹
1673 1833 1762 1905 igilur

104 1929 210 1984 Datum
223 1931 363 2000 Laterani,
378 1948 428 2004 per
440 1951 558 1992 manum
573 1939 692 1995 Rolaudi
705 1947 812 1997 sanctie
828 1945 889 2000 ilo·
938 1927 1079 1983 ⁸⁰⁸¹i¹¹⁰l⁰
1100 1945 1152 1984 ¹¹⁶⁰
1174 1928 1314 1998 V0¹1¹¹1¹⁰⁵2
1343 1946 1396 1984 ¹¹²⁰
1424 1928 1572 1997 dehefflssb
1596 1933 1627 1984 Ul
1648 1926 1761 2001 Pfflfati

62 2037 164 2077 mauce
179 2025 310 2081 Ecclesiae
326 2027 484 2099 presbyteri
501 2031 654 2087 cardinalis
678 2040 707 2089 et
726 2037 887 2095 cancellarii
939 2020 1062 2095 01‘52009i
1078 2022 1135 2078 Vita
1149 2021 1255 2077 diutius
1271 2025 1420 2078 lemane&
1432 2022 1601 2091 issdsscflffls
1615 2038 1668 2094 W
1681 2036 1754 2094 ΡΜ·

61 2130 83 2170 rr
101 2116 166 2171 liat.
180 2117 242 2172 tan.
258 2118 354 2175 indict.
374 2137 402 2188 11,
428 2124 632 2181 iucarnationis
649 2127 801 2186 Dominicis
813 2148 889 2188 auno
938 2115 1029 2170 “nlla
1043 2115 1149 2188 scrilssa
1168 2115 1344 2171 fffioefflstffl
1362 2119 1420 2172 lum
1434 2116 1606 2172 mandalum
1619 2119 1760 2189 q⁰³¹⁸¹¹¹¹⁵

63 2200 243 2282 tt33'‚pout.
261 2213 441 2271 nummasii
457 2220 700 2289 papalvflnnffl,
938 2208 1127 2279 prudentibus
1156 2209 1299 2282 aliquibus
1327 2215 1356 2265 et
1387 2210 1527 2281 religiosis
1555 2210 1620 2265 viris
1654 2208 1759 2276 ascitis,

938 2307 988 2357 aut
1001 2302 1109 2358 dictum
1134 2303 1299 2375 episcopum
1317 2308 1346 2359 et
1359 2304 1466 2360 clerum
1485 2304 1609 2360 ecclesiis
1628 2320 1687 2359 sue
1709 2309 1758 2359 tue

935 2395 1034 2467 jubeas
1049 2397 1212 2469 conspectui
1226 2398 1404 2469 praesentari,
1417 2402 1447 2454 et
1459 2398 1591 2470 diligenti
1603 2413 1757 2453 couversa-

939 2489 1021 2545 tiouis
1052 2495 1080 2545 et
1105 2495 1220 2546 actuum
1243 2492 1318 2547 illius
1342 2492 1415 2547 iacta
1442 2491 1630 2560 discussione,
1664 2491 1687 2547 si
1712 2492 1759 2547 rel

937 2583 1031 2655 aliquo
1049 2583 1170 2640 crimine
1193 2585 1357 2657 apparuerit
1378 2585 1515 2653 irretitus,
1530 2586 1572 2639 vel
1593 2601 1689 2642 sacros
1711 2602 1756 2639 or-

938 2676 1018 2732 dines
1038 2680 1138 2733 conlra
1158 2682 1263 2733 statuta
1281 2694 1424 2733 canonum
1447 2679 1578 2734 inventus
1604 2678 1691 2734 luerit
1707 2695 1756 2735 cc·

937 2770 1059 2827 lebrasse
1084 2771 1119 2826 ab
1136 2772 1232 2827 allicio
1251 2788 1302 2827 suo
1321 2789 1490 2845 suspensum
1516 2773 1550 2827 ad
1571 2773 1756 2844 presentiam

938 2864 1027 2919 nostri
1053 2865 1231 2937 apostolatus
1252 2866 1444 2937 transmittas3
1468 2870 1498 2920 ut
1524 2883 1574 2921 uos
1592 2867 1660 2939 quid
1675 2866 1706 2922 in
1722 2883 1756 2921 eo

339 2427 432 2482 ANNO
455 2432 619 2486 tiso-uss.

438 2623 524 2677 xxvi.

143 2710 187 2766 Aa
204 2713 311 2767 Petrum
326 2716 556 2772 Torentosicnscm
575 2719 814 2792 archiepiscopum.

318 2808 470 2879 (laterani,
491 2811 560 2866 Nor.
579 2813 636 2881 24.)

170 2899 251 2968 [illst.
272 2905 372 2971 potate
389 2906 521 2971 Manum„
540 2906 649 2975 Chart,
676 2910 695 2973 l,
721 2910 797 2981 804]

99 3019 269 3073 Anusrssirs
293 3019 449 3092 episcopus,
476 3039 572 3076 servus
598 3040 744 3081 servorum
767 3028 825 3096 lici,
843 3046 887 3085 ve·

59 3110 242 3166 nerabilibus
255 3112 388 3167 iratribus
402 3117 511 3187 Plrrno)
527 3118 735 3175 Tarentasicnsi
745 3122 885 3195 archiepi-

937 2958 1024 3013 fuerit
1051 2959 1231 3031 puniendum
1251 2960 1335 3030 juata
1360 2961 1579 3016 constitutiones
1604 2960 1757 3016 canonicus

897 3094 924 3169 C
937 3053 1102 3123 puniamus.
1129 3055 1265 3109 Volumus
1292 3061 1388 3110 cirtem
1412 3060 1444 3110 ut
1462 3061 1521 3110 tam
1542 3059 1573 3111 tu
1597 3072 1683 3128 quam
1706 3055 1754 3110 elii
1810 3080 1814 3089 ¹

937 3147 1061 3220 episcopi
1086 3148 1129 3203 vel
1155 3148 1281 3217 abbates,
1307 3165 1381 3221 quos
1404 3149 1440 3204 ad
1469 3149 1650 3205 discutienda
1679 3149 1756 3205 illius

61 3220 153 3275 scopo
169 3211 196 3259 el
212 3209 262 3260 An.
277 3210 445 3279 Augustonsi
469 3211 611 3284 episcopo,
634 3214 756 3269 salutem
773 3221 801 3271 ct
818 3234 885 3289 apo·

60 3299 192 3353 stolicnm
207 3300 448 3359 benedictionem.

100 3394 281 3449 l'mlcrnitati
295 3399 393 3451 vestrae
408 3401 507 3453 notum
522 3400 583 3454 lleri
597 3402 726 3456 volumus
739 3405 814 3474 quod
832 3421 885 3461 nos

60 3482 176 3537 dilectis
196 3483 259 3537 liliis
283 3487 385 3540 nostris
407 3488 438 3542 G.
461 3488 549 3559 priori
561 3489 655 3545 Sancti
672 3492 732 3546 Ursi
747 3498 775 3547 et
788 3494 882 3549 iratri-

59 3576 117 3632 bus
140 3577 201 3647 cjus
220 3583 248 3632 et
262 3595 314 3649 per
332 3596 378 3634 cos
400 3582 560 3637 commissae
582 3584 636 3638 sibi
651 3586 775 3641 ecclesias
791 3586 882 3643 dona-

59 3671 280 3727 tiouemStralae
295 3690 382 3745 qnam
396 3675 515 3731 dilectus
527 3676 600 3731 lilius
614 3683 709 3734 noster
723 3681 826 3736 nobilis
839 3683 883 3738 vir

58 3766 117 3819 ltu.
145 3781 241 3820 comes
266 3767 440 3824 Maurienna·
468 3770 576 3825 eisdem
599 3771 736 3828 fratribus
765 3774 882 3845 pietatis

55 3858 166 3914 iutuitu
179 3858 277 3916 fecisse
292 3860 481 3933 dignoscitur,
497 3865 564 3935 ipsis
593 3866 753 3923 studuimus
775 3871 880 3925 conllr·

57 3968 153 4007 mare.
179 3953 303 4026 ideoque
326 3970 378 4026 per
403 3958 558 4028 apostolica
580 3958 656 4013 vobis
676 3962 782 4033 scripta
798 3980 879 4018 man-

57 4046 163 4101 damus
185 4054 324 4119 quatenns
355 4050 377 4104 si
403 4051 505 4123 aliquis
530 4059 625 4108 contra
654 4060 759 4110 nostrae
778 4058 878 4113 contir-

56 4140 194 4196 matianis
205 4142 337 4213 paginam
362 4143 436 4199 lorte
462 4146 503 4200 ire
529 4149 742 4220 presumpserit
759 4154 788 4205 et
806 4167 880 4206 com-

56 4235 187 4290 munitus
225 4237 349 4292 noluerit
380 4242 547 4307 emendare,
579 4242 879 4301 excommunicationis

54 4345 126 4384 curu
147 4331 289 4385 sententia
306 4331 458 4387 innodetis.

93 4424 156 4477 list.
173 4424 315 4493 lateran,
332 4442 379 4481 rm
393 4427 453 4481 Kal.
470 4427 641 4485 Decembris.

420 4544 517 4598 XXVll.

48 4634 101 4690 Act
117 4636 307 4703 Euqcbotdum
321 4640 500 4693 aunonensem
513 4640 788 4712 archiepiscopum-
798 4640 876 4697 illon-

89 4715 140 4769 ‹tct
167 4722 197 4769 ut
222 4716 254 4773 G.
273 4719 460 4773 Trccorcnscm
482 4720 634 4790 episcopum
656 4727 744 4776 evocet
773 4722 877 4792 atejus

90 4798 179 4850 istum
193 4796 331 4852 discutiat.

264 4912 369 4985 [uisse
384 4915 498 4979 Consti„
513 4917 578 4986 Xlll,
592 4917 667 4987 tis]

936 3257 1024 3312 opera
1038 3243 1207 3310 evocaveris,
1236 3242 1373 3315 quidquid
1399 3243 1524 3298 veritalis
1547 3243 1648 3298 exinde
1672 3243 1754 3299 iuve-

935 3335 1035 3402 neritis
1057 3336 1234 3408 perscripta
1262 3342 1356 3391 vestra
1378 3336 1517 3392 studeatis
1538 3336 1621 3391 nobis
1643 3337 1755 3408 plenius

934 3426 1072 3485 indicare.
1100 3430 1173 3484 Saue
1198 3445 1264 3484 oum
1288 3431 1357 3485 tales
1384 3430 1419 3484 dc
1441 3430 1489 3485 illo
1515 3447 1643 3485 rumores
1669 3447 1754 3486 aures

934 3523 1031 3590 etiam,
1047 3523 1201 3591 utdicitur‚
1228 3523 1315 3578 felicis
1339 3524 1489 3579 memorias
1515 3541 1598 3596 papae
1620 3526 1653 3579 E.
1680 3541 1753 3597 pros·

932 3616 1089 3671 decessoris
1104 3617 1196 3673 uostri
1219 3619 1376 3673 multorum
1393 3618 1548 3689 proborum
1560 3618 1666 3673 inerint
1677 3619 1751 3673 reta·

932 3709 1023 3765 tiones
1049 3728 1181 3783 asperam,
1211 3712 1294 3768 ille...
1327 3711 1452 3767 rectione
1481 3728 1532 3767 sua
1560 3728 1648 3784 usqne
1674 3729 1751 3768 ritino

931 3803 1061 3861 omiserit
1080 3806 1220 3877 cogitare3
1249 3804 1458 3878 pervidendum
1482 3806 1564 3861 nobis
1583 3810 1636 3875 est,
1661 3814 1692 3863 ut
1713 3807 1752 3863 de

930 3899 1153 3955 dissimulatione
1177 3903 1233 3955 barn
1253 3899 1378 3956 tristium
1399 3900 1566 3957 nuntiorum
1583 3918 1641 3957 nou
1659 3901 1752 3959 vides·

930 4011 995 4049 mur
1010 3994 1165 4051 adistriclo
1175 3995 1273 4067 judice
1288 3995 1443 4068 arguendi.

1251 4184 1344 4240 ANNO
1363 4187 1439 4241 libi.

1278 4373 1392 4429 xxvln.

1059 4474 1107 4529 Ad
1124 4475 1282 4544 Gregortum
1302 4478 1455 4546 episcopam
1468 4480 1621 4533 lucensem.

1035 4567 1155 4638 lssmurz,
1184 4570 1296 4624 Miscell.
1318 4569 1363 4624 ed.
1386 4570 1483 4638 blansi,
1502 4572 1543 4639 tv,
1559 4572 1632 4641 tes),

963 4664 1130 4718 Anisrisius
1160 4662 1319 4734 episcopus,
1342 4679 1440 4719 servus
1466 4680 1614 4719 serrorum
1628 4665 1749 4734 Deire·

927 4753 1048 4810 nerabili
1075 4756 1156 4811 tratri
1180 4756 1212 4813 G.
1247 4756 1358 4812 Lucano
1394 4758 1528 4830 episcopo
1567 4759 1688 4814 salutem
1718 4763 1750 4815 et

925 4849 1110 4919 apostolicam
1124 4849 1366 4907 benedictionem.

961 4942 989 4998 Si
1003 4960 1019 4997 a
1034 4942 1131 5015 rigore
1152 4960 1296 5000 canonum
1318 4945 1472 5017 aliquando
1491 4962 1525 5002 ex
1542 4946 1743 5003 misericordia

89 5033 263 5086 Asssrssrus
306 5032 465 5103 episcopus,
503 5049 600 5088 servus
633 5050 781 5090 serrorum
813 5036 874 5105 lici,
925 5035 1110 5105 declinamus,
1129 5044 1235 5093 etcum
1255 5038 1366 5094 miseris
1383 5039 1606 5096 misericorditer
1619 5040 1744 5112 agimus,

50 5123 306 5179 rerrcrabililratri
326 5125 357 5179 E.
379 5126 483 5180 Toron.
513 5126 726 5199 archiepiscopo
749 5128 872 5185 salutem
924 5136 953 5185 et
973 5146 1038 5184 cum
1062 5130 1275 5186 infirmantibus
1302 5132 1494 5203 inllrmamur,
1522 5134 1576 5189 boc
1600 5150 1657 5189 uon
1680 5135 1746 5192 ideo

53 5222 82 5273 ct
98 5217 285 5288 apostolicam
305 5218 545 5275 benedictionem.
923 5222 1044 5279 iacimus
1070 5224 1147 5296 quod
1169 5225 1288 5282 velimus
1313 5226 1468 5283 aliissuam
1480 5227 1623 5299 justitiam
1644 5228 1744 5285 decur-

89 5311 119 5367 Si
135 5311 365 5367 honorificationi
380 5313 523 5369 commissi
536 5314 588 5370 tibi
598 5316 770 5386 pontificalis
784 5316 873 5372 oflicii
923 5320 996 5384 lare,
1023 5318 1066 5371 vel
1091 5318 1180 5390 regiae
1200 5319 1252 5373 vies
1275 5320 1431 5389 tramitem,
1450 5321 1499 5394 qni
1518 5321 1600 5377 uobis
1614 5339 1742 5378 summo·

50 5421 84 5461 ee
101 5404 248 5477 diligentis
261 5422 316 5477 qua
332 5410 445 5477 oportet
460 5408 637 5475 intenderes,
655 5410 678 5463 si
698 5411 872 5467 correctioni
922 5427 990 5482 perc
1021 5410 1156 5467 iudicitur
1190 5412 1398 5469 observandum
1429 5416 1605 5488 relinquere.
1637 5417 1744 5474 Auditu

52 5515 156 5556 eorunm
171 5515 235 5571 quor
248 5499 283 5554 do
299 5499 341 5554 bis
355 5501 403 5572 qui
425 5502 476 5556 sub
492 5506 540 5556 tus
553 5503 717 5574 provisione
734 5503 872 5561 insistunt
921 5520 1048 5576 namque
1068 5505 1241 5574 audivimus,
1270 5506 1346 5564 unde
1371 5524 1428 5563 non
1444 5526 1593 5581 possumus
1606 5526 1665 5567 uon
1686 5512 1743 5567 nri·

52 5594 188 5649 dicuutur
209 5594 339 5649 enormia
360 5594 455 5650 debita
474 5597 666 5651 sollicitudine
690 5597 869 5667 immineres,
922 5598 989 5665 rari,
1022 5598 1183 5654 audirimus
1215 5600 1359 5673 siquidem
1381 5603 1460 5674 quod
1485 5603 1588 5659 clerici
1611 5605 1751 5657 ecclesie.

51 5687 107 5743 rita
134 5690 162 5741 et
188 5688 362 5743 conversatio
387 5689 482 5743 fratris
509 5690 597 5745 nostri
627 5692 658 5746 G.
689 5692 872 5750 trecorensis
921 5691 949 5750 S.
964 5693 1153 5753 Pantaleonis
1165 5696 1310 5770 quonium
1318 5696 1444 5753 enindus
1454 5692 1692 5749 illucescendum
1709 5686 1777 5747 sib·

46 5780 173 5853 episcopi
184 5795 244 5833 uon
256 5783 437 5841 rrumusissct
455 5800 545 5861 usque
562 5803 641 5844 crucio
655 5788 710 5847 sub
725 5790 784 5851 tuis
797 5808 871 5852 ocu·
926 5810 1007 5871 mue,
1029 5799 1061 5857 et
1084 5793 1122 5857 ab
1143 5793 1308 5855 interdicto
1330 5790 1389 5853 sule
1402 5806 1466 5866 qno
1486 5782 1670 5841 mammaea
1679 5767 1813 5823 effi&
