3750 6046
47 216 50 221 ,
144 180 197 241 rea
826 182 989 245 canantur
1009 184 1137 244 errans
1778 180 1815 239 itt
1867 213 1874 226 ·

144 324 208 365 rem
224 306 335 378 habuit,
347 322 402 382 per
415 328 501 385 quam
516 312 604 369 soem
624 312 667 369 sni
690 330 812 386 regnum
829 314 959 371 obtinere
969 327 999 402 Α
1009 314 1106 370 odibili
1121 318 1243 387 tyranno
1266 312 1362 386 plures
1381 307 1468 368 laetati
1482 312 1561 379 sunt,
1576 322 1611 367 ae
1637 310 1670 366 nt
1693 308 1817 383 superil-

145 402 318 474 concnpivit.
336 404 528 463 lmmoderata
543 407 682 480 cupiditas
695 408 857 481 plusquam
875 409 961 467 debet
1011 408 1071 465 lum
1085 409 1227 465 irruerent
1240 409 1320 464 aride
1333 411 1537 463 conuenerunt.
1547 402 1721 461 Guillelmns
1734 406 1818 461 coma

145 496 268 569 qrroerit3
294 496 360 553 inde
382 500 524 573 plerisque
544 501 622 574 quod
654 502 729 573 juste
756 503 960 574 adipiscuntur,
1011 502 1198 575 Ebroieensis,
1220 507 1249 559 et
1271 504 1358 558 Retro
1379 516 1474 557 eomes
1495 498 1665 567 ldoritoniee,
1689 501 1719 554 et
1740 496 1821 553 Gisle·

145 587 242 645 subito
256 591 340 646 tollit.
358 592 446 648 fortis
468 610 516 648 rex
532 594 702 666 anglorum,
716 611 768 667 pru
782 596 961 669 malignitate
1010 594 1108 653 bertus
1131 596 1166 652 de
1188 595 1302 668 aquila,
1323 600 1352 651 et
1375 593 1544 651 oximenses
1567 590 1666 649 cuncti
1689 590 1775 647 simul
1798 591 1821 647 in

148 682 293 753 liodberti,
310 688 398 741 totam
413 688 581 759 progeniem
591 693 619 744 ct
632 690 806 761 parentelam
820 691 882 761 ejus
894 691 961 746 odio
1011 689 1091 745 illum
1105 688 1346 761 conspiraverant,
1360 688 1410 745 sed
1424 688 1637 760 congruentem
1652 684 1750 754 mdis,
1765 701 1823 757 qua

145 776 257 847 habuit,
272 795 381 852 scioque
392 779 427 836 de
440 797 531 853 regua
547 782 680 838 radicitus
692 800 792 840 omnes
804 785 961 857 exstirpare
1011 782 1088 838 idem
1104 782 1160 839 illis
1172 782 1317 839 multoties
1329 781 1475 848 intulerat,
1487 779 1626 837 talionem
1637 779 1785 835 exsolvere
1793 779 1823 834 ad

149 871 286 927 decrerit.
310 874 476 930 Occasiones
498 891 568 947 ergo
589 882 688 932 eontra
711 878 844 949 praefatos
862 879 962 934 fratres
1011 877 1125 933 libitum
1142 893 1199 932 non
1213 878 1353 949 poterant.
1368 876 1473 931 Verum
1489 874 1651 931 Radbertus
1669 872 1709 929 de
1729 872 1824 929 Sancta

151 966 309 1038 exquisivit,
323 968 534 1041 qualescunque
549 970 656 1027 invenit
675 972 856 1043 pertinaciter
869 974 960 1029 venti·
1012 970 1157 1038 Saronico,
1181 975 1209 1025 et
1233 969 1388 1025 burcardus
1408 968 1521 1040 dapifer
1542 968 1616 1040 ejus,
1642 971 1673 1022 et
1696 966 1778 1039 Bago
1795 966 1825 1022 de

148 1060 227 1129 lavit,
242 1063 270 1115 et
282 1061 477 1118 exhaeredatos
490 1063 525 1118 de
539 1064 644 1119 ftnibus
658 1065 808 1121 Britannias
819 1068 963 1140 propulsa·
1011 1066 1142 1121 Nonanto
1167 1063 1273 1119 diutius
1295 1062 1336 1120 illi
1357 1062 1532 1130 restiterunt,
1546 1066 1576 1118 et
1600 1060 1668 1135 plus
1693 1059 1825 1117 omnibus

147 1152 198 1208 rit.
211 1155 327 1209 Terram
354 1172 479 1228 qnoque,
494 1173 580 1229 quam
600 1160 741 1231 laugerius
760 1160 855 1216 senior
868 1178 962 1217 eomes
1015 1158 1080 1214 aliis
1092 1157 1409 1215 Normanniseumdem
1421 1154 1532 1213 damnis
1544 1154 1701 1229 etinjuriis
1714 1153 1826 1211 contria

149 1246 267 1303 dedemt
291 1250 553 1307 sanctimonialibus
573 1253 808 1323 almaniscarum,
826 1256 963 1326 qnoniam
1012 1257 1154 1309 taverunt.

146 1342 248 1397 amma
260 1342 400 1398 abbatissa
415 1348 475 1399 erat
494 1345 698 1417 praedictorum
719 1364 800 1403 soror
811 1349 962 1420 comitum,
1048 1346 1226 1403 adveniente
1250 1362 1317 1401 eum
1337 1347 1466 1402 exercitu
1486 1345 1568 1407 duee,
1582 1342 1749 1400 Radbertus
1760 1342 1828 1399 acies

148 1433 301 1506 impatiens
321 1437 433 1505 vindex,
457 1439 582 1495 ecclesiae
601 1439 744 1512 virgiuum
765 1441 964 1500 immisericcr-
1014 1440 1262 1513 suaspraastrurit,
1273 1439 1457 1511 desidemque
1468 1437 1621 1495 dominum
1632 1436 1830 1511 pluribusne

149 1528 224 1585 diter
238 1529 362 1598 abstulit,
378 1535 406 1586 et
421 1531 560 1601 Savarico,
576 1533 689 1590 Cbamre
702 1535 770 1604 lilio,
781 1552 833 1609 pro
847 1538 964 1593 militari
1013 1535 1057 1591 dis
1074 1533 1201 1601 tentarit,
1217 1537 1246 1589 et
1263 1549 1350 1606 super
1364 1532 1497 1589 calcetam
1512 1531 1651 1588 audacter
1668 1546 1826 1603 aggressus,

149 1622 265 1679 servitio
280 1625 427 1680 concessit.
986 1628 989 1633 '
1014 1629 1130 1685 mndem
1156 1627 1275 1699 fugavit,
1290 1630 1376 1699 atque
1395 1626 1578 1682 Guillelmum
1597 1625 1635 1681 de
1652 1625 1828 1681 &uramara

186 1717 234 1773 llis
247 1716 345 1789 itaque
360 1719 466 1791 fugatis
481 1720 517 1775 de
531 1723 643 1794 anglia,
659 1723 812 1778 veliemens
827 1700 1002 1781 aceubiasss
1014 1722 1132 1778 fratrem
1148 1720 1261 1793 Sibylla
1274 1720 1436 1791 eomitissa,
1450 1718 1576 1793 aliosque
1592 1719 1693 1791 plures
1705 1733 1829 1791 compre·

149 1810 285 1883 nequitiae
299 1812 387 1868 erevit
400 1814 429 1868 in
443 1815 583 1887 Neustria,
598 1822 626 1871 et
641 1832 693 1888 per
705 1817 861 1873 triennium
878 1820 963 1875 innu—
1015 1814 1328 1872 hendit.auimosiores
1340 1813 1502 1870 Narmanni
1511 1813 1705 1869 vehementer
1713 1812 1828 1868 erubue-
1871 1828 1873 1835 ·

148 1920 230 1960 mera
254 1907 428 1977 perpetrarit
449 1908 585 1964 facinora.
600 1910 679 1965 Villae
702 1911 843 1983 siquidem
867 1913 964 1985 plures
1015 1915 1092 1977 runt,
1107 1909 1183 1981 quod
1197 1908 1248 1978 illi,
1262 1907 1311 1982 qui
1329 1913 1492 1964 exterarum
1510 1906 1633 1962 uictores
1653 1906 1789 1979 gentium
1803 1906 1829 1960 in

148 1998 329 2070 depopulata
353 2006 429 2071 sunt,
443 2006 472 2056 et
494 2002 616 2058 basilica
635 2020 701 2059 carm
722 2005 899 2075 bominibus,
914 2007 965 2078 qui
1014 2002 1141 2059 barbaris
1154 2000 1320 2073 regionibus
1333 2001 1502 2069 floruerunt,
1516 2016 1593 2057 nunc
1605 2000 1636 2056 iu
1649 2016 1712 2055 suae
1724 1998 1829 2055 telluris

149 2092 185 2146 ad
214 2090 288 2160 illas,
315 2098 346 2148 ut
371 2094 421 2149 flfii
448 2094 483 2149 ad
512 2095 609 2151 matris
635 2097 740 2164 sinum,
767 2099 963 2171 confugerant,
1014 2097 1078 2152 sinu
1092 2096 1129 2152 ab
1144 2112 1200 2151 uno
1213 2096 1338 2151 filiorum
1351 2095 1416 2151 victi
1430 2099 1459 2151 et
1472 2093 1561 2167 fugati
1576 2096 1656 2149 sunt.
1669 2091 1829 2151 Radbertus

149 2191 338 2242 concrematur
357 2190 433 2243 sunt.
453 2189 521 2245 lota
545 2205 617 2261 pene
640 2192 812 2247 Narmannia
834 2193 863 2247 in
886 2194 962 2249 flod·
1015 2192 1133 2264 itaque,
1165 2189 1296 2246 secundis
1326 2187 1473 2245 eventibus
1499 2187 1658 2244 admodum
1688 2186 1825 2257 inflatus,

148 2278 265 2334 bertum
283 2286 459 2352 surrexerat,
479 2283 598 2355 parique
613 2284 808 2355 conjuratione
829 2287 870 2341 illi
892 2288 963 2343 resi·
1015 2284 1135 2342 ferocior
1156 2285 1290 2351 surrexit,
1304 2285 1334 2339 et
1356 2283 1459 2339 ducem
1482 2281 1587 2338 exinde
1605 2281 1827 2352 floccipendens,

149 2377 225 2428 stare
245 2374 477 2446 conspiraverat3
501 2377 549 2433 sed
575 2377 690 2448 frustra,
715 2379 852 2451 quoniam
873 2380 964 2452 eapite
1015 2382 1105 2435 totam
1129 2378 1252 2450 undique
1271 2375 1477 2433 Narmanniam
1497 2375 1550 2431 sibi
1571 2374 1696 2431 subdere
1717 2376 1827 2447 sategit.

148 2482 217 2522 sano
232 2473 334 2523 eontra
346 2473 456 2525 tantum
482 2471 646 2542 predonem
668 2473 789 2529 carebat.
810 2476 880 2530 Nam
904 2475 964 2547 ipse
1015 2472 1203 2529 provinciales
1222 2473 1328 2533 autern,
1346 2471 1454 2525 rectore
1474 2472 1611 2536 carentes,
1631 2484 1687 2525 nee
1706 2467 1829 2526 bellicosi

148 2559 255 2615 ¹riribus
266 2565 293 2617 et
307 2561 424 2633 ingenio
435 2565 570 2635 pollebat,
579 2567 778 2637 eteongeriem
787 2567 963 2639 divitiarum,
1015 2565 1128 2622 comitis
1137 2580 1267 2637 asperam
1276 2562 1455 2635 tyrannidem
1464 2562 1540 2619 ferra
1549 2561 1689 2633 valentes,
1698 2562 1754 2618 sub
1761 2562 1828 2634 jugo

150 2671 222 2726 quas
243 2655 416 2726 jamdudum
443 2663 634 2731 congesserat,
661 2660 689 2715 in
713 2678 775 2715 xxiv
801 2662 966 2718 fortissimis
1015 2660 1077 2730 ejus
1091 2675 1141 2714 sua
1153 2659 1236 2727 colla,
1249 2658 1316 2714 lieet
1328 2657 1418 2725 inviti,
1433 2656 1583 2724 flexerunt,
1594 2656 1690 2729 eique,
1703 2672 1763 2712 non
1775 2660 1828 2713 fam

151 2748 360 2805 munitionibus
372 2750 406 2805 ad
420 2751 602 2809 rebellionem
617 2755 684 2810 olim
699 2756 867 2811 constructis
879 2756 966 2812 habe·
1014 2769 1113 2809 amore
1127 2769 1215 2826 quam
1235 2752 1351 2818 timore,
1369 2751 1482 2823 penitus
1503 2750 1697 2820 adhaeserunt,
1714 2750 1827 2823 ejusque

150 2841 210 2897 bat.
225 2844 306 2898 Solus
319 2846 468 2914 paternam
487 2847 683 2903 hereditatem
703 2849 815 2920 penitus
834 2849 963 2921 posside·
1015 2846 1178 2919 patrociniis
1191 2845 1266 2914 fulti,
1281 2847 1381 2901 eontra
1395 2845 1513 2901 emulos
1531 2843 1736 2900 cohabitantes
1755 2848 1825 2899 atro·

150 2934 209 3006 bat,
224 2937 331 2992 nullam
347 2938 472 3008 praefatis
486 2939 964 3014 fratribus,proilloexhaeredatis,
1015 2957 1077 2997 cem
1103 2956 1236 3011 guerram
1262 2940 1461 2996 exercuerunt.
1488 2937 1533 2995 Sic
1557 2936 1700 2993 nimirum
1727 2938 1829 2993 ritibus

152 3034 265 3101 partem
281 3031 474 3102 permittebat.
491 3034 629 3106 Rogerius
643 3036 738 3107 itaque
751 3037 784 3092 ad
798 3037 963 3095 carrofense
975 3064 1002 3139 C
1015 3034 1094 3090 ducis
1107 3032 1312 3104 deficientibus,
1328 3032 1487 3088 Radbertus
1501 3030 1634 3087 infestior
1650 3032 1790 3097 ascendit,
1803 3035 1829 3087 at

149 3124 289 3194 Castrum,
303 3123 380 3196 quod
403 3126 438 3181 de
464 3128 635 3198 patrimonio
658 3146 716 3185 suae
739 3131 870 3202 conjugis
894 3136 963 3201 erat,
1013 3127 1212 3184 collimitaneis
1227 3126 1383 3193 Quiritibus
1402 3126 1439 3182 ad
1459 3141 1526 3181 eum
1540 3124 1753 3193 deficientibus,
1766 3125 1827 3183 Ori-

151 3217 277 3283 secessit,
291 3217 386 3290 ibique
403 3236 492 3293 usque
510 3223 545 3278 ad
561 3226 735 3279 senectutem
752 3224 920 3296 permansit,
937 3230 966 3279 et
1015 3238 1127 3278 moram
1159 3221 1348 3276 munitionem
1375 3218 1506 3276 obtinuit.
1532 3218 1688 3275 Castellum
1716 3236 1827 3291 qnoque

148 3311 217 3369 ritas
240 3312 326 3367 tinem
352 3319 478 3385 sortitus,
500 3317 572 3372 filios
593 3316 646 3371 sibi
668 3318 771 3389 probos
793 3334 965 3373 successores
1014 3315 1156 3382 Gunterii,
1170 3319 1198 3370 et
1212 3315 1268 3370 alia
1280 3312 1491 3387 quamplurima
1506 3311 1535 3368 in
1549 3326 1622 3384 gyro
1635 3311 1690 3367 sibi
1709 3312 1826 3369 munici-

150 3410 276 3483 reliquit.
292 3414 428 3469 arnulfus
442 3415 548 3480 auam,
563 3416 625 3482 past
638 3413 741 3467 multos
758 3410 879 3481 labores,
893 3428 965 3484 quos
1014 3410 1062 3483 pia
1076 3408 1259 3480 manciparit.

151 3519 204 3575 pro
225 3505 314 3562 fratre
337 3524 387 3563 suo
410 3507 551 3561 incassum
580 3505 718 3573 toleravit,
741 3505 907 3577 indignatus
928 3506 965 3560 ad
1050 3504 1235 3559 concremato
1262 3501 1336 3573 apud
1367 3499 1541 3556 almaniscas
1567 3500 1828 3557 sanctimonialium

152 3597 254 3653 ducem
286 3615 347 3655 sese
379 3600 508 3667 canitulit,
535 3604 562 3654 et
585 3602 708 3653 castrum
737 3598 963 3654 almaniscarum
1015 3596 1201 3663 monasterio,
1215 3601 1246 3651 ut
1261 3596 1369 3651 dietam
1387 3596 1438 3661 est,
1451 3600 1531 3649 tener
1544 3592 1691 3666 virginum
1708 3610 1826 3651 conven-

151 3692 335 3765 subreptione
364 3693 489 3765 capiens,
520 3692 561 3747 illi
589 3692 722 3757 tradidit,
753 3698 782 3748 et
809 3693 905 3764 plures
929 3693 965 3748 de
1016 3695 1061 3746 tus
1074 3691 1178 3746 misere
1198 3689 1342 3760 dispersus
1357 3692 1410 3743 est.
1424 3688 1620 3761 Unaquaeque,
1636 3691 1727 3761 prout
1742 3688 1827 3745 facul·

151 3786 363 3842 auxiliatoribus
379 3786 473 3842 fratris
493 3786 536 3841 sui
558 3802 655 3841 seeum
679 3785 829 3840 contraxit.
845 3787 922 3842 Tune
936 3786 966 3841 in
1014 3788 1057 3840 tas
1077 3784 1129 3839 sibi
1144 3783 1263 3839 fortuitu
1281 3782 1382 3839 collata
1396 3787 1447 3849 cst,
1462 3781 1497 3837 ad
1519 3782 1593 3836 lares
1613 3788 1770 3854 parentum
1789 3783 1827 3838 rel

150 3879 282 3951 Sagiensi
303 3881 445 3937 territorio
467 3880 557 3936 nimia
578 3880 703 3934 turbatio
724 3879 795 3934 facta
815 3885 867 3936 est.
889 3880 965 3935 lfulti
1015 3878 1170 3933 amicorum
1186 3892 1314 3948 regressa
1328 3878 1382 3931 cst.
1400 3876 1502 3931 Emma
1519 3891 1585 3931 vero
1600 3874 1748 3933 abbadma
1767 3893 1828 3932 eum

152 3974 369 4045 provincialium
384 3992 447 4030 cum
463 3974 580 4032 arnulfo
592 3973 964 4045 Radbertumreliquerunt,
1015 3972 1103 4029 ternis
1124 3970 1383 4027 sanctimonialibus
1397 3970 1510 4025 Uticum
1529 3969 1670 4041 confugit,
1685 3970 1785 4044 ibique
1800 3971 1827 4025 in

152 4073 180 4123 et
207 4068 364 4139 municipia
390 4084 440 4124 sua
471 4067 629 4125 fautoribus
660 4066 738 4123 ducis
765 4066 964 4123 reddiderunt.
1015 4065 1127 4138 capella
1148 4064 1322 4120 ubisanetus
1337 4065 1418 4119 Pater
1436 4061 1567 4119 Ebrnlfus
1586 4062 1691 4119 calesti
1713 4064 1828 4121 theoria-

153 4160 313 4216 Radbertus
331 4164 440 4234 autam,
454 4162 503 4235 qui
524 4162 653 4217 desertus
667 4178 681 4214 a
696 4161 812 4233 proprio
827 4178 965 4232 germano
1015 4161 1141 4216 intentus
1163 4158 1284 4214 solitarie
1305 4156 1436 4229 degebat,
1452 4173 1501 4213 sex
1517 4154 1665 4213 mensibus
1678 4156 1825 4214 habitarit.

153 4259 223 4323 erat,
240 4255 346 4328 ubique
362 4256 547 4311 meticulosus
567 4256 614 4310 vir
636 4255 664 4309 in
680 4255 775 4327 aliquo
795 4255 965 4323 corradebat,
1015 4256 1112 4323 Porro,
1129 4252 1258 4324 sequenti
1281 4267 1372 4318 anna,
1391 4249 1426 4305 ad
1447 4249 1598 4306 eeclesiam
1620 4266 1705 4306 suam
1721 4267 1828 4308 reversa

152 4356 189 4418 et,
205 4350 272 4422 quia
293 4367 367 4422 pene
388 4350 503 4406 eunctis
517 4348 649 4404 terribilis
662 4354 732 4417 erat,
747 4348 782 4403 de
797 4348 851 4404 illis
869 4349 965 4416 etiam,
1015 4350 1067 4418 est,
1082 4346 1241 4418 auxilioque
1256 4345 1304 4401 oei
1326 4343 1492 4401 etfidalinm
1515 4342 1587 4415 ejus,
1608 4343 1704 4401 diruta
1722 4350 1826 4401 restan

151 4444 201 4517 qui
216 4444 268 4500 sibi
282 4444 375 4500 adbuc
391 4443 585 4512 adhaerebant,
600 4443 777 4515 ambigebat,
974 4436 1003 4508 D
1015 4458 1079 4497 rare
1092 4444 1193 4496 conata
1205 4443 1257 4496 ast.
1274 4441 1339 4494 llaec
1351 4437 1536 4511 postmodum
1550 4436 1610 4495 fere
1623 4454 1641 4493 x
1654 4439 1740 4495 annis
1753 4440 1827 4508 sirit,

186 4539 280 4595 Mense
303 4539 386 4594 lunio
411 4537 512 4611 [tt03]‚
528 4537 661 4593 satellites
680 4536 760 4593 ducis
778 4537 808 4592 in
823 4535 965 4592 abbatiam
1016 4534 1118 4609 quibus
1132 4533 1275 4589 basilicam
1287 4532 1412 4604 Virginis
1435 4536 1464 4587 et
1484 4531 1579 4587 lfatris
1601 4548 1668 4589 eum
1690 4533 1827 4605 regulari·

152 4632 413 4689 sanctimonialium
427 4630 554 4705 aggressi
566 4635 641 4700 sunt,
657 4636 685 4687 et
696 4631 731 4686 ad
746 4630 966 4703 depraedandam
1015 4630 1069 4685 bus
1085 4626 1204 4685 officinis
1218 4626 1373 4700 diligenter
1385 4627 1484 4694 erexit,
1501 4631 1529 4684 et
1542 4625 1681 4699 dispersas
1695 4627 1733 4684 ad
1751 4631 1828 4701 septa

151 4727 300 4800 regionem
320 4727 464 4796 ardentes,
480 4726 509 4781 in
527 4724 612 4781 sacris
628 4724 735 4781 adibus
751 4723 861 4780 stabula
880 4740 967 4796 equo·
1017 4722 1172 4778 monastica
1199 4721 1356 4777 monachas
1387 4736 1568 4793 summopere
1592 4722 1749 4779 revocarit.
1774 4723 1828 4787 Qua

152 4839 218 4877 rum
243 4821 462 4878 constituerunt.
488 4820 549 4885 Quo
570 4819 697 4891 cognito,
721 4817 884 4873 Radbertus
899 4818 966 4872 illue
1016 4817 1159 4885 defuncta,
1182 4814 1331 4884 ltatbifdis,
1346 4814 1402 4869 filia
1425 4813 1547 4887 Philippi
1569 4814 1669 4870 fratris
1683 4814 1747 4888 ejus
1767 4832 1826 4872 sne-

151 4915 304 4986 advolarit‚
318 4920 347 4971 et
359 4915 463 4987 injecto
478 4914 543 4986 igne
559 4912 719 4969 caenobium
733 4911 897 4967 combussit.
912 4910 967 4967 Oli·
1016 4911 1108 4978 cessit,
1135 4910 1295 4981 iterumque
1321 4908 1471 4981 repentino
1499 4908 1567 4980 igne
1591 4892 1746 4966 incensum
1766 4926 1828 4966 eum

152 5010 260 5065 varium
276 5013 373 5065 autem
398 5007 433 5064 dc
454 5007 610 5075 l'rarineio,
624 5006 750 5078 aliosque
772 5005 867 5077 plures
889 5021 966 5059 com·
1017 5004 1123 5061 aedibus
1136 5003 1341 5059 monasterium
1356 5002 1495 5058 laboriose
1509 5002 1663 5075 repararit.

152 5103 315 5175 prehendit,
331 5119 455 5176 quorum
469 5102 609 5175 quosdam
629 5101 714 5172 longo
732 5098 867 5172 gravique
883 5114 967 5169 arga·
1052 5098 1159 5155 Eodem
1178 5103 1310 5170 tempore
1334 5095 1519 5170 [ΗΜ-ΗΜ,
1538 5096 1677 5170 precipui
1699 5114 1829 5170 proceres

154 5197 229 5253 stulo
256 5196 456 5252 miserabiliter
481 5195 592 5267 afflixit,
618 5195 741 5267 reliquos
765 5210 832 5249 varo
861 5197 966 5259 morte,
1016 5192 1207 5260 asmancia,
1231 5190 1388 5247 Gualterius
1407 5188 1559 5259 Giffardus,
1580 5189 1751 5247 Guilfelmus
1769 5191 1828 5247 Bri-

153 5308 202 5347 sea
219 5289 414 5347 membrorum
433 5290 590 5363 privatione
610 5282 821 5345 condemnavit.
837 5286 966 5343 Rodbcr·
1018 5285 1145 5342 tollensis
1170 5286 1199 5341 et
1222 5283 1358 5341 liedulfus
1381 5282 1417 5339 de
1441 5282 1562 5341 Gonehis
1593 5282 1723 5341 defuncti
1750 5289 1828 5352 sant,

152 5390 198 5442 tus
222 5385 278 5441 dux
305 5400 370 5440 eum
394 5383 521 5440 exercitu
545 5382 728 5440 Narmanniec
750 5380 856 5439 Orimis
879 5379 966 5451 venit,
1018 5380 1115 5451 eisque
1146 5379 1264 5452 juvenes
1292 5379 1501 5433 successerunt.
1533 5376 1697 5433 Gualterius
1726 5379 1830 5452 quippe

152 5478 368 5551 ianitoribusque
395 5478 452 5533 suis
479 5478 627 5551 suffragari
650 5476 759 5533 debuit.
778 5477 855 5532 Tunc
877 5475 969 5545 floge-
1017 5472 1168 5540 Giffardus,
1182 5488 1279 5528 comes
1292 5470 1532 5544 Bracchingebam,
1544 5471 1575 5527 in
1589 5470 1692 5545 anglia
1703 5476 1831 5530 mortuus

153 5574 212 5630 rius
230 5573 266 5628 de
287 5570 387 5628 laceio
411 5572 548 5643 magister
568 5572 694 5627 militum
709 5573 779 5638 erat,
794 5570 876 5642 caius
898 5584 969 5639 prae·
1018 5574 1071 5635 est,
1086 5566 1192 5622 atinde
1206 5566 1235 5621 in
1248 5565 1465 5633 Narmanniam,
1480 5568 1512 5620 ut
1523 5564 1584 5638 ipse
1592 5564 1731 5637 iusserat,
1742 5570 1832 5624 trana-

153 5674 235 5741 eepto
249 5665 399 5739 ffrilgerius
413 5669 602 5737 cognomento
620 5664 780 5721 lfailaherba
798 5660 967 5736 predictam
1018 5661 1089 5717 latus
1103 5662 1156 5716 est.
1173 5661 1205 5716 ln
1226 5658 1428 5715 introituram
1448 5657 1572 5715 basilicae
1592 5660 1688 5717 Matar
1711 5658 1831 5733 Virginis

154 5760 346 5823 munitionem
369 5759 508 5819 servabat.
536 5756 578 5815 Ob
604 5757 793 5817 infortunium
815 5755 969 5815 imminens
1017 5754 1111 5811 lfarioe
1143 5751 1219 5828 apud
1254 5751 1476 5827 bongsmrilfam
1507 5752 1635 5827 sepultas
1660 5758 1716 5811 est.
1742 5754 1831 5829 Super
