3750 6046
77 251 80 255 ·
127 220 180 280 283
810 220 972 281 cautaret
991 218 1123 277 Vll⁸bLlS
1765 211 1818 267 aas

128 352 224 403 errata
240 347 433 419 indulgerent,
452 349 552 422 suique
574 364 717 405 memores
737 353 842 419 essent,
859 350 940 406 obse·
952 357 982 429 Α
1026 344 1093 398 Post
1119 341 1229 412 aliquot
1244 338 1381 421 temporis
1397 336 1453 410 pias
1476 335 1685 393 memorioerer
1701 335 1808 391 Eduar-

126 440 222 496 cravit.
242 441 343 513 Sicque
357 440 424 498 data
443 442 634 512 confessione,
656 459 688 498 ac
703 445 878 499 sacrosancta
893 444 944 498 llo-
993 432 1320 506 du1,xrrvennoregni
1334 430 1389 499 sui,
1404 432 1496 486 Nonas
1514 429 1641 488 tenuerit
1654 428 1814 486 Lundoniaa

127 533 224 590 minici
249 538 376 608 corporis
400 540 532 609 percepta
554 535 771 603 communione,
791 541 943 608 postquam
993 529 1143 587 defunctus
1156 531 1208 597 est,
1223 531 1251 583 et
1274 527 1303 581 in
1325 541 1397 581 novo
1419 524 1604 591 monasterio,
1618 522 1698 596 quod
1712 523 1816 595 ipsein

129 628 318 685 moderamen
342 630 479 686 Uticensis
503 630 629 687 ccclesiae
654 631 780 702 quinque
807 629 890 685 annis
910 637 944 703 et
994 622 1160 679 occidentali
1178 624 1261 693 parte
1283 618 1360 675 urbis
1383 618 1558 685 condiderat,
1574 622 1603 674 et
1628 620 1813 688 tnncpraeee

128 721 220 777 tribus
240 723 387 778 mensibus
413 724 515 793 tenuit,
537 739 563 780 vr
588 724 638 779 lial
660 723 735 780 lunii
758 727 846 794 (locut
870 724 944 779 inter
994 716 1073 771 denti
1085 716 1243 787 septimana
1258 712 1385 768 dfldissffl
1398 712 1512 779 fecerat,
1529 725 1618 782 lif⁰l²0
1632 710 1723 765 flliffl
1736 710 1815 782 q⁰⁰d

130 831 232 871 manus
246 817 366 873 fratrum
379 818 493 873 litanias
507 834 558 889 pro
572 834 605 873 eo
619 817 663 889 pic
684 818 850 874 canentium
863 816 941 874 obiit.
994 810 1093 865 beatus
1115 810 1214 864 Petrus
1240 807 1384 878 aposlolus
1407 811 1537 877 tempore
1563 804 1659 859 Melliti
1689 803 1816 876 episcopi

129 911 162 965 la
186 911 340 966 crastinum
366 926 431 966 vero
447 911 542 966 vitalis
566 911 796 967 bernaicensium
810 910 896 966 abbas
909 911 944 966 ad
995 919 1060 959 cum
1082 902 1244 958 0³20n850110
1264 900 1414 973 signorum
1436 906 1660 963 00ss⁵00fflter³b
1687 897 1816 969 sepultus

129 1004 331 1059 tumulandum
351 1004 476 1059 amicum
499 1021 581 1060 suurn
596 1006 722 1073 accessit,
736 1009 764 1060 et
776 1005 806 1060 in
821 1005 945 1060 claustro
995 1003 1047 1052 cst·
1062 998 1140 1052 Tunc
1153 995 1290 1051 Hetuldcs
1301 994 1361 1065 ipse
1375 991 1571 1048 tumulationis
1585 989 1642 1059 die,
1654 990 1723 1046 dum
1736 989 1817 1061 plebs

129 1096 278 1151 coenobiali
299 1097 380 1168 J'uxta
414 1097 564 1153 eeclesiam
592 1098 621 1154 s.
649 1098 724 1154 Petri
750 1099 942 1170 apostotorum
995 1090 1025 1145 iu
1043 1089 1183 1162 exsequiis
1200 1087 1296 1143 dilecti
1321 1085 1397 1158 regis
1418 1084 1513 1140 adbuc
1534 1084 1663 1140 maderet
1686 1083 1816 1150 fletibus,

130 1193 267 1265 principis
295 1194 440 1265 sepelivit3
457 1195 532 1251 unde
552 1195 702 1251 bleinerius
716 1212 860 1251 successor
884 1196 944 1267 ejus
995 1179 1468 1253 ⁸⁵⁰¹⁰Siigflfldffifflhiepssffllffls
1483 1193 1569 1250 (luem
1583 1178 1817 1248 R⁰m⁸¹¹¹¹³P⁸P¹⁸

130 1287 222 1359 ipsum
235 1294 299 1360 pest
311 1304 402 1344 annos
416 1304 471 1345 xva
490 1305 556 1344 cum
574 1289 684 1345 ossibus
703 1289 860 1346 witmundi
878 1289 944 1344 socii
995 1275 1183 1348 Suspessdeml
1197 1291 1213 1329 8
1228 1272 1330 1330 divinis
1345 1272 1446 1328 Officiss
1466 1287 1519 1344 1)Γο
1533 1269 1706 1343 quiblssdssm
1721 1270 1817 1325 crimi-

130 1381 174 1437 eui
189 1383 217 1437 in
232 1381 387 1452 capitulum
403 1399 507 1438 novum
519 1383 673 1438 transtulit,
997 1369 1090 1435 nibus,
1105 1369 1166 1424 siae
1179 1367 1325 1422 communi
1349 1380 1490 1421 consensu
1514 1363 1637 1420 aberam
1663 1362 1817 1435 presulum

130 1483 208 1538 xva.
229 1483 355 1539 Cometes.
378 1487 493 1540 Euentus
505 1488 535 1539 tn
547 1486 662 1554 Aeetia.
688 1485 805 1541 llerutdt
831 1500 945 1556 usurpo·
995 1466 1025 1517 ⁰²
1036 1462 1175 1517 ⁰⁰mii⁸¹¹¹¹
1200 1457 1820 1532 PF⁰⁰⁸fflfflil¹10⁰⁰¹¹⁸0⁰f⁸i¹¹⁵sffflfiffll’foe·

169 1566 216 1617 tto.
232 1563 393 1618 Guiltelmus
417 1566 637 1621 Namnannorum
656 1566 776 1621 marotia
804 1565 841 1618 αα
857 1569 945 1620 trans.
995 1555 1084 1627 ripuit
1098 1554 1272 1611 diadematis
1284 1556 1313 1609 et
1326 1568 1461 1624 purpurae
1486 1552 1584 1608 decus.
1597 1550 1755 1606 audientes
1768 1567 1819 1605 au-

164 1643 325 1710 srctaadam
340 1646 369 1697 ta
385 1645 515 1713 striglium
527 1661 554 1700 se
566 1653 662 1715 parat.
993 1656 1053 1706 tem
1077 1648 1161 1720 Angli
1187 1647 1371 1704 temerariam
1388 1645 1566 1701 invasionem
1579 1660 1669 1716 quam
1683 1642 1821 1700 lteraldus

164 1739 246 1791 Anno
259 1735 294 1791 ab
306 1737 502 1794 {aestuatione
516 1739 626 1794 Domini
643 1744 719 1809 tuoe,
736 1742 890 1798 indictione
905 1761 942 1813 iv,
954 1721 982 1794 B
994 1743 1109 1811 feceret,
1123 1741 1189 1796 irati
1213 1746 1291 1810 sunt,
1308 1746 1338 1795 et
1352 1739 1550 1811 potentiorum
1564 1736 1696 1793 nonnulli
1707 1737 1821 1793 fortiter

131 1844 233 1885 mense
248 1830 347 1902 Aprili,
361 1831 422 1886 fere
435 1848 470 1887 xv
484 1832 584 1888 diebus
598 1852 615 1889 a
630 1841 707 1906 parte
723 1835 946 1908 Circiiapparuit
994 1836 1130 1892 obsistere
1157 1835 1249 1905 parati
1279 1850 1296 1889 a
1318 1832 1495 1904 subjectione
1522 1832 1583 1903 ejus
1599 1830 1719 1887 omnino
1733 1830 1819 1886 absti-

131 1922 213 1978 stella
249 1940 313 1995 quae
343 1932 469 1981 cometes
506 1927 622 1996 dicitur,
660 1945 734 2000 qua,
769 1931 945 2002 perspicaces
995 1931 1129 1986 nuerunt.
1159 1928 1209 1984 ¹llil
1232 1943 1299 1982 vero
1320 1927 1477 1983 nescientes
1496 1924 1620 1997 qualiter
1634 1923 1820 1996 tyrannidem

129 2016 276 2089 astrologi,
308 2016 358 2089 qui
390 2022 498 2075 secreta
523 2021 647 2093 physicae
679 2022 820 2079 subtiliter
850 2024 946 2080 rimati
996 2024 1069 2094 ejus,
1083 2022 1221 2095 quaejam
1241 2038 1328 2093 super
1352 2037 1401 2077 eos
1417 2019 1504 2075 nimis
1524 2021 1698 2088 excreverat,
1717 2018 1820 2074 evade·

60 2126 64 2141 ·
132 2114 208 2177 strat,
224 2116 397 2179 amaverant,
414 2113 534 2168 mutatio
549 2114 630 2185 regui
643 2114 820 2186 designatur.
837 2117 944 2172 Eduar-
996 2121 1070 2185 rent,
1092 2119 1122 2172 et
1136 2120 1234 2171 contra
1261 2114 1477 2170 considerantes
1500 2112 1578 2185 qued
1591 2128 1645 2168 aec
1658 2112 1740 2167 illum
1754 2111 1822 2183 deji-

133 2203 185 2258 dus
200 2203 288 2275 caim,
302 2221 349 2260 rex
365 2205 534 2277 anglorum,
557 2206 690 2264 Edelredi
711 2208 786 2280 regis
800 2226 835 2264 ex
847 2212 947 2266 Emma
996 2227 1074 2281 cere,
1100 2226 1153 2267 nec
1166 2210 1254 2265 aliurn
1270 2223 1369 2280 regem
1379 2194 1445 2279 'ipso
1470 2210 1608 2278 regnante
1622 2205 1657 2260 ad
1670 2204 1822 2261 utilitatem

133 2296 266 2354 Richardi
280 2297 399 2354 senioris
419 2300 652 2356 Normannorum
676 2301 756 2357 ducis
781 2303 841 2359 illia
859 2303 945 2371 tilius,
998 2305 1084 2377 regni
1099 2304 1274 2360 substituere
1287 2302 1424 2368 valerent,
1438 2299 1509 2356 colla
1522 2299 1583 2370 ejus
1593 2299 1666 2371 juge
1680 2298 1820 2354 submise-

132 2391 218 2462 pauto
242 2396 306 2446 autc
325 2391 444 2462 obierat,
466 2398 495 2447 et
519 2394 663 2463 beraldus,
687 2395 809 2451 Goduini
835 2398 948 2453 comitis
998 2401 1075 2467 ruat,
1092 2397 1223 2469 viresque
1235 2395 1365 2463 facinori,
1379 2394 1456 2466 qued
1469 2393 1820 2460 inchoaveratauxeruat.

132 2483 206 2539 filius
219 2499 341 2556 regnum
359 2486 516 2558 anglorum
540 2494 733 2560 usurpaverat,
755 2490 874 2562 jamque
895 2492 946 2546 tri·
997 2493 1058 2548 idox
1072 2492 1132 2564 ipse
1145 2506 1271 2563 regnum
1291 2488 1371 2560 qued
1388 2488 1522 2561 aequiter
1534 2486 1686 2554 invaserat,
1700 2486 1820 2541 horreu-

131 2577 184 2633 bus
201 2577 347 2634 mensibus
360 2579 394 2634 ad
410 2581 568 2637 multorum
589 2582 796 2638 detrimentum
822 2584 947 2657 perjurio
998 2586 1041 2642 dis
1055 2585 1209 2641 sceleribus
1225 2582 1388 2639 maculavit.

131 2675 160 2728 et
176 2672 354 2740 crudelitate,
368 2673 487 2745 aliisque
502 2675 635 2746 nequitiis
658 2676 782 2747 pollutus
806 2682 945 2734 tenuerat.
1033 2678 1162 2735 Edwiaus
1177 2693 1243 2733 vere
1270 2682 1300 2733 et
1323 2677 1466 2732 liorcarus
1494 2674 1624 2742 comites,
1646 2674 1697 2729 tilii
1723 2674 1821 2745 elgari

132 2766 239 2836 iujusta
253 2781 359 2839 nempe
381 2766 489 2823 invasio
506 2767 624 2823 nimiam
639 2769 715 2824 inter
728 2771 867 2841 quasdam
881 2788 948 2843 gen·
997 2773 1133 2846 precipui
1159 2770 1292 2839 consulis,
1319 2768 1440 2826 lleraldo
1463 2767 1663 2823 familiaritate
1689 2767 1820 2823 adhaese·

130 2864 173 2915 tes
196 2859 403 2916 dissensionem
430 2863 594 2929 commovit,
623 2863 777 2935 multisque
808 2864 948 2920 matribus
1000 2870 1220 2936 runt,eumque
1237 2865 1338 2936 juvare
1355 2865 1415 2918 toto
1441 2860 1594 2917 conamine
1621 2859 1675 2915 nisi
1695 2866 1772 2927 sont,
1789 2877 1822 2916 ea

132 2953 256 3009 tiliorum
272 2960 302 3011 et
313 2954 482 3026 conjugibus
501 2956 670 3012 maritorum
683 2973 783 3012 necem
797 2962 826 3013 et
839 2958 948 3014 luctum
999 2959 1074 3033 quod
1087 2960 1147 3032 ipse
1163 2958 1310 3029 Edgivam,
1326 2972 1458 3011 sororem
1472 2970 1583 3022 eorum,
1600 2970 1718 3010 uxorem
1738 2954 1823 3009 habe·

132 3047 252 3119 peperit.
264 3048 410 3104 Eduardus
423 3048 560 3105 nimirum
575 3050 796 3123 propinquusne
807 3052 948 3108 tt'illelrno
998 3053 1055 3121 bat,
1074 3069 1139 3125 qaas
1151 3051 1232 3125 prius
1256 3049 1382 3107 Gritlridi
1405 3047 1554 3104 fortissimi
1569 3047 1644 3119 regie
1655 3048 1823 3104 Grrallorura

132 3141 196 3195 duci
212 3142 444 3197 Normannorum
460 3142 553 3214 primo
570 3160 622 3214 per
636 3143 812 3200 liudbertum
828 3145 949 3201 Carrtua·
999 3147 1101 3219 cenJ'ua
1126 3145 1230 3212 fuerat,
1247 3144 1331 3216 eique
1353 3142 1504 3198 blidenum
1521 3141 1602 3213 regni
1629 3156 1822 3197 successorem

131 3234 242 3290 riarum
263 3251 408 3291 summum
432 3236 607 3307 pontificem,
622 3240 721 3310 postea
747 3239 948 3309 pereumdem
999 3246 1027 3297 et
1056 3241 1145 3295 filiam
1171 3238 1288 3294 nomiae
1311 3237 1378 3292 Neet
1411 3239 1570 3308 pepererat.
1597 3235 1675 3290 Tunc
1696 3234 1824 3291 tosticus

132 3328 948 3402 Heraldam‚integrambugliciregnimandaveratcon·
998 3333 1118 3392 Goduini
1146 3332 1257 3388 comitis
1283 3330 1374 3398 lilius,
1403 3329 1553 3386 advertens
1584 3328 1699 3384 lleraldi
1727 3327 1824 3383 fratris

133 3422 301 3490 cessionem,
321 3424 471 3496 ipsumque
495 3424 713 3480 concedentibus
727 3426 824 3498 anglis
845 3426 951 3482 fecerat
1001 3429 1044 3483 sui
1058 3427 1212 3499 prevalere
1228 3424 1336 3481 facinus
1351 3428 1381 3480 ct
1399 3438 1525 3494 regnum
1538 3421 1647 3494 anglica
1663 3421 1748 3476 variis
1761 3437 1824 3494 gra·

133 3515 303 3585 totiusjurts
324 3517 367 3571 sai
393 3517 549 3573 haeredem.
572 3518 699 3591 Denique
726 3519 786 3590 ipse
815 3520 950 3575 llcraldas
1001 3521 1059 3577 sari
1085 3518 1336 3591 oppressionibus,
1367 3532 1444 3588 aegre
1471 3515 1553 3583 tulit,
1579 3514 1771 3583 contradixit,
1797 3519 1826 3570 ct

132 3610 209 3682 apud
228 3610 440 3683 Rotbornagum
454 3611 949 3685 Willelmoduci,eoramoptimati·
999 3622 1097 3687 aperte
1115 3628 1277 3685 repugnare
1299 3610 1436 3666 decrevit.
1466 3609 1547 3665 Unde
1571 3608 1712 3665 licraldus
1735 3608 1826 3681 patris

133 3703 187 3759 bus
214 3704 407 3773 Normeaniae,
430 3709 640 3762 sacramentum
665 3706 788 3774 fecerat;
814 3707 950 3763 ethome
1000 3707 1187 3775 consulatum,
1210 3721 1297 3777 quem
1317 3703 1454 3770 Tosticus,
1469 3702 1536 3774 quia
1557 3701 1650 3773 major
1669 3706 1824 3769 natuerat,

133 3797 196 3869 ejus
220 3798 320 3867 factus,
343 3798 440 3854 omnia
462 3816 526 3872 qum
546 3799 581 3855 ab
610 3800 659 3855 illo
683 3800 820 3872 requisita
838 3801 951 3856 fuerant
1003 3803 1091 3873 longo
1105 3805 1241 3871 tempore
1257 3797 1309 3852 sub
1322 3796 1455 3853 Eduardo
1481 3795 1625 3867 regejam
1639 3797 1783 3861 tenuerat,
1800 3793 1826 3849 ei

133 3909 220 3964 super
232 3891 424 3948 sanctissimas
442 3892 576 3965 reliquias
595 3894 749 3964 juraverat.
770 3894 847 3949 Tunc
864 3894 950 3949 etiarn
1001 3895 1144 3950 violenter
1177 3891 1310 3955 abstulit,
1339 3891 1491 3963 ipsumque
1522 3890 1649 3945 exsulare
1676 3888 1826 3960 compulit.

134 3984 339 4041 duxeumdem
356 3985 511 4042 deroldum
531 3987 561 4042 in
575 3985 756 4058 expeditione
770 4003 865 4042 secam
879 4004 949 4042 con·
1002 3988 1089 4043 Exsul
1118 3986 1206 4057 igitur
1231 3984 1357 4039 Tosticus
1384 3981 1546 4039 flandriam
1572 3982 1701 4054 expetiit,
1728 3981 1826 4054 ibique

133 4085 178 4134 tra
192 4080 339 4135 conanum
352 4079 486 4134 comitem
501 4079 648 4135 Britonum
662 4079 792 4148 duxerat,
805 4079 951 4152 armisque
1002 4096 1103 4138 socero
1115 4096 1166 4136 sue
1179 4077 1314 4134 balduine
1342 4075 1562 4132 flandrensium
1580 4080 1703 4147 satrapea
1726 4074 1826 4130 tuditb

134 4171 310 4242 fulgentibus
325 4174 355 4226 et
366 4173 457 4243 equis,
473 4172 591 4244 aliisque
605 4172 735 4245 insigniis
750 4189 816 4229 cum
830 4175 950 4229 commi·
1002 4190 1120 4231 uxorem
1148 4188 1230 4228 suain
1256 4169 1488 4239 commendarit3
1501 4169 1607 4225 deinde
1620 4168 1740 4224 festinus
1753 4168 1824 4223 Nor·

133 4264 270 4322 litonibus
295 4265 352 4321 suis
381 4265 574 4338 spectabiliter
598 4271 755 4322 ornaverat.
780 4269 847 4324 Erat
872 4269 950 4323 euim
1001 4267 1147 4325 manniam
1165 4264 1243 4332 adiit,
1261 4267 1290 4321 at
1312 4263 1484 4319 willelmum
1506 4261 1618 4331 ducem,
1648 4277 1699 4316 cur
1723 4261 1824 4334 perJ'u·

133 4358 211 4415 idem
229 4358 337 4431 anglus
352 4359 547 4431 magnitudine
563 4364 592 4416 et
610 4361 761 4433 elegantia,
789 4361 952 4434 viribusque
1003 4378 1066 4419 rum
1079 4376 1163 4416 suum
1178 4373 1301 4430 regnare
1311 4357 1428 4424 sineret,
1442 4355 1555 4411 fortiter
1566 4355 1722 4427 redarguit,
1737 4371 1824 4426 seque

133 4451 259 4525 corporis
290 4451 438 4524 animique
470 4454 588 4511 audacia
618 4460 646 4510 et
677 4453 784 4526 linguae
810 4448 1138 4524 facundia,Dtldellter,
1159 4453 1181 4507 si
1208 4451 1268 4523 ipse
1294 4466 1360 4505 eura
1380 4448 1581 4505 Normaanicis
1598 4446 1705 4503 viribus
1725 4448 1824 4503 iada·

94 4530 102 4539 ’
135 4547 290 4618 multisque
304 4546 414 4603 facetiis
427 4552 455 4604 et
473 4548 668 4620 probitatibus
694 4548 880 4605 admirabilis.
897 4550 952 4606 Sed
1001 4550 1087 4621 gliam
1099 4546 1305 4613 transfretaret,
1317 4543 1398 4614 regni
1411 4541 1693 4597 decusobteaturum
1702 4541 1746 4596 illi
1758 4555 1823 4613 spo·

133 4641 203 4714 quid
216 4640 242 4696 ei
258 4644 338 4697 tenta
353 4641 428 4696 dena
439 4641 499 4698 siae
513 4641 654 4715 tlae,qura
666 4642 807 4698 bonoram
821 4641 951 4698 omnium
1002 4642 1112 4715 pendit.
1135 4639 1191 4711 lpsi
1204 4653 1310 4710 nempe
1319 4635 1493 4708 jamdudum
1506 4651 1536 4689 re
1556 4635 1678 4690 invicem
1695 4634 1822 4690 multam

133 4735 352 4792 fundamentum
366 4742 418 4806 est,
434 4738 636 4792 contulerunt?
659 4739 691 4792 la
709 4737 833 4808 patriam
848 4753 952 4809 nempe
1003 4738 1178 4801 amaverant,
1192 4732 1320 4802 duasque
1327 4745 1448 4796 sorores,
1458 4744 1511 4801 per
1523 4744 1594 4800 ques
1605 4727 1734 4783 amicitia
1746 4745 1823 4801 sepe

134 4845 215 4884 suam
228 4832 260 4883 ut
274 4845 420 4901 regressus
433 4833 484 4898 est,
499 4847 550 4902 pro
567 4830 720 4902 cupiditate
735 4829 815 4902 regni
831 4830 952 4885 Domino
1001 4827 1199 4894 recalescebat,
1221 4825 1249 4880 in
1271 4823 1406 4895 conjugio
1431 4820 1584 4877 habebant.
1599 4819 1758 4878 willelmus
1775 4837 1825 4877 au·

136 4922 284 4979 euclidem
299 4924 435 4979 mentitus
445 4927 496 4979 est.
510 4924 582 4978 Nam
596 4939 691 4996 regern
706 4923 880 4994 Eduardum,
891 4925 951 4997 qui,
1002 4931 1062 4981 tem
1076 4922 1133 4976 dux
1147 4918 1347 4976 advenientem
1360 4916 1485 4971 amicum
1499 4931 1566 4971 eum
1577 4914 1683 4986 gaudio
1698 4915 1826 4986 suscepit

137 5015 236 5071 morbo
251 5016 477 5088 ingravescente,
490 5017 552 5088 jam
561 5018 799 5090 mortiproximus
812 5024 883 5086 erat,
898 5018 951 5073 cir·
1002 5014 1148 5073 amicabili
1168 5010 1365 5084 redargutioni
1390 5009 1453 5082 ejus
1480 5007 1587 5081 gratias
1615 5006 1676 5079 egit
1701 5008 1822 5080 ejusque

136 5108 289 5179 cumvenit,
304 5109 387 5182 eique
408 5110 644 5167 transfretationis
657 5127 715 5167 suae
727 5117 754 5167 et
768 5110 953 5183 pretectionis
1002 5106 1248 5167 exhortationibus
1263 5101 1594 5160 animatusNormanniae
1608 5117 1740 5173 proceres
1753 5117 1823 5157 coa·

136 5202 167 5258 in
178 5202 382 5258 Normaonianr
396 5220 429 5258 ac
443 5204 595 5277 legationis
608 5204 714 5261 seriem
729 5204 837 5262 retulit.
847 5205 952 5260 Deinde
1002 5202 1120 5272 vocarit,
1137 5206 1166 5257 et
1182 5200 1218 5256 de
1237 5201 1318 5254 tante
1339 5196 1445 5269 talique
1463 5195 1580 5268 negotio
1593 5194 1664 5266 quid
1677 5194 1823 5268 agendum

136 5295 325 5353 fraudulentis
339 5297 542 5354 assertionibus
568 5298 672 5371 adiecit
693 5297 769 5372 quod
796 5298 953 5354 tVillelmus
1003 5298 1088 5364 esset,
1101 5293 1196 5367 palam
1212 5289 1362 5348 consuluit.

137 5390 321 5447 Normanaiae
334 5390 387 5447 sibi
401 5391 487 5448 liliam
507 5409 588 5448 suam
606 5392 636 5448 ia
648 5393 815 5466 conjugium
831 5391 951 5460 dederit,
1038 5391 1078 5445 Eo
1091 5392 1221 5461 tempore
1235 5381 1407 5440 Normaaaie
1426 5381 1561 5455 praeclare
1581 5379 1698 5453 rigebat
1708 5381 1823 5455 sapien·

134 5489 164 5541 ct
185 5485 272 5542 totius
285 5485 394 5558 anglici
409 5485 491 5558 regni
502 5485 551 5558 jus
573 5488 670 5558 utpote
692 5502 800 5559 genere
818 5502 869 5541 suo
884 5501 951 5542 coa·
1003 5483 1078 5540 tibae
1107 5480 1290 5538 ecclesiarum
1320 5476 1446 5552 prelatis
1471 5478 1501 5533 st
1524 5473 1722 5547 optimatibus.
1753 5474 1823 5531 Nam

137 5579 262 5637 cesserit.
276 5579 359 5646 Quod
378 5578 497 5635 audiens
527 5584 653 5651 egrotus
677 5579 808 5652 princeps
834 5578 954 5635 miratus
1003 5573 1250 5640 sacerldaurilius,
1264 5587 1299 5628 ex
1314 5569 1458 5627 monacho
1479 5566 1732 5642 metropolitanus,
1749 5584 1823 5642 prce-

22 5716 26 5723 .
134 5678 187 5741 est,
201 5672 433 5729 temencredidit
446 5675 475 5729 et
488 5673 710 5747 concessitquod
724 5674 954 5747 vafertyraaaus
1004 5667 1279 5741 sidebetepiscopus
1300 5662 1446 5721 cathedras
1465 5660 1702 5735 liotboraageasi,
1720 5660 1824 5719 stoan

136 5769 412 5824 commentatusest.
1004 5760 1232 5823 willelmidaeis
1247 5756 1477 5818 uwnnasfrater
1490 5753 1646 5829 duacena,
1668 5752 1823 5829 liugotra·
