3750 6046
89 166 145 223 723
508 162 663 222 nisteron
682 162 951 222 ncctmttsttct.
970 192 1006 209 ·-·
1024 164 1110 224 PARS
1124 165 1170 223 lll.
1186 195 1221 209 -
1239 168 1303 226 LlB.
1322 166 1355 226 X.
1725 172 1776 231 lid

90 292 139 351 1v.
151 293 253 351 moues
260 296 286 349 et
300 293 455 352 Nonacrini
465 294 651 363 mapuotesde
674 294 824 350 Vitceseino
837 295 910 349 inter
919 291 1028 379 Adam
1048 292 1175 350 hostibus
1198 294 1300 353 acriter
1321 296 1501 353 resistebant.
1523 299 1554 354 In
1586 297 1638 355 illa
1668 296 1775 372 qnippe

393 391 420 430 se
437 375 612 431 contendunt.
960 386 1105 459 provincia
1130 388 1318 461 egregiorum
1339 390 1422 462 copia
1445 390 1568 448 militnm
1590 396 1643 463 est,
1673 394 1777 467 quibus

127 480 214 535 Anno
228 477 264 533 ab
278 478 477 533 lncarnatione
492 477 604 533 Domini
620 479 697 547 lotii,
713 475 870 532 indictione
882 494 909 545 v,
959 480 1121 553 ingenuitas
1142 485 1172 537 et
1195 482 1298 555 ingens
1323 484 1448 555 probitas
1466 485 1550 542 inest.
1575 487 1618 543 llli
1637 487 1776 544 nimirum

88 571 263 628 Guillelmus
285 571 383 642 nurus,
404 576 437 627 nt
451 571 543 643 patria
557 571 601 627 sui
621 588 702 626 casus
715 574 745 626 et
767 570 911 626 bellorum
960 573 1102 646 insignem
1128 576 1301 633 Francorum
1328 577 1443 634 laudem
1463 578 1595 651 deperire
1608 581 1773 638 noluerunt.

89 681 196 721 causas
207 665 355 738 comperit.
376 664 519 738 Philippo,
535 666 710 721 Francorum
724 664 797 737 regi,
816 666 908 720 totum
960 683 1088 740 seseque,
1104 686 1157 742 pro
1170 669 1336 726 defensione
1349 672 1450 743 patriae
1459 678 1487 727 et
1495 674 1585 745 gloria
1600 675 1694 746 gentis
1702 692 1773 747 sues,

88 759 281 815 vilcassinum
300 776 406 832 pagum
421 759 590 815 calumniari
610 759 746 831 crepitet
774 758 911 830 prosalem
961 761 998 816 ad
1012 767 1134 819 mertem
1149 781 1236 836 usque
1253 764 1378 820 inimicis
1391 765 1567 838 objecerunt.
1577 767 1658 823 Unde
1670 768 1775 840 passim

91 852 211 926 oppida,
231 853 394 909 Pontesiam
414 857 443 909 et
462 853 672 909 Calvimontem
691 856 775 925 atque
796 852 908 909 ldednn-
959 859 1050 912 stota
1068 857 1153 913 Gellia
1167 858 1272 913 electos
1288 859 1409 915 athletas
1428 864 1457 914 et
1470 860 1589 916 auduom
1603 860 1709 918 tirones
1722 861 1775 917 sibi

90 952 157 1004 tum
169 947 308 1021 poposcit.
324 948 434 1004 Francis
451 951 549 1004 autem
564 947 692 1019 poscenti
709 964 765 1002 non
780 946 908 1019 aequies—
959 950 1132 1021 asciverunt,
1159 956 1188 1006 ot
1212 951 1367 1021 multoties,
1396 952 1526 1009 beshbns
1550 954 1705 1025 obstantes,
1722 955 1776 1011 sibi

90 1042 234 1110 centibus,
252 1043 309 1097 imo
322 1042 463 1115 prelianti
483 1041 616 1097 atrociter
637 1041 767 1098 resistere
783 1040 908 1096 ardenti·
960 1043 1068 1099 utiliter
1082 1043 1225 1116 stipendia
1238 1044 1342 1100 lucrati
1355 1051 1431 1101 sunt.

90 1136 159 1203 bns,
173 1137 275 1210 ingens
298 1152 402 1209 guerra
417 1137 492 1193 inter
512 1136 621 1191 feroces
637 1137 758 1206 populos
772 1134 909 1202 exoritur,
996 1136 1159 1206 Quondam,
1179 1155 1244 1194 eum
1268 1138 1380 1210 Anglici
1389 1140 1466 1212 regis
1478 1140 1585 1196 familia
1597 1140 1777 1199 natvimontis

91 1237 122 1286 et
145 1229 243 1287 multis
262 1231 389 1285 luctuose
418 1246 495 1285 mors
520 1229 668 1301 ingeritur.
691 1230 793 1284 Totum
815 1234 909 1284 tamen
959 1230 1079 1286 confinia
1097 1231 1266 1301 devastaret,
1282 1242 1311 1288 et
1331 1233 1454 1288 militum
1477 1233 1593 1290 audacia
1619 1235 1693 1291 vires
1713 1252 1777 1291 suas

89 1325 210 1398 pondus
225 1324 461 1380 detrimentorum
475 1323 559 1379 Gallis
580 1322 720 1379 incumbit
734 1328 762 1378 et
774 1339 907 1379 aecnmu·
961 1324 1093 1397 utrinque
1111 1329 1277 1397 ostentaret,
1293 1327 1392 1382 Franci
1413 1328 1602 1384 Gislebcrtnm
1617 1330 1653 1384 de
1675 1328 1776 1403 riquila

89 1421 178 1475 latur.
200 1418 346 1491 Philippus
365 1418 442 1473 enim
466 1434 527 1486 rex,
556 1417 638 1489 piger
663 1421 691 1473 et
714 1417 908 1489 corpulentus,
960 1433 1025 1472 cum
1049 1418 1112 1473 aliis
1142 1420 1359 1491 quampluribus
1381 1436 1496 1492 magnus
1522 1422 1678 1478 nobilitatis
1696 1439 1776 1479 eom-

91 1512 226 1585 belloque
257 1512 430 1584 incongruus
459 1517 528 1567 erat.
556 1511 714 1568 Lndovicus
740 1527 807 1567 vero
836 1512 910 1566 lilius
959 1511 1182 1583 prehenderunt,
1212 1516 1242 1568 et
1259 1513 1342 1585 Angli
1361 1515 1507 1585 Pagarum
1533 1516 1567 1571 de
1599 1516 1774 1585 Monte-Gaii,

92 1606 166 1679 ejus,
184 1607 285 1680 puerili
304 1606 494 1662 teneritudine
514 1606 646 1662 detentus
667 1605 770 1675 adhuc,
784 1605 907 1660 militaro
959 1621 1023 1661 cum
1038 1606 1100 1661 aliis
1114 1605 1150 1661 do
1165 1604 1291 1678 partibus
1304 1607 1443 1678 ejusdem,
1457 1615 1608 1680 ceperunt.

92 1700 243 1772 nequibat.
262 1701 420 1772 Anglorum
431 1705 525 1754 autem
542 1700 691 1770 sceptrifer
709 1704 785 1754 totns
799 1676 946 1755 militiress
993 1701 1076 1754 Anno
1100 1699 1135 1755 ab
1160 1700 1358 1756 lnearnntione
1385 1701 1499 1757 Domini
1524 1704 1602 1771 loti,
1624 1700 1777 1759 indictione

93 1792 210 1849 deditus
223 1799 293 1863 crat,
310 1799 338 1848 et
355 1793 477 1865 optimos
495 1809 528 1847 ac
550 1791 682 1864 probatos
697 1792 817 1848 athletas
837 1808 911 1863 prae·
960 1809 996 1862 vr,
1025 1809 1122 1849 mense
1147 1794 1325 1865 Septembri,
1358 1794 1523 1850 Gnillehnus
1547 1812 1597 1850 rex
1628 1795 1777 1868 ingentem

92 1888 177 1959 cipue
202 1886 348 1958 diligebat,
375 1890 403 1942 et
424 1887 578 1941 electorum
599 1886 755 1958 phalanges
780 1886 910 1957 equitum
960 1887 1117 1943 exercitum
1135 1888 1312 1960 aggregavit,
1326 1891 1355 1943 et
1374 1888 1404 1944 in
1426 1888 1546 1945 Galliam
1562 1888 1691 1957 tondens,
1705 1890 1778 1945 Cou-

93 1981 251 2037 honorillce
265 1997 362 2036 secum
375 1981 501 2037 ducebat.
517 1981 573 2035 lllis
586 1979 722 2035 nimirum
736 1979 864 2052 stipatus,
887 1979 911 2034 si
960 1979 1020 2034 chis
1039 1980 1193 2053 hospitium
1216 1998 1232 2034 v
1261 1981 1403 2037 llalcndas
1430 1981 1561 2038 Octobris
1587 1982 1721 2054 suscepit.
1747 1983 1778 2037 ln

92 2076 178 2134 Caius
195 2075 285 2131 lulius
304 2078 397 2133 Cmsar
415 2092 479 2130 eum
493 2074 626 2131 Arasoniis
645 2073 808 2129 cohortibus
822 2073 908 2130 obsti·
960 2072 1023 2145 ipsa
1047 2077 1130 2129 nocte
1149 2074 1275 2130 terribile
1293 2074 1407 2146 signnm
1429 2075 1536 2130 mundo
1563 2075 1779 2131 manifestatum

91 2171 186 2238 iisset,
202 2170 284 2242 eique
298 2169 435 2241 injustum
450 2168 517 2241 qnid
538 2169 644 2223 inferre
661 2171 778 2223 conatus
800 2166 909 2235 suisset,
960 2170 1013 2222 est.
1026 2168 1130 2223 Totam
1146 2184 1253 2241 nempe
1261 2168 1375 2234 coelnm,
1388 2168 1470 2240 quasi
1483 2168 1608 2239 arderet,
1621 2169 1681 2224 lere
1696 2186 1778 2225 cunc·

91 2280 212 2319 suornm
228 2263 326 2335 procul
339 2262 425 2317 dnbio
440 2262 511 2317 vires
524 2266 551 2316 et
565 2261 711 2316 andaciam
723 2260 849 2316 tironum
862 2277 909 2316 co·
960 2260 996 2315 tis
1016 2260 1238 2317 occidentalibus
1261 2261 1453 2318 rubicundum
1487 2264 1517 2317 ut
1542 2262 1658 2333 sangnis
1685 2261 1777 2319 visum

93 2357 192 2412 minus
207 2356 236 2411 in
257 2356 336 2411 illum
350 2355 472 2427 experiri
496 2354 730 2427 praesumpsisset.
754 2352 911 2409 Rodbcrtns
961 2358 1011 2409 est.
1028 2355 1117 2423 Tunc,
1133 2359 1163 2411 ut
1180 2354 1367 2427 postmodum
1390 2355 1559 2423 audivimus,
1587 2355 1614 2410 in
1636 2355 1699 2411 Eois
1712 2372 1778 2426 por·

92 2451 281 2506 belesmensis
308 2449 439 2522 princeps
476 2448 586 2503 militiae
618 2447 702 2518 hrrjus
727 2453 803 2502 erat:
831 2447 910 2518 cujus
960 2448 1036 2503 tibus
1058 2448 1209 2504 Christiani
1225 2453 1322 2505 eontra
1335 2448 1463 2505 ethnicos
1478 2455 1691 2521 pugnaverunt,
1708 2449 1778 2505 Dee·

91 2540 175 2595 favor
188 2556 257 2612 erga
282 2555 382 2610 regem
396 2542 425 2593 ct
439 2538 576 2593 calliditas
592 2553 648 2609 prae
662 2537 772 2591 caeteris
785 2536 909 2608 vigebat,
960 2559 1017 2614 que
1031 2542 1159 2614 juvante,
1176 2542 1401 2615 triumpharunt.
1416 2542 1584 2598 Guillelmns
1599 2559 1649 2597 rex
1665 2543 1696 2597 in
1716 2543 1780 2598 Gal-

92 2631 216 2705 lnsignis
228 2634 322 2687 consul
336 2632 472 2687 ilenricns
489 2631 578 2686 irater
594 2631 668 2703 regis
693 2635 721 2686 ct
743 2630 911 2685 Gnillelmns
960 2636 1027 2691 liam
1049 2651 1140 2708 nsque
1160 2637 1321 2691 Pontesiam
1344 2636 1487 2704 discurrit,
1511 2636 1649 2692 incendiis
1662 2641 1777 2709 etprae-

92 2743 188 2782 eomes
208 2725 396 2792 Ebroiccnsis,
423 2726 501 2796 llugo
524 2725 680 2782 cestrensis
705 2728 733 2779 et
752 2723 911 2779 Gaulterins
961 2729 1003 2784 dis
1018 2729 1226 2801 hominumque
1241 2730 1375 2801 capturis,
1390 2730 1518 2784 onmium
1537 2730 1667 2786 ubertate
1679 2745 1778 2785 rernm

93 2820 227 2876 Gifardns
240 2836 335 2874 comes
354 2819 673 2890 bucchingehamensis,
695 2817 800 2891 aliique
814 2817 911 2889 plnres
961 2822 1087 2878 nobilem
1103 2822 1279 2894 provinciam
1291 2823 1453 2879 devastavit.
1468 2823 1779 2897 llultisquequelegio-

92 2915 243 2982 consules,
278 2912 384 2968 tribuni
415 2916 444 2967 et
473 2913 658 2967 centuriones
692 2911 803 2983 anglici
837 2910 910 2983 regis
963 2916 1048 2971 nibus
1061 2921 1240 2972 armatorum
1262 2917 1444 2973 calvimontis
1466 2917 1572 2972 nroenia
1584 2917 1777 2973 circumvalla·

92 3007 579 3077 cohortesducebant,etpraeclnra
598 3006 910 3079 iacirrorafreqnenter,
962 3009 1011 3079 vit,
1031 3010 1151 3066 etdiros
1174 3010 1324 3066 assultnsa
1353 3011 1466 3067 ferratis
1489 3010 1656 3067 cohortibus
1684 3010 1779 3083 ingeri

92 3105 181 3176 prout
193 3101 336 3157 variabilis
349 3101 462 3156 fortuna
475 3101 637 3173 prestabat,
652 3100 784 3171 agebant.
923 3070 1106 3176 Cprecepit.
1134 3104 1258 3160 illustres
1276 3103 1411 3176 oppidani
1425 3105 1639 3176 propugnacula
1660 3103 1778 3176 quidem

131 3196 261 3268 l'leriqnc
277 3197 461 3265 Francorum,
478 3195 526 3267 qui
544 3194 618 3251 binis
633 3195 810 3267 cogebantur
825 3193 913 3249 dorni-
962 3214 1014 3254 sua
1031 3195 1163 3252 vivaciter
1184 3199 1379 3268 protexerunt,
1403 3197 1453 3253 sed
1476 3197 1586 3253 timoris
1609 3197 1658 3253 [lei
1680 3201 1709 3252 ct
1722 3197 1776 3253 hn-

91 3291 137 3346 nis
156 3290 359 3359 obsecundare,
387 3304 438 3361 pro
463 3288 545 3358 fiscis,
566 3288 670 3360 quibus
690 3288 801 3343 abunde
835 3287 911 3342 locu·
962 3290 1213 3346 manoesocietatis
1230 3290 1416 3346 immemores
1437 3290 1776 3347 contueruntlnsilicn·
1856 3340 1859 3347 .

92 3385 203 3457 pletati,
215 3383 266 3439 sub
280 3384 427 3455 utriusque
440 3383 516 3455 regis
527 3381 679 3452 turgebant
692 3381 811 3450 ditione,
824 3381 911 3448 anxii,
962 3383 1210 3456 tinmcorporibus
1220 3385 1337 3456 provide
1347 3385 1566 3456 benigniterque
1577 3388 1777 3457 pepercerunt,

92 3478 161 3550 qnia
175 3495 249 3534 nemo
265 3484 352 3549 potest
365 3479 468 3533 duobus
485 3478 599 3532 dominis
614 3478 713 3531 seruire
729 3476 852 3547 (territa,
869 3493 910 3544 vr,
964 3478 1010 3532 sed
1026 3477 1204 3532 atrocitatem
1219 3477 1268 3532 irae
1294 3494 1351 3532 suae
1369 3478 1499 3549 pretiosis
1524 3477 1708 3533 inimicorum
1730 3493 1775 3532 ca·

93 3575 151 3644 et),
161 3570 265 3627 animis
276 3572 424 3637 acriorem,
436 3571 592 3642 opibusque
604 3570 738 3625 ditiorem
753 3570 911 3641 elegerunt,
961 3572 1042 3627 hallis
1064 3570 1230 3626 intulerunt.
1253 3571 1311 3626 Non
1327 3572 1388 3642 plus
1402 3587 1487 3643 qnam
1500 3571 1700 3642 septingentos
1728 3570 1774 3625 in·

94 3672 124 3722 et
141 3683 207 3722 cnm
226 3667 284 3721 suis
305 3665 466 3720 hominibus
482 3664 701 3736 municipiisque
723 3663 914 3718 favorabiliter
963 3665 1054 3739 geritis
1068 3665 1153 3736 prelii
1166 3681 1252 3738 equos
1265 3664 1375 3736 sagittis
1389 3668 1417 3719 et
1431 3663 1585 3719 missilibus
1598 3664 1775 3732 occiderunt,

93 3763 262 3834 paruerunt.
276 3759 436 3814 Radbertus
449 3758 556 3831 itaque,
571 3775 665 3813 comes
679 3756 714 3812 de
733 3756 912 3821 hlcllento,in
962 3776 995 3814 ex
1016 3775 1138 3831 quornm
1158 3758 1343 3813 cadaveribus
1367 3758 1503 3814 Gallicani
1529 3774 1614 3813 canes
1641 3764 1670 3814 et
1692 3757 1776 3815 alites

94 3855 153 3909 suis
169 3853 374 3909 munitionibus
390 3853 499 3924 Anglos
517 3852 650 3924 suscepit,
662 3857 691 3906 et
708 3856 853 3923 potentem
872 3851 913 3905 eis
963 3868 1053 3924 usque
1066 3852 1100 3908 ad
1115 3868 1251 3907 nauseam
1261 3851 1379 3906 saturati
1391 3853 1466 3906 suut.
1480 3851 1667 3923 Quamplnres
1680 3851 1776 3923 itaque

94 3950 124 4004 in
138 3948 260 4006 Galliam
281 3947 441 4002 discursum
463 3947 594 4018 apernit;
613 3962 734 4018 qnorum
762 3945 861 3999 bellica
885 3944 911 3999 vi
963 3946 1072 4018 pedites
1083 3946 1118 4001 ad
1135 3946 1328 4018 propriarum
1343 3961 1410 4017 rege
1424 3950 1565 4013 remeant,
1581 3944 1775 4017 quispnman-

92 4042 218 4115 plurima
242 4041 354 4096 Francis
373 4041 478 4096 danum
499 4040 605 4097 intulit.
630 4038 718 4095 Guido
745 4054 858 4110 quoque
878 4037 913 4093 du
962 4039 1037 4096 titius
1058 4040 1138 4112 equis
1153 4039 1260 4112 turgidi
1281 4039 1391 4111 equites
1414 4040 1514 4111 Eptam
1538 4038 1774 4110 pertransierant.

94 4137 189 4207 Rupe,
203 4135 359 4205 anglorum
372 4133 482 4206 argenti
508 4133 638 4204 cupidus,
653 4134 693 4187 eis
711 4131 788 4198 lavit,
802 4137 829 4188 el
850 4148 911 4185 mn-
962 4134 1089 4189 Animosi
1104 4133 1296 4205 Francigenre,
1308 4132 1372 4188 licet
1384 4138 1556 4204 campestres
1570 4132 1649 4187 villas
1662 4132 1776 4205 aregiis

93 4231 217 4286 nitiones
236 4228 349 4284 sunsde
372 4229 453 4300 Rupe
474 4233 502 4282 et
524 4227 627 4282 vetolio
655 4226 773 4282 dimisit.
798 4225 842 4280 Sic
865 4225 914 4280 alii
963 4227 1177 4296 discursoribus,
1192 4243 1314 4299 quorum
1344 4226 1431 4282 nimia
1457 4230 1518 4282 erat
1543 4226 1704 4294 multitudo,
1726 4225 1773 4282 dc-

95 4323 226 4379 nonnulli
254 4323 398 4389 lecerunt,
424 4320 483 4393 qui,
508 4320 566 4375 snis
594 4319 683 4386 inlidi,
711 4318 912 4374 exterisavide
963 4320 1774 4392 lcndcrenonpotuissent,neccontrapotentemregem,

95 4418 372 4488 obtemperaverunt.
383 4417 460 4469 Tunc
475 4415 641 4470 Guillelmus
654 4430 701 4468 rer
716 4412 910 4467 firmissimum
922 4442 951 4513 D
962 4413 1219 4469 innumerabilibus
1240 4414 1341 4469 turmis
1359 4413 1508 4485 stipntnnr,
1523 4413 1584 4467 sine
1597 4428 1667 4485 rege
1682 4411 1775 4484 legiti-

95 4516 220 4567 castrum
252 4509 366 4564 Gisortis
398 4509 521 4563 construi
546 4508 691 4580 praecepit,
719 4507 796 4579 quud
822 4522 911 4578 usqne
962 4522 1065 4577 uroque
1093 4503 1209 4559 ductore
1234 4504 1364 4559 cominus
1389 4503 1525 4559 dimicare
1554 4503 1616 4558 ansi
1645 4504 1775 4569 inissent,

96 4605 192 4668 hodic,
208 4608 308 4660 contra
330 4603 536 4658 calvimontem
562 4606 589 4656 et
604 4601 698 4657 'iriam
713 4605 799 4673 atquo
818 4599 911 4657 llurriz
960 4599 1133 4654 nrurritienes
1149 4602 1243 4652 tarrrcn
1258 4614 1323 4652 suas
1335 4597 1447 4665 sortiter
1465 4597 1629 4653 munientes
1644 4612 1772 4652 serrave-

97 4699 271 4770 oppositum,
293 4697 497 4752 lt'ornnnnniam
520 4695 680 4763 concludit;
704 4697 783 4767 cnjns
800 4694 912 4766 positio·
961 4698 1038 4762 rant,
1064 4699 1102 4761 ct,
1128 4692 1202 4747 beno
1230 4694 1359 4749 creatore
1386 4691 1482 4759 dante,
1505 4690 1624 4746 meliora
1647 4697 1775 4761 tempora

95 4795 208 4848 uomet
228 4792 367 4847 fabricam
386 4791 552 4863 ingeniosus
572 4789 908 4845 nrtilcrllodbertuslle·
960 4788 1114 4860 prenotati
1146 4791 1222 4841 sunt.
1251 4785 1418 4842 Gnillclmns
1443 4800 1504 4851 rex,
1531 4801 1597 4840 curn
1626 4783 1774 4839 Gnillelmo

95 4885 243 4942 lesmensis
264 4884 410 4957 disposuit.
431 4882 557 4950 Quadam
585 4883 640 4951 die,
666 4884 734 4938 dum
754 4882 910 4937 Nonnanni
961 4882 1032 4937 duce
1045 4880 1262 4948 Pictavensium,
1282 4879 1369 4934 ductu
1388 4878 1523 4934 amalrici
1542 4878 1656 4949 Juvonis
1680 4881 1710 4933 et
1729 4876 1775 4932 Ni·

95 4998 183 5053 super
198 4980 317 5034 Francos
332 4980 484 5046 irruerent,
499 4981 528 5032 et
544 4978 597 5049 ipsi
616 4976 800 5032 nihilominus
813 4976 853 5031 cis
867 4974 909 5030 in·
960 4976 1038 5031 vardi
1053 4975 1088 5030 do
1101 4975 1258 5047 Supiocnle,
1275 4980 1375 5028 contra
1393 4973 1621 5028 llontcmiortem
1641 4976 1669 5027 et
1687 4972 1773 5043 Spar·

95 5074 217 5146 signiter
232 5075 423 5140 occurrerent,
440 5071 747 5141 ledbaldus-Paganus
769 5070 805 5125 de
820 5070 911 5125 Giaor·
960 5070 1057 5125 lenem
1070 5068 1227 5123 inanimam
1242 5066 1456 5122 multitudinem
1471 5067 1563 5134 duxit,
1574 5065 1775 5137 circumjacen-

94 5166 344 5223 tisctGuolterius
367 5164 621 5232 deAmlrudivilla,
642 5164 847 5234 Geroldnsque
874 5163 910 5218 de
961 5170 1019 5219 tcm
1051 5162 1224 5234 provinciam
1259 5160 1427 5216 devastavit.
1454 5159 1511 5215 Sed
1537 5160 1636 5215 Simon
1661 5157 1775 5231 juvenis

97 5263 243 5316 tibicinae
256 5259 328 5331 eapti
354 5266 435 5325 sunt,
451 5275 574 5330 qnorum
590 5256 834 5329 redemptionibus
848 5257 908 5328 opi·
960 5258 1133 5312 munitiones
1151 5273 1226 5322 suas,
1248 5255 1404 5309 ausiliante
1431 5255 1497 5321 lieo,
1520 5254 1622 5309 illaesas
1643 5252 1773 5308 serravit.

96 5356 151 5410 nris
167 5358 284 5426 egentes
307 5353 405 5408 Franci
425 5354 459 5407 ad
481 5351 675 5407 dimicandum
692 5350 808 5405 animati
832 5354 909 5404 sunt.
961 5351 1058 5406 Simon
1068 5366 1135 5404 vero
1149 5366 1233 5405 senex
1246 5348 1524 5415 ser·vuvitneelnam;
1535 5349 1635 5403 Petrus
1648 5362 1773 5419 qnoque,
1801 5380 1804 5385 -

96 5448 256 5504 liodbertus
269 5447 409 5519 siquidem
423 5446 632 5502 deblaldestern
648 5450 677 5500 et
690 5444 857 5501 Odmundus
875 5445 909 5499 de
961 5461 1026 5499 eum
1039 5444 1103 5499 liliis
1117 5445 1183 5512 suis,
1205 5442 1329 5498 Arrsoldo
1347 5445 1374 5497 ct
1390 5441 1540 5508 ledbaldo,
1561 5424 1702 5507 hlanliarn,
1717 5439 1775 5494 olii·

96 5543 282 5609 ljalvirnonte,
310 5541 477 5594 lirrallrertns
506 5540 539 5595 de
570 5541 664 5593 [lorriz
695 5546 723 5595 et
754 5539 912 5594 lliclrardus
962 5555 1016 5610 que
1031 5537 1196 5610 municipes,
1212 5554 1283 5609 epiros
1297 5535 1463 5607 singillatim
1487 5552 1596 5608 nequeo
1616 5534 1774 5602 norrrinme,

95 5635 266 5707 fratcrejus,
287 5634 457 5690 (lodesindae
473 5639 501 5689 et
521 5636 621 5689 l‘etrns
644 5633 695 5688 lilii
718 5632 849 5688 llerherti
875 5633 911 5689 de
962 5634 1110 5687 tirmitates
1131 5649 1195 5687 suas
1223 5632 1380 5703 procaciter
1406 5633 1533 5685 tenuere.
1560 5631 1681 5695 Interea,
1707 5627 1777 5682 duni

96 5731 228 5801 Serrana,
251 5730 359 5788 militia
372 5729 591 5787 vilcassinorum
605 5731 758 5803 praeerant,
783 5733 812 5785 et
826 5727 911 5784 inter·
962 5727 1128 5783 Guillelmus
1143 5743 1189 5783 rer
1206 5742 1257 5801 prro
1271 5725 1352 5798 regni
1377 5724 1500 5798 negotiis
1526 5722 1727 5797 regrederetur
1748 5719 1777 5775 in
