3750 6046
55 226 128 283 ¹⁴⁰⁷
653 244 656 249 ·
706 242 924 303 ³nueoo1.-
941 250 1005 307 cin.
1025 248 1060 304 u.
1102 238 1105 243 '
1669 236 1737 291 ¹¹98

55 350 182 423 Spiritus
193 355 285 411 saneti
306 358 480 418 tradendum
498 365 623 422 ridetur.
645 369 780 427 Homines
794 374 871 429 euim
882 377 1018 461 Abolum
1030 375 1137 432 Niceeni
1150 371 1259 427 concilii
1269 368 1367 425 debita
1376 366 1558 421 veneratione
1566 363 1736 434 amplector,

55 462 167 516 sumus,
184 450 262 505 unde
291 453 376 508 aliter
400 456 507 528 aliquid
532 474 642 531 sapere,
665 478 753 536 quam
775 484 806 522 se
827 486 873 525 res
926 476 954 525 et
968 471 1093 541 ejusdem
1110 464 1223 523 concilii
1243 466 1300 519 diro
1314 466 1342 517 et
1354 458 1455 532 viginti
1464 458 1599 530 capitula,
1616 471 1681 527 que
1701 454 1738 510 ad

54 539 499 619 hahot‚lrumnunteutati0est;
527 552 613 609 nimis
635 562 734 615 autern
753 566 875 619 amarrdo
924 580 977 619 nos
1008 580 1059 635 per
1089 559 1265 631 exemplaria
1291 554 1440 628 pervenire
1475 554 1638 623 potueruut,
1666 550 1739 604 sieut

54 636 232 692 sonantium
251 656 342 708 snam,
370 644 412 697 rel
431 645 584 703 invidendo
606 652 771 710 melioribus
784 668 874 727 usque
925 657 1080 712 catholicus
1093 655 1226 725 suscipio.
1241 651 1296 708 Sed
1309 664 1375 705 cum
1388 646 1595 719 processionem
1615 643 1738 713 Spiritus

55 730 720 805 adpraecidendoscommnnionis,velcoudendi
735 749 872 806 schisma·
924 752 1014 807 salicti
1040 766 1057 804 a
1084 749 1164 813 Filio,
1189 745 1305 818 quseibi
1329 760 1386 799 nou
1408 740 1584 813 prohibetur,
1614 738 1736 803 atllrmo,

54 822 103 892 tis,
128 826 169 879 vel
196 826 313 883 haeresis
335 831 515 903 saerilegium
540 839 706 907 prevenire,
734 841 875 899 diabolica
924 846 994 900 nihil
1018 842 1154 899 cointrarii
1177 841 1263 895 doceo
1278 839 1321 893 vel
1343 852 1465 909 appono,
1487 834 1563 889 unde
1579 832 1649 887 illud
1664 846 1734 885 ana-

55 921 247 990 praesnmptio
261 925 314 977 est.
330 924 361 977 ln
378 927 455 981 nollo
468 916 565 984 autem
578 940 680 1002 sapere·
692 935 774 992 aliter
788 952 874 1008 quam
923 939 1023 993 thema
1034 938 1107 992 mihi
1129 936 1167 990 sit
1180 933 1391 989 formidandum
1407 946 1414 984 τ
1428 931 1479 984 hoe
1499 928 1576 983 enim
1591 926 1643 980 sub
1663 942 1733 979 aaa·

55 1026 87 1065 se
111 1026 158 1067 res
181 1013 278 1082 babet,
306 1016 435 1088 angelica
459 1020 597 1092 perfectio
622 1031 674 1081 est.
701 1028 776 1101 Ergo
807 1032 872 1102 quia
923 1032 1050 1087 themate
1065 1030 1172 1086 ibidem
1197 1027 1352 1083 inhibitum
1366 1030 1417 1091 est,
1433 1029 1465 1077 ut
1486 1021 1558 1076 nibil
1577 1019 1652 1090 quod
1666 1032 1740 1073 oon-

57 1104 190 1160 humines
212 1120 321 1176 sumus,
345 1112 374 1165 et
387 1112 556 1186 plerumque
578 1117 707 1174 fallimur
718 1134 746 1176 et
761 1122 872 1179 dubita-
923 1126 1041 1179 trarium
1055 1122 1092 1178 sit
1103 1123 1144 1178 illi
1158 1120 1289 1194 symbolo
1301 1119 1444 1183 addatur;
1460 1130 1517 1170 non
1531 1117 1625 1169 antoni
1641 1112 1737 1183 protri-

56 1199 413 1267 ntus,interimcarennurs
425 1204 593 1264 diabolicam
604 1213 871 1287 praesumptionem,
922 1218 1014 1272 bitum
1030 1221 1083 1283 cst,
1094 1220 1127 1271 ut
1141 1216 1213 1271 nihil
1228 1214 1303 1269 aliud
1316 1213 1468 1280 doceantur:
1482 1224 1535 1263 neo
1548 1207 1625 1262 enim
1640 1206 1735 1275 aliter,

55 1284 150 1347 donec
168 1295 369 1364 perveniamus
391 1300 426 1353 ed
436 1302 578 1372 angelicas
599 1306 747 1363 sententia
762 1308 878 1380 periec·'
922 1311 973 1367 sod
988 1311 1065 1365 alind
1080 1310 1177 1366 doceri
1194 1307 1378 1380 permittitur.
1399 1306 1420 1359 T
1424 1320 1439 1358 u
1454 1309 1548 1358 auteur
1562 1318 1627 1356 eum
1640 1300 1676 1354 sis
1688 1300 1742 1353 lit·⁴

55 1385 168 1441 tionem
176 1388 341 1459 ;siquldem
352 1390 474 1463 majores
486 1396 576 1450 nostrl
587 1396 672 1471 hujus
686 1404 873 1471 processionis
923 1408 1027 1459 teratur
1045 1404 1202 1475 Evangelii,
1227 1405 1256 1457 et
1280 1400 1330 1472 tut]
1348 1398 1477 1469 superius
1491 1393 1736 1461 mse1·uisti,dioas
1805 1449 1808 1453 ,

53 1479 176 1535 verbum
188 1500 190 1509 ·
202 1482 416 1551 atlirmativum,
445 1490 568 1558 praeeedit
587 1506 604 1546 o
625 1494 705 1557 Filio,
728 1496 873 1553 humiliter
922 1498 999 1569 quod
1012 1496 1109 1553 tldasa
1125 1496 1245 1551 Domino
1267 1498 1330 1550 tuso
1347 1493 1375 1547 in
1394 1490 1546 1561 Evangelio
1560 1491 1662 1543 statuto
1673 1488 1734 1541 suf·

55 1572 196 1628 hactenus
207 1578 379 1647 vitaverunt,
397 1579 563 1651 ignorantes
578 1584 695 1657 quidem
710 1590 752 1644 rei
765 1591 870 1646 verita·
921 1592 997 1647 ficiat
1009 1592 1135 1647 credenti
1151 1590 1187 1645 nd
1202 1590 1335 1655 salutem,
1349 1600 1435 1657 apuam
1448 1585 1497 1655 qui
1510 1582 1552 1638 vel
1564 1584 1678 1653 erigent,
1688 1582 1735 1636 rel

52 1670 385 1735 tem,etcsventesveeis
396 1676 606 1745 temeritatem
620 1681 739 1739 verbum
749 1698 816 1740 vero
826 1702 873 1741 ue·
890 1716 894 1722 -
922 1686 1044 1755 minuat,
1059 1686 1088 1740 in
1107 1680 1479 1755 utroqnepraevaricntorem
1492 1674 1736 1748 evaugelieaetidei

56 1761 197 1832 geticum,
212 1766 422 1834 aouprocedtto
434 1770 511 1833 Fitto,
525 1772 612 1827 etiam
627 1791 775 1848 nunqnam
790 1778 871 1835 dixe·
883 1755 951 1836 Bae
975 1780 1137 1845 coristitnat,
1165 1783 1193 1833 et
1217 1776 1290 1830 notis
1311 1775 1353 1829 vel
1378 1786 1467 1827 unum
1491 1770 1559 1837 iola,
1574 1770 1618 1824 tel
1644 1786 1736 1824 ⁰¹¹⁰OE

55 1860 137 1921 runt,
153 1858 314 1913 metuentes
335 1874 461 1917 errorem
473 1864 502 1917 et
521 1864 665 1937 fugientes
685 1868 872 1928 offensionem
922 1878 1033 1947 apicem
1047 1874 1162 1939 addere,
1178 1871 1222 1925 rel
1236 1870 1363 1933 densere,
1387 1867 1429 1920 vel
1445 1863 1531 1920 etiam
1552 1869 1673 1930 mutare,
1688 1869 1737 1919 aut

56 1940 213 2017 Scripturas
233 1954 370 2007 nentrum
395 1956 542 2013 manifeste
572 1959 710 2033 dicentis,
730 1962 784 2020 nisi
801 1962 874 2023 torte
923 1984 1040 2024 sensum
1055 1965 1228 2037 evangelicu
1248 1956 1583 2032 seripturnealiisverbis
1602 1956 1737 2012 eumdem

57 2040 174 2109 irritati,
194 2044 224 2097 et
244 2045 407 2116 aliquorum
421 2050 584 2107 Latinorum
604 2054 658 2110 hoe
673 2062 782 2113 temere
795 2059 872 2114 altir-
923 2078 1037 2117 sensum
1050 2057 1277 2130 significantibus
1285 2068 1444 2126 exprimere:
1455 2051 1581 2106 diemitri
1591 2050 1742 2122 quomodo*

56 2136 201 2191 muntium
221 2136 406 2210 improbitate
436 2147 584 2215 courmoti,
605 2148 653 2219 qui
673 2150 702 2204 in
722 2152 873 2223 supercilio
925 2172 1051 2227 uuquam
1067 2152 1222 2224 potuittibi
1249 2147 1425 2221 persuaderi,
1440 2152 1470 2199 ut
1495 2144 1635 2215 reciperes
1648 2144 1736 2198 Nicre-

56 2244 111 2283 sno
132 2230 167 2285 ad
188 2246 240 2285 nos
267 2234 427 2303 venientes,
451 2242 479 2291 et
497 2238 526 2292 in
550 2240 722 2298 sublimitate
735 2246 875 2301 sermonis
924 2264 1006 2315 num,
1024 2256 1075 2301 seu'
1088 2245 1203 2317 aliquod
1216 2243 1294 2297 aliud
1309 2240 1473 2301 concilium,
1484 2254 1547 2292 cum
1559 2238 1589 2291 in
1605 2237 1740 2292 ourrribus

60 2323 236 2394 gradientes,
253 2328 281 2380 et
295 2342 392 2382 aerem
412 2329 540 2387 clamosis
560 2332 798 2405 disputationibus
810 2344 875 2395 ver*
924 2343 983 2396 lero
999 2335 1317 2411 germinibuscorreiliis
1331 2340 1387 2388 tam
1399 2330 1738 2386 multaChristiaruelidei

60 2416 207 2486 herentes,
223 2420 399 2477 scientiolam
413 2438 494 2479 suam
509 2426 659 2484 voluerunt
672 2432 831 2501 ostendere,
847 2436 876 2489 et
926 2434 1080 2490 necessaria
1104 2435 1208 2486 statuta
1232 2430 1299 2498 siut,
1323 2442 1388 2498 quae
1400 2426 1429 2480 iu
1456 2425 1607 2495 Evangelio
1621 2424 1739 2479 minime

57 2512 155 2567 conati
171 2517 237 2567 sunt
251 2514 323 2570 tastu
348 2518 488 2587 superbire
502 2536 638 2591 maguam
652 2527 812 2581 Graecorum
828 2516 874 2583 sa-²
925 2527 1133 2600 reperiuntur‘.t
1157 2524 1206 2578 llic
1227 2523 1324 2590 etium,
1347 2522 1369 2574 si
1390 2519 1602 2591 processionem
1619 2517 1741 2589 Spiritus

57 2603 200 2676 pientiam
216 2606 377 2677 sophisticis
388 2610 499 2667 nebulis
514 2613 671 2685 obfuscare,
686 2619 729 2671 vcl
741 2619 836 2691 etiam,
853 2620 876 2675 si
925 2621 1045 2676 sanctia
1067 2619 1136 2675 Filio
1155 2634 1213 2671 uon
1232 2617 1272 2671 vis
1292 2614 1418 2685 recipere
1441 2629 1475 2667 ea
1497 2612 1555 2668 sola
1569 2612 1690 2679 ratione,
1702 2626 1740 2666 ne

57 2702 190 2769 possent,
215 2701 395 2771 opprimere:
411 2704 513 2775 quibus
527 2722 579 2762 nec
595 2710 629 2764 ad
645 2710 745 2765 horam
761 2710 876 2785 qiiidam
926 2714 1050 2769 videaris
1065 2711 1218 2783 Evangelio
1245 2707 1361 2779 aliquid,
1375 2706 1504 2777 quodibi
1528 2706 1660 2776 potenter
1681 2720 1740 2760 non

57 2791 217 2861 cessimus,
245 2795 295 2849 sod
319 2810 434 2868 semper
464 2801 626 2857 contusione
652 2804 765 2875 plenos,
794 2806 877 2862 sicuti
926 2808 962 2863 sit
990 2809 1138 2878 scriptum,
1161 2804 1283 2873 addere;
1311 2817 1400 2872 qrrure
1423 2816 1480 2854 non
1505 2798 1605 2853 eadem
1631 2798 1742 2855 ratione

58 2885 140 2956 digni
153 2889 244 2957 erunt,
256 2888 427 2946 remisimus.
442 2892 483 2948 Tu
494 2901 603 2963 autem,
618 2896 783 2955 charissime
796 2918 876 2957 serve
926 2903 1038 2973 respuis
1053 2900 1138 2953 fidem
1166 2897 1273 2952 lt'icaeni
1288 2894 1400 2950 concilii
1414 2909 1431 2948 a
1451 2892 1595 2949 catholica
1615 2892 1742 2947 Ecclesia

59 2978 121 3046 liei,
150 2983 286 3052 quoniam
311 2983 432 3041 verbum
458 2987 523 3055 boc,
549 2990 625 3060 quod
648 2996 739 3062 potest
767 2996 876 3051 salvare
926 2995 1074 3068 probatam
1100 2997 1127 3047 et
1153 2995 1324 3062 susceptam,
1346 3002 1411 3043 enm
1435 2987 1535 3058 utique
1555 2984 1742 3042 eademtldes

57 3073 172 3128 animas
186 3081 307 3145 nostras,
320 3074 465 3135 humiliter
478 3082 548 3136 etin
562 3087 782 3142 mansuetudine
796 3088 874 3160 dicis,
931 3103 1071 3161 nusquam
1086 3086 1115 3141 in
1141 3084 1295 3156 Evangelio
1309 3084 1350 3138 lta
1362 3080 1495 3137 distincta
1518 3083 1548 3135 et
1557 3078 1687 3152 exposita
1700 3080 1743 3133 in·

58 3168 168 3223 etitem
182 3170 257 3241 quod
273 3186 324 3224 nos
339 3172 460 3228 dicimus
475 3174 632 3247 humiliter,
656 3184 685 3233 ot
699 3180 727 3235 iu
743 3198 872 3239 mansne·
926 3181 1081 3239 veniatur?
1103 3179 1203 3236 Credis
1220 3178 1249 3233 in
1270 3180 1383 3233 Patrem
1398 3181 1427 3231 et
1439 3174 1539 3231 Filium
1555 3180 1584 3228 et
1602 3173 1742 3246 Spiritum

57 3260 159 3317 tudine
184 3263 320 3335 suscipis,
344 3282 396 3320 nec
422 3270 615 3343 contentioni,
643 3274 691 3328 scd
715 3276 818 3330 rationi
846 3282 875 3332 et
925 3282 1072 3345 sanctum:
1099 3275 1203 3329 adoras
1227 3275 1339 3328 Patrem
1366 3275 1395 3325 et
1420 3268 1521 3325 Filium
1550 3271 1579 3321 et
1601 3267 1741 3339 Spiritum

57 3355 221 3411 auctoritati
248 3358 409 3414 subservis:
435 3360 539 3418 idcireo
556 3367 634 3420 tuam
650 3365 831 3424 dulcedinem
844 3370 874 3425 li·
925 3375 1066 3436 sanctum,
1082 3382 1173 3422 unum
1185 3367 1274 3420 lleum
1284 3366 1312 3419 in
1327 3362 1497 3429 substantia,
1512 3360 1621 3415 trinum
1635 3360 1665 3413 in
1678 3375 1743 3431 per»

57 3448 319 3519 benteraudimus;
334 3458 373 3522 et,
384 3456 417 3507 ut
430 3457 637 3527 verumtatem,
651 3460 700 3515 tibi
715 3460 767 3517 hoc
779 3463 806 3517 iu
821 3464 874 3519 hac
925 3464 1022 3519 sonist
1038 3460 1138 3517 Credis
1148 3460 1177 3514 in
1192 3462 1304 3515 Patrem
1316 3456 1458 3512 etlilium
1473 3460 1501 3508 et
1514 3453 1650 3525 Spiritum
1663 3468 1743 3508 sane

59 3546 156 3597 nostra
170 3542 360 3615 disputatione
376 3556 605 3619 concessumst,
621 3554 696 3625 qnod
710 3554 779 3611 nulli
797 3556 873 3611 Lati·
926 3562 985 3614 tum
998 3559 1123 3611 sanctam
1137 3554 1315 3617 Trinitatem,
1340 3566 1433 3605 unum
1457 3550 1543 3603 Deum
1557 3547 1742 3618 omnpotens

57 3650 164 3692 norum
179 3638 335 3694 ambulanti
350 3658 436 3714 snpra
457 3658 496 3713 se,
513 3651 542 3700 et
562 3648 707 3703 extollenti
726 3666 756 3703 sc
775 3651 873 3707 adver·
924 3652 999 3720 tem,
1011 3653 1157 3720 totamque
1171 3649 1201 3702 in
1211 3645 1348 3701 Trinitate
1362 3644 1501 3699 deitatem
1516 3639 1699 3696 essentialem
1710 3645 1739 3697 et

58 3736 107 3785 'sus
127 3730 273 3787 scientiam
302 3734 361 3803 Dei,
387 3736 525 3793 haetenus
544 3740 639 3796 inhac
661 3740 731 3798 urbe
750 3744 874 3815 regiain
924 3741 1212 3805 consubstantialem,
1238 3745 1409 3795 coaeternam
1441 3739 1477 3791 et·
1495 3734 1720 3807 omnipotentem
1730 3758 1742 3805 ,-

57 3824 172 3896 pnblico
197 3833 337 3883 conventu
367 3844 535 3887 concessum
563 3838 614 3888 est.
651 3836 754 3891 Verum
780 3837 875 3894 adlruo'
925 3838 1010 3894 unius
1024 3836 1187 3905 volrrntatis,
1201 3830 1562 3908 potcstatisetmajestatis,
1577 3832 1741 3887 Creatorem

57 3920 259 3991 Pf⁰00d³¹1111⁸·
925 3931 1056 3989 omnium
1076 3936 1272 3987 creaturarum
1287 3928 1301 3982 t
1317 3950 1331 3978 a

96 4034 111 4062 a
127 4013 269 4077 Quidnam
286 4018 410 4088 estquod
427 4019 455 4074 in
468 4020 874 4096 lticmnoeoncilioprimo,cui
961 4025 1090 4082 Necbites
1100 4022 1329 4096 archiepiscopus
1340 4019 1512 4076 Nicomediae
1522 4018 1610 4074 dixit:
1624 4038 1637 4068 a
1647 4018 1740 4074 Credo

58 4107 253 4165 interfuerunt
264 4112 382 4182 trecenti
399 4113 537 4169 decernet
552 4119 614 4170 octo
630 4117 737 4185 Patres,
755 4119 825 4174 nihil
838 4120 874 4174 de
925 4120 1062 4194 quianon
1079 4120 1211 4186 Arianos,
1225 4116 1277 4172 sed
1289 4114 1466 4173 Christianus
1478 4128 1552 4167 snm.
1564 4132 1578 4161 a

58 4202 241 4273 processione
254 4204 376 4276 Spiritus
399 4209 490 4262 sancti
511 4224 526 4261 a
550 4209 619 4265 Filio
638 4214 792 4267 tractatum
813 4214 874 4269 esti
960 4199 1107 4271 duselmns
1121 4210 1351 4282 llavelbergensis
1367 4208 1515 4280 episcopus
1535 4206 1607 4262 dixit
1621 4222 1628 4261 :
1641 4227 1655 4258 a
1668 4210 1737 4264 tlm·

56 4294 302 4369 Sanespmbolum
315 4299 345 4352 iu
360 4298 408 4354 illo
421 4301 539 4357 concilio
552 4304 753 4375 compositum,
768 4312 794 4361 et
809 4312 873 4362 tan·
924 4310 966 4364 dis
977 4308 1119 4379 singulam
1131 4320 1275 4377 quamque
1288 4305 1317 4358 iu
1327 4302 1566 4358 'trinitatcsoncta
1575 4314 1737 4372 personam,

58 4384 156 4444 torum
169 4390 284 4445 l’atrum
300 4392 470 4449 auctoritate
490 4395 670 4466 roboratum,
688 4398 760 4453 nibil
772 4398 872 4471 hujus·
925 4418 1014 4457 urium
1027 4416 1127 4456 verum
1140 4401 1240 4465 boum,
1255 4398 1373 4469 plenum
1384 4393 1601 4466 etpertectum‘l
1615 4415 1629 4445 »

59 4481 141 4567 modi
157 4485 285 4539 continet
300 4502 307 4539 :
324 4486 463 4559 quidquid
485 4492 580 4547 autem
601 4491 740 4561 eontinet,
759 4492 813 4547 huc
835 4494 913 4585 itan
960 4495 1093 4550 Necliitos
1116 4492 1346 4563 archiepiscopus
1368 4488 1538 4544 Nicomedia
1562 4488 1649 4543 duit:
1664 4508 1679 4537 a
1699 4490 1740 4543 lta

58 4576 139 4653 plave
153 4578 344 4634 arrathematis
364 4587 490 4637 seratum
509 4586 561 4651 est,
581 4591 611 4639 ut
629 4585 700 4641 nibil
713 4585 790 4655 addi,
801 4587 874 4643 nihil
925 4589 1010 4645 credo
1024 4589 1090 4661 qnia
1102 4586 1257 4642 catholicus
1270 4600 1345 4653 sum,
1357 4598 1413 4638 nou
1427 4581 1603 4639 Sabelliauus
1616 4598 1623 4635 :
1638 4584 1666 4635 et
1679 4581 1741 4637 buo

59 4671 170 4739 aulerci
193 4670 254 4729 sine
274 4675 400 4729 maximo
414 4675 544 4733 Ecclesia
567 4679 699 4737 scandalo
720 4684 751 4735 et
770 4682 876 4738 animm
926 4690 969 4739 est
981 4682 1054 4737 fides
1067 4687 1144 4737 recte
1155 4678 1346 4747 credentium,
1363 4680 1394 4731 nt
1406 4690 1458 4731 noc
1470 4691 1535 4730 cnm
1547 4674 1659 4729 Arianis
1673 4675 1741 4729 sub·

59 4764 188 4835 periculo
209 4766 307 4837 possit.
323 4767 473 4832 Quomodo
494 4788 564 4843 erge
583 4773 652 4827 illud
678 4775 833 4831 anathema
847 4778 876 4831 te
927 4778 1058 4833 stantiam
1083 4775 1113 4830 in
1136 4776 1193 4830 lieo
1216 4772 1386 4839 dividamus,
1414 4786 1467 4825 nec
1491 4786 1555 4824 cum
1578 4767 1743 4824 Sabellianis

59 4864 144 4930 putas
165 4858 304 4931 elingere,
317 4863 367 4932 qui
382 4879 441 4919 nou
456 4863 538 4920 times
552 4867 766 4936 processionem
790 4868 875 4940 Spiri-
927 4886 1065 4943 personas
1085 4867 1304 4925 confundamus.
1320 4888 1334 4916 »

58 4957 107 5007 tns
120 4954 213 5009 saneti
230 4970 248 5007 a
263 4954 331 5011 Filio
345 4956 383 5013 ibi
399 4958 543 5029 priusnon
563 4960 667 5016 dictam
686 4962 832 5029 inducere,
848 4967 878 5018 et
963 4964 1114 5019 anselmus
1131 4958 1365 5031 llavelbergensis
1379 4956 1627 5029 episcopusdixit:
1651 4978 1665 5005 a
1682 4956 1743 5013 Non

58 5044 128 5101 ndei
154 5048 368 5117 superaddere:
385 5052 408 5104 si
436 5058 534 5107 tamen
555 5055 701 5109 Nicsenum
725 5057 876 5111 concilium
928 5059 1075 5125 irascatur,
1090 5070 1199 5129 qrraeso,
1213 5054 1376 5109 lratemitas
1390 5056 1449 5118 tua,
1463 5050 1743 5122 nequeindignetur,

59 5138 194 5197 omnibus
208 5142 361 5199 Catholicis
381 5146 542 5202 venerabile
556 5149 701 5220 srrscepisti
712 5150 726 5204 't
739 5170 752 5199 u
929 5152 952 5209 si
965 5152 1061 5208 adhuc
1072 5152 1219 5223 paululum
1232 5148 1457 5217 interrogavero,
1467 5145 1603 5216 ursoniam
1613 5160 1670 5199 uon
1679 5144 1744 5201 ideo

929 5262 1027 5319 quaero
1050 5251 1091 5314 nt,
1117 5245 1256 5316 tanquam
1271 5241 1421 5296 insidiator
1435 5240 1463 5294 in
1485 5238 1672 5310 responsione
1685 5245 1744 5311 tua,

327 5340 520 5398 tIAl'thlbUll
539 5344 613 5399 Xl'll.
930 5341 1079 5397 observem
1097 5345 1143 5407 te;
1170 5337 1220 5392 sed
1248 5340 1278 5389 ot
1299 5333 1405 5406 aliquid
1432 5333 1535 5388 discam
1556 5350 1572 5387 a
1593 5336 1642 5401 te:
1663 5335 1704 5389 vel
1724 5334 1748 5389 si

929 5434 1004 5490 sorte
1022 5434 1084 5489 lieri
1099 5434 1203 5505 potest,
1220 5432 1251 5484 ut
1265 5432 1294 5484 tu
1305 5428 1395 5484 discas
1408 5427 1512 5499 aliquid
1523 5442 1558 5482 cx
1569 5443 1625 5494 nie,
1636 5432 1666 5483 et
1677 5428 1748 5483 invi·

931 5544 991 5585 aem
1007 5530 1203 5600 ignoscamus,
1221 5529 1249 5579 et
1264 5538 1470 5595 cognoscamus
1483 5520 1518 5576 de
1532 5520 1589 5576 tide
1603 5524 1651 5577 tua
1663 5526 1749 5593 atque

62 5478 142 5547 thd
154 5494 209 5535 noa
229 5482 271 5551 stt,
287 5485 461 5539 temerariam
475 5485 582 5554 antiquat
606 5484 707 5541 addere
720 5483 878 5553 sociaque,

97 5559 172 5629 qaod
185 5563 287 5617 aeaut
300 5570 395 5619 contro
413 5566 590 5633 Eneapettmu
604 5582 610 5619 :
637 5568 705 5621 aaut
727 5566 757 5620 t'u
771 5567 880 5623 llicaau

98 5641 212 5696 concilio
226 5648 253 5696 at
265 5644 295 5696 ia
308 5644 401 5698 mattis
415 5645 478 5698 ultis
491 5646 611 5700 conciliis
623 5647 727 5714 farctum
741 5650 788 5701 est.
933 5638 1008 5679 maa.
1026 5645 1040 5673 a
1404 5710 1409 5719 Ι
1524 5707 1529 5716 Ι
1609 5702 1645 5711 ..

54 5740 64 5773 ι
199 5756 202 5763 ·
241 5748 244 5753 ·
854 5748 878 5781 ,·
910 5768 914 5781 ,
969 5717 1106 5777 uestitus
1129 5706 1570 5787 arobiepieeopusbxeomebxm
1593 5704 1697 5753 buxu:
1710 5698 1788 5742 sbu-

82 5778 88 5785 .
97 5772 248 5863 ,anselmus
257 5811 491 5885 Ilavelhergensis
504 5813 737 5889 episcopusdixit
751 5834 758 5875 :
778 5838 793 5871 a
802 5816 886 5895 Sym.
938 5808 1335 5893 terroggpffiffi.fflffi'
1350 5790 1694 5878 qmffiemfflm„
1706 5796 1728 5828 ἱ
1794 5792 1810 5811 a
