3750 6046
666 208 809 271 utnhoel.
829 244 864 256 -
883 214 948 269 LlB.
968 217 989 270 l.
1600 216 1669 275 {158

72 352 116 391 rro
137 336 198 392 heac
217 335 313 391 omnia
336 338 395 391 tem
415 334 523 405 divina,
538 339 598 391 tam
621 342 729 405 sancta,
746 343 804 392 tam
816 337 1001 424 Ababorerit
1016 335 1139 393 Ecclesia
1159 336 1188 392 in
1209 333 1415 407 persecutione,
1431 336 1460 393 et
1472 338 1559 394 crevit
1572 339 1601 393 in
1616 355 1669 411 pa-

83 430 113 484 in
129 429 245 484 dirersis
253 430 430 500 temporibus
442 433 471 485 et
485 429 513 484 in
529 429 644 485 dirersis
658 430 805 486 ordinibus
856 431 957 487 tieutia
970 448 978 486 c
991 430 1129 487 laborarit
1143 431 1172 486 in
1182 430 1385 486 boereticorum
1394 431 1491 486 subtili
1506 431 1626 501 fallacia,
1640 435 1670 489 et

74 530 119 578 tur
131 540 203 579 unus
223 529 305 594 ntqnc
320 526 391 580 idern
410 526 539 595 Spiritus,
555 526 680 579 dividens
692 528 806 596 sinputis
855 525 942 581 crevit
956 526 986 580 in
1002 524 1143 596 supientia
1158 541 1165 579 :
1180 523 1319 580 laboravit
1332 525 1363 580 in
1376 525 1453 581 lelsis
1476 526 1613 581 iratribus
1640 531 1670 582 et

90 618 275 688 enitimur,
300 635 348 686 ιιι,
376 620 430 687 tt).
451 619 533 673 Novit
554 620 659 691 quippe
685 619 805 691 Spiritus
854 619 1021 692 hypocritis,
1050 624 1079 674 et
1101 618 1191 674 crevit
1215 619 1244 672 in
1270 618 1429 674 tolerantia.
1462 619 1541 675 Nunc
1571 624 1669 676 autem

72 729 114 782 us,
129 712 179 783 qui
197 714 309 766 tantum
337 728 440 783 corpus
461 713 590 768 Ecclesiae
612 713 647 768 eb
672 713 753 769 initio
776 718 805 770 et
854 714 959 769 animm
973 716 1146 780 sanctorum,
1161 728 1226 783 quse
1237 710 1337 767 subtus
1349 713 1447 777 altam,
1458 712 1507 784 qui
1522 717 1566 770 est
1575 713 1669 770 Chris·

80 811 108 862 et
116 822 228 876 semper
248 806 330 877 regit,
355 807 504 862 hominum
520 806 631 863 animos
648 811 802 878 torpentes,
854 811 909 874 tus,
924 807 988 862 luso
1004 806 1144 877 sanguine
1158 809 1328 861 meruerunt
1349 806 1409 877 jam
1424 806 1614 878 requiescere,
1629 808 1670 863 vi·

72 900 199 955 rusitata
218 900 357 971 religione
372 900 485 955 satiatos
497 900 595 955 fideles
613 901 708 973 aliquo
724 918 804 957 noete
854 901 957 957 dentes
979 903 1039 955 tam
1063 899 1190 955 infinitas
1204 899 1356 955 laborantis
1376 901 1505 956 Ecclesioe
1527 901 1666 971 miserias,

73 994 137 1048 onis
159 993 277 1048 exordio
298 1010 446 1060 renovare,
462 999 494 1048 ut
508 1010 574 1049 cum
586 994 712 1050 viderint
733 995 804 1051 elios
854 1010 957 1065 magna
970 993 1052 1066 quasi
1074 992 1278 1065 compassionis
1304 1009 1372 1049 voce
1392 1009 1444 1066 pro
1466 1010 1499 1049 ea
1521 995 1666 1051 clamant:

72 1103 129 1143 sac
151 1087 241 1158 magis
253 1087 282 1141 in
299 1088 430 1143 altiorem
449 1088 596 1159 religionis
615 1104 710 1144 arcem
734 1105 802 1145 con·
856 1090 1006 1158 Usqucquo,
1022 1089 1142 1148 Domine,
1159 1103 1214 1142 non
1228 1088 1352 1144 vindicus
1365 1090 1526 1159 sunpur‘ncrn
1533 1094 1666 1153 noenum,

72 1196 116 1249 no,
131 1181 210 1235 noris
223 1182 360 1252 exemplis
369 1182 472 1237 lortius
486 1182 653 1249 excitentur,
669 1188 698 1238 et
718 1183 801 1239 relic·
853 1188 881 1237 ct
895 1187 999 1236 caetera
1008 1197 1072 1252 quoe
1083 1180 1122 1235 ibi
1132 1187 1300 1253 sequuntur,
1312 1182 1484 1254 pertinentia
1492 1182 1666 1254 adquintum

72 1274 147 1346 gritia
160 1281 189 1329 et
203 1291 302 1329 amoro
316 1275 421 1342 soeculi,
434 1292 489 1347 quo
509 1276 692 1345 tenebantur,
703 1277 800 1333 alacri·
852 1278 959 1330 statum
973 1274 1113 1330 Ecclesiae.

72 1368 147 1423 ‚sine
160 1369 321 1436 formidine,
337 1369 413 1440 quod
426 1371 584 1440 perlectum
592 1377 635 1426 est
642 1371 801 1443 apprehen·
1126 1377 1318 1433 cernuum
1333 1378 1390 1432 llll.

71 1467 99 1518 ei
112 1462 271 1517 lfflllessilll'.
287 1464 357 1517 Nam
375 1462 488 1518 insolitu
508 1467 537 1518 El
558 1463 690 1519 inusitata
711 1465 802 1537 1118ng
853 1478 931 1547 Quod
941 1480 970 1533 1⁸71
982 1483 1056 1534 sexto
1069 1483 1144 1534 statu
1157 1479 1290 1541 Ecclegiae,
1305 1481 1543 1546 sactotepraemom
1555 1495 1666 1551 mmo,

72 1555 198 1610 lmirari
218 1572 328 1622 omncs,
345 1572 432 1627 quam
446 1557 526 1611 solita
539 1564 568 1611 et
587 1558 699 1613 usitata.
722 1559 758 1612 Et
770 1558 803 1613 lit
887 1558 1055 1614 ualidissima
1079 1561 1224 1630 persecutio
1256 1561 1355 1627 tuturo
1378 1564 1417 1614 cet
1445 1564 1561 1630 tempore
1587 1560 1667 1616 Anti·

84 1649 132 1704 Dei
162 1649 381 1720 dispensatione,
410 1651 484 1720 quod
511 1667 528 1704 a
557 1652 742 1722 generatione
770 1653 801 1707 in
887 1640 992 1694 cilitii-

72 1743 202 1799 ationem
218 1748 410 1797 succrescente
424 1748 537 1815 semper
552 1761 625 1800 nova
647 1746 799 1817 religione,
814 1719 839 1790 Β
888 1744 921 1796 Et
935 1742 1393 1814 cumupcruissctstoitlnmscctnrn
1404 1745 1665 1810 terremotusloctus

72 1842 140 1892 atur
153 1842 184 1890 ut
195 1836 295 1908 aquilae
306 1837 442 1907 juventus
464 1838 606 1908 Ecclesia,
622 1855 680 1911 quo
710 1845 738 1895 et
752 1856 800 1895 su·
851 1840 891 1890 cst
903 1851 1021 1907 monus
1037 1837 1143 1907 (sipon,
1159 1851 1194 1902 ιι,
1212 1837 1263 1907 ta).
1281 1837 1336 1890 iste
1351 1838 1448 1891 sextus
1466 1840 1509 1891 est
1529 1836 1664 1891 Ecclesiae

71 1947 102 1984 us
116 1930 147 1984 in
162 1929 504 2000 contemplationcrolore
517 1935 613 2002 queat,
627 1937 656 1987 et
669 1933 801 1988 subtilius
851 1934 949 1997 status,
976 1928 1005 1984 in
1036 1945 1092 2001 quo
1121 1928 1258 1984 nimirum
1291 1932 1474 1985 terraemotus
1500 1929 1592 1986 lactus
1621 1932 1665 1985 est

82 2023 293 2080 irreverberatis
307 2024 395 2079 oculis
410 2024 504 2080 radios
518 2025 657 2081 verisolis
671 2027 801 2082 contueri
850 2038 985 2095 magnus,
1008 2039 1073 2094 quae
1106 2026 1151 2078 est
1183 2022 1354 2077 validissima
1384 2024 1559 2095 persecutio,
1599 2040 1664 2096 quos

72 2123 90 2173 t.
114 2117 239 2173 Proinde
266 2121 386 2188 putesne
413 2119 477 2173 lieri
502 2136 593 2191 posse,
620 2124 651 2174 ut
675 2120 704 2175 in
724 2124 802 2176 unta
850 2118 947 2172 lutura
962 2122 1005 2172 est
1025 2116 1203 2188 temporibus
1214 2115 1387 2173 antichristi.
1408 2117 1442 2170 Et
1465 2132 1530 2172 rere
1547 2133 1662 2190 magne,

94 2211 234 2266 bonorum
261 2212 370 2267 nullum
397 2211 555 2268 inveniatur
582 2212 745 2269 scandalum
771 2215 800 2270 in
850 2210 916 2283 quia
930 2210 1002 2276 sicut
1014 2210 1082 2266 dicit
1095 2211 1231 2265 Dominus
1247 2226 1254 2264 ε
1280 2211 1354 2265 Talis
1366 2212 1417 2266 crit
1432 2217 1495 2265 tunc
1508 2212 1663 2275 tribulatio,

72 2304 228 2360 fratribus?
243 2306 357 2361 Utinam
370 2307 409 2361 ita
422 2311 504 2373 esset,
526 2307 636 2362 utinam
664 2325 730 2363 vero
759 2310 798 2364 ita
850 2306 1004 2375 quotiescun
1015 2307 1082 2373 luit,
1101 2320 1135 2360 ec
1155 2319 1207 2374 qno
1219 2310 1311 2374 pentes
1332 2319 1388 2360 cese
1405 2308 1542 2374 cuperant
1556 2306 1663 2375 (blora,

72 2398 146 2454 lSod
172 2415 225 2470 ego
254 2400 352 2466 timeo,
378 2417 562 2473 nequaquam
583 2418 698 2458 securus
723 2420 799 2460 sum.
850 2414 909 2466 1111,
927 2398 982 2470 te).
998 2399 1026 2452 ln
1047 2397 1110 2453 aliis
1131 2398 1208 2453 enim
1226 2399 1459 2470 persecutionum
1478 2398 1662 2470 temporibus,

72 2493 145 2548 enim
158 2492 241 2547 audio
251 2494 405 2549 Dominum
423 2494 564 2549 dicentem
578 2495 607 2550 in
625 2497 776 2569 Evangelio
792 2516 798 2553 :
850 2491 917 2547 licet
930 2498 1029 2547 contra
1045 2491 1237 2547 Christianum
1258 2508 1363 2547 nomen
1376 2493 1465 2547 multa
1480 2507 1587 2563 genera
1600 2494 1662 2547 tor·

72 2602 136 2654 repo
148 2602 194 2642 uos
216 2589 285 2658 claci
307 2588 456 2651 ducmcim,
468 2595 494 2643 ct
509 2605 580 2645 ursus
594 2606 628 2645 ec
646 2591 720 2646 vobis
736 2592 799 2647 din·
850 2588 1016 2641 mentorum
1031 2589 1210 2657 pararentur,
1224 2588 1319 2640 tamen
1331 2585 1402 2641 fides
1416 2589 1494 2641 recta
1507 2590 1536 2641 et
1547 2585 1661 2641 indubi-

72 2685 109 2735 cet
125 2682 227 2753 (toan,
241 2698 277 2749 vr,
301 2685 355 2753 rt).
381 2685 462 2747 Cum,
487 2683 616 2755 inquam,
642 2685 696 2740 boc
712 2685 799 2741 audio
852 2683 910 2734 tata
922 2679 1078 2735 tenebatur
1084 2697 1093 2749 ;
1117 2679 1164 2734 bic
1174 2696 1241 2735 vero
1254 2683 1283 2735 et
1299 2684 1441 2735 tormenta
1454 2685 1663 2752 proponuntur,

78 2776 263 2844 pertimesco;
276 2776 425 2831 attendens
440 2776 464 2830 si
479 2776 508 2830 in
521 2779 719 2848 apostolorum
742 2780 798 2834 col·
850 2776 879 2829 et
891 2773 963 2829 tides
976 2773 1044 2828 lelse
1063 2773 1115 2828 sub
1129 2774 1244 2830 nomine
1258 2774 1364 2831 Christi
1379 2773 1575 2845 persuadetur.
1590 2773 1663 2830 Dici·

87 2868 136 2938 qui
150 2868 231 2939 pauci
246 2875 338 2936 erant,
354 2873 381 2925 et
394 2886 465 2941 quos
477 2870 536 2942 ipse
548 2871 684 2927 Dominus
704 2872 799 2944 elege-
850 2872 898 2923 tur
919 2867 998 2924 onim
1014 2885 1021 2922 :
1041 2871 1107 2924 Ecce
1121 2868 1245 2924 Christus
1264 2870 1317 2931 hic,
1328 2884 1385 2924 cccc
1407 2868 1528 2924 Obrutus
1542 2869 1609 2923 illic.
1630 2870 1665 2924 Et

72 2977 99 3015 ιιι
112 2962 203 3017 deluit
217 2962 354 3031 diabolus,
376 2964 519 3034 utromodo
535 2965 696 3036 putendum
713 2967 800 3022 estin
850 2965 901 3017 ern
927 2962 1079 3035 tribulatio,
1106 2964 1197 3033 quatis
1222 2978 1275 3018 non
1297 2965 1354 3030 snit
1376 2961 1497 3033 (diretta,
1512 2978 1585 3031 xxrv,
1607 2961 1663 3032 st),

81 3054 222 3110 bonorum
240 3057 325 3111 turba
341 3057 439 3112 deesse
454 3057 536 3113 labos
551 3059 672 3128 iratres3
687 3059 737 3115 sed
751 3077 800 3115 eos
850 3072 909 3110 non
935 3056 1027 3111 solum
1052 3055 1257 3128 persecutionis
1269 3056 1437 3129 quantitate,
1460 3071 1561 3110 rerum
1576 3054 1663 3109 otiam

71 3153 112 3205 rut
124 3151 254 3205 membra
269 3151 383 3206 diaboli.
401 3152 473 3206 Nam
491 3155 519 3207 et
540 3153 798 3226 pseudopropheta
850 3149 916 3204 fidei
930 3148 1125 3216 subversione,
1142 3149 1332 3206 nescientibus
1345 3148 1521 3217 hominibus,
1536 3148 1607 3221 quid
1619 3146 1664 3204 vel

84 3248 114 3297 ct
131 3244 361 3315 pseudoapostoli
380 3245 470 3300 luere.
487 3246 526 3300 Ne
543 3246 632 3317 igitur
647 3247 797 3315 miremur,
848 3242 977 3311 credere,
991 3243 1039 3297 rel
1064 3249 1162 3299 tenere
1183 3243 1318 3299 debeant.
1334 3244 1382 3299 Sol
1404 3244 1496 3298 lactus
1519 3248 1562 3298 est
1580 3242 1664 3313 niger

72 3337 167 3392 liscum
180 3345 208 3393 et
225 3338 300 3393 inter
313 3354 365 3393 nos
378 3343 445 3393 sunt
462 3339 526 3394 salsi
547 3340 666 3408 fratres;
682 3342 732 3397 sed
744 3358 799 3412 ,eos
847 3341 985 3408 tanquam
998 3353 1093 3392 saccus
1108 3336 1246 3405 cilicinus,
1261 3337 1328 3408 quia
1344 3337 1511 3408 soljustitiec
1523 3336 1661 3403 Christus,

72 3432 168 3487 tritate
185 3432 350 3501 toleremus,
362 3437 391 3488 ct
406 3440 447 3503 ut,
462 3434 591 3506 deposita
605 3436 796 3504 simulatione,
848 3434 877 3486 et
891 3446 998 3486 nomen
1009 3431 1204 3487 Christianum
1217 3437 1286 3486 tunc
1296 3431 1350 3485 erit
1363 3431 1393 3485 in
1407 3430 1577 3501 abjectione,
1593 3434 1622 3485 et
1631 3430 1661 3484 in

72 3526 146 3594 hant,
180 3530 292 3582 orantes
320 3532 524 3599 exspectemus.
553 3530 645 3585 Simul
676 3531 707 3584 in
738 3547 797 3586 una
847 3524 1058 3597 contemptibili
1082 3528 1112 3580 et
1137 3524 1256 3580 obscura
1277 3525 1438 3596 nigredine,
1465 3529 1494 3580 et
1517 3530 1575 3580 tam
1600 3524 1662 3595 ipse

72 3636 218 3674 esumus:
234 3621 282 3675 sed
304 3622 413 3676 reducti
426 3622 462 3677 ad
485 3622 573 3691 littus,
588 3639 646 3680 non
662 3624 748 3680 simul
767 3624 796 3680 in
847 3619 984 3688 Christus,
998 3635 1084 3692 quam
1096 3618 1247 3677 Christiani
1266 3624 1351 3676 erunt
1371 3619 1439 3675 viles
1453 3624 1480 3674 et
1502 3617 1605 3690 abjecti
1629 3617 1659 3673 in

76 3718 241 3769 sanctornm
261 3714 435 3787 colligemur.
458 3717 548 3772 simul
581 3718 610 3772 in
642 3734 701 3773 uno
727 3733 797 3789 agro
847 3710 1284 3767 oculishnticbristietsuorum
1300 3726 1307 3764 ε
1324 3709 1507 3765 sicutsaccus
1523 3708 1661 3779 cilicinus,

71 3824 143 3877 mus,
160 3809 209 3863 sed
229 3814 358 3880 tempore
386 3812 484 3866 messis
499 3828 556 3867 non
581 3812 666 3867 simul
688 3813 719 3867 in
746 3830 797 3869 suo
847 3805 897 3877 qui
932 3804 1061 3861 omnium
1085 3804 1206 3861 restium
1242 3809 1285 3858 est
1312 3803 1474 3860 vilissimus.
1500 3803 1580 3858 Luna
1602 3806 1662 3858 tota

72 3901 277 3973 ocolligcmur.
294 3903 431 3975 lpsienim
446 3905 603 3974 nobiscum,
620 3912 648 3961 ct
664 3924 717 3963 nos
730 3924 796 3963 cum
845 3899 920 3955 facia
946 3907 990 3954 eti
1010 3899 1084 3955 sicul
1107 3899 1234 3971 sanguis,
1260 3898 1329 3971 quii
1351 3898 1381 3953 iil
1403 3898 1536 3954 omnibus
1558 3895 1659 3953 muudi

89 3995 158 4051 licet
182 3997 300 4053 divesis
322 4000 382 4065 viis,
405 3999 515 4056 divona
534 4001 795 4058 intentionesimul
846 3993 975 4066 partibus
998 3994 1158 4065 persecutio
1183 3992 1334 4066 sanguinis
1360 3991 1534 4066 grassabitur
1560 3995 1660 4048 contra

72 4106 141 4160 nius,
157 4090 247 4146 donec
262 4092 378 4148 finiatur
394 4094 445 4149 iste
467 4102 586 4166 quartus
601 4101 689 4152 status
701 4098 794 4154 Eccle·
847 4087 1012 4159 Ecclesiam,
1028 4105 1115 4160 quam
1128 4089 1195 4144 lumi
1206 4088 1294 4144 m⁰d⁰
1308 4104 1447 4157 crescens,
1460 4087 1547 4144 ”¹⁰⁶⁰
1560 4085 1658 4143 decre·

74 4190 85 4238 t
107 4185 196 4240 sancti
223 4191 381 4258 sequantur
399 4193 510 4260 agnum
530 4206 700 4262 quocunque
717 4192 795 4262 ierit;
847 4199 937 4253 scens,
962 4186 1060 4255 aperte
1080 4181 1232 4255 significet.
1255 4184 1291 4237 Et
1308 4181 1397 4238 stellce
1421 4182 1483 4237 omli
1498 4181 1662 4238 ceciderunt

72 4295 118 4334 cro
145 4282 291 4350 portantes
318 4297 422 4337 nomen
451 4282 548 4353 pallidi
577 4289 606 4340 ot
631 4285 740 4354 mortis,
767 4287 796 4340 in
848 4294 932 4349 super
946 4281 1065 4333 terram.
1080 4276 1174 4333 Stellae
1187 4277 1259 4345 coeli,
1274 4277 1301 4331 id
1326 4279 1368 4333 est
1388 4276 1476 4330 sancti
1500 4275 1548 4348 qui
1567 4277 1659 4331 inlic-

72 4390 95 4429 ιο
109 4374 292 4446 sepeliantur.
847 4374 995 4428 memento
1025 4371 1155 4429 Ecclesia
1170 4375 1308 4442 tanwnm
1333 4369 1466 4426 doctores
1479 4371 1571 4426 lucere
1584 4370 1661 4426 ride·

264 4489 451 4547 Cpppfflfflp
471 4493 514 4547 xp,
806 4467 961 4540 Dbantur,
976 4467 1028 4522 sub
1042 4467 1087 4521 illa
1102 4464 1271 4521 validissima
1286 4465 1482 4537 persecutione
1495 4465 1660 4521 recedentes

72 4583 97 4634 in
113 4583 208 4651 quisito
225 4588 300 4638 statu
318 4586 442 4641 Ecclesia
463 4590 561 4642 onr'mae
578 4595 731 4647 sanctorum
749 4594 796 4648 sub
846 4581 861 4619 ³
887 4563 945 4618 fide
970 4561 1000 4618 in
1021 4565 1128 4616 “mm
1153 4558 1267 4625 cadem’
1292 4557 1360 4631 quia
1387 4559 1510 4614 “mnis
1534 4558 1658 4616 ‘mem‘

72 4677 105 4716 :rc
117 4664 167 4717 lici
186 4664 325 4720 clament:
351 4666 515 4738 Usquequ0‚
531 4669 662 4738 Domine,
683 4677 797 4729 sanctus
845 4658 973 4713 tionibus
986 4654 1180 4723 inbaerebunt,
1203 4656 1232 4709 et
1252 4670 1284 4711 er
1299 4653 1361 4724 ipso
1374 4668 1472 4708 amore
1492 4657 1607 4711 terreno
1623 4652 1660 4711 ad

76 4757 150 4809 erus,
177 4760 233 4798 non
263 4743 568 4819 vindicessouguinem
596 4755 726 4806 nostrum
759 4754 795 4809 de
846 4751 1026 4824 iniquitatem
1040 4753 1135 4806 ruent.
1151 4749 1234 4807 Unde
1247 4748 1394 4804 subditur:
1421 4746 1497 4802 Sicut
1513 4750 1578 4818 ροιιι
1595 4752 1658 4806 mit·

72 4823 119 4894 (1¹¹i
135 4820 265 4880 habuisti
280 4825 308 4880 5¹1
328 4833 413 4893 lesia,
431 4834 485 4883 ⁰i0·
846 4848 880 4902 tit
892 4860 997 4916 prossus
1008 4859 1082 4908 suos,
1097 4859 1158 4898 curn
1179 4860 1196 4896 u
1207 4848 1285 4899 uento
1301 4858 1398 4913 mesonc
1413 4846 1533 4897 mouetur
1551 4842 1658 4914 (Apoc,

72 4948 132 4986 cum
151 4936 300 5004 aperuisset
321 4937 441 5003 startiam
466 4943 602 5007 quiritum,
616 4942 676 4997 uidi
698 4943 793 4999 subtus
844 4957 881 5009 vr,
898 4940 952 5012 lt).
966 4939 1044 4995 Licet
1056 4939 1126 4993 licus
1150 4936 1180 4992 in
1200 4936 1354 5008 Evangelio
1377 4934 1519 5006 significet
1531 4938 1658 5008 synago·

79 5029 193 5093 ,enimin
205 5030 410 5095 interfectorum
427 5038 539 5102 propter
556 5036 667 5089 vocum
688 5039 747 5100 Det,
770 5043 794 5093 ct
845 5051 922 5107 gam,
944 5033 1103 5106 specialiter
1124 5032 1171 5087 bic
1192 5046 1310 5086 ornnem
1329 5030 1483 5085 Ecclesiam
1506 5029 1657 5102 significat,

74 5136 88 5175 r
112 5123 292 5176 testimonium
317 5123 391 5192 quod
412 5123 559 5190 habebant,
589 5130 615 5181 et
637 5129 796 5186 ctumubont
844 5129 880 5185 de
894 5144 952 5200 qua
963 5133 1033 5184 ttrnc
1046 5127 1149 5182 cadent
1162 5126 1209 5197 qui
1226 5124 1396 5181 infructuosi
1410 5124 1525 5180 luerunt
1537 5129 1591 5179 eta
1602 5123 1656 5180 bo·

72 5230 167 5284 mono,
190 5216 336 5271 dicentes:
368 5219 518 5288 Usquequo,
538 5223 658 5290 Domine,
684 5229 794 5280 eustolus
843 5219 1658 5294 nisoperibusvacui.Grossuseuimappellenturlructus

72 5323 107 5370 ts,
123 5324 175 5364 scon
187 5310 310 5366 otndnos
323 5314 482 5381 sanquinem
495 5320 616 5369 nostrum
634 5316 668 5371 dc
683 5318 724 5373 tis
746 5322 794 5388 qut
843 5316 930 5389 primi
944 5315 1091 5388 temporis,
1117 5316 1177 5386 qui,
1204 5318 1358 5387 antequam
1374 5315 1492 5371 veniant
1512 5314 1546 5371 ad
1562 5320 1656 5369 matu·

72 5406 104 5457 nt
115 5405 146 5457 tn
161 5408 249 5460 tenu.
272 5406 307 5459 Et
329 5406 402 5461 date
420 5413 483 5461 sunt
506 5408 561 5463 illis
580 5411 696 5479 sinentes
719 5415 794 5469 stolae
842 5411 966 5478 nutem,
980 5415 1065 5467 vento
1077 5410 1204 5466 concussi
1219 5410 1324 5466 cadunt
1335 5409 1365 5465 in
1379 5413 1503 5479 terram;
1517 5408 1554 5464 ita
1576 5414 1606 5463 et
1616 5408 1656 5464 illi

76 5503 102 5552 et
129 5498 231 5553 dutum
256 5504 296 5554 cst
323 5500 397 5563 tttts,
419 5507 449 5554 nt
477 5506 671 5572 requiescerent
690 5510 793 5579 tempus
843 5505 892 5577 qni
912 5503 1035 5560 necdum
1058 5508 1203 5560 venerunt
1228 5504 1264 5559 od
1289 5504 1486 5560 maturitatem
1512 5502 1655 5560 bonorum

79 5592 221 5657 modicum,
237 5593 320 5650 donec
332 5595 500 5665 irnplcontnr
519 5602 640 5654 conveni
658 5615 748 5657 eorum
768 5608 793 5659 ct
843 5614 974 5671 operum,
998 5606 1027 5655 el
1050 5599 1131 5654 licui
1157 5599 1379 5666 ⁸⁰¹¹b0011⁰¹i³⁵i
1400 5604 1467 5654 ⁸¹11st
1488 5603 1613 5663 titillo.
1629 5597 1656 5653 id

72 5702 81 5741 e
113 5702 205 5743 cortem
226 5692 275 5759 qni
306 5691 488 5761 interficiendi
511 5698 577 5748 sunt
602 5696 669 5750 acet
694 5702 721 5751 et
749 5696 793 5752 sne
843 5702 886 5754 est
911 5702 1042 5756 extrema
1059 5698 1287 5773 persecutione,
1311 5703 1340 5753 ct
1362 5698 1494 5751 decaden
1516 5697 1554 5744 'aa
1575 5699 1688 5742 terrane

73 5797 137 5851 tvi,
159 5784 320 5858 9-tl).1sto
343 5790 387 5842 est
408 5788 525 5862 quintus
548 5794 639 5849 status
661 5791 797 5855 eccleis
847 5795 939 5873 (Act,
952 5812 1026 5874 uu,
1047 5796 1097 5874 lh,
1112 5795 1177 5853 hoc
1199 5793 1301 5852 setin
1316 5792 1466 5847 nuceas
1482 5774 1716 5836 nemausense.
