3750 6046
41 158 44 163 ’
147 187 216 245 sisa
357 152 364 165 ’
650 180 842 243 ,nusnml
862 154 1162 265 rxsvaiaaucausrs
1178 175 1286 235 arec.
1746 172 1824 233 ‘ssu

146 308 318 366 intrabimus
341 323 348 361 ι
375 306 424 362 ubi
447 305 520 361 liber
549 304 730 377 singulorum
754 304 909 377 aperietur,
936 309 966 358 ut
975 302 1123 391 Ajudicia
1144 317 1301 370 sumamus,
1323 300 1445 357 sollicite
1465 301 1597 357 carentes
1616 303 1647 357 et
1669 300 1827 357 amaheae

149 417 364 474 cognoscamus,
391 400 465 455 sicut
488 404 517 456 et
538 398 648 470 cogniti
676 413 790 466 sumus;
816 397 866 454 ubi
889 396 963 453 facie
1014 398 1105 452 tentet
1128 411 1181 451 nos
1202 394 1329 463 Satanas,
1350 394 1395 450 cui
1412 392 1604 451 resistendum
1625 393 1716 449 estin
1736 392 1826 466 fideli

147 496 183 552 ad
210 494 313 550 taciem
344 494 453 565 liegem
488 494 518 549 in
544 492 648 548 decore
673 509 724 547 suo
750 508 865 564 semper
890 491 965 547 vide·
1012 493 1098 554 Petr„
1119 490 1157 559 v),
1183 488 1284 543 nonin
1303 487 1594 543 contentionetnam
1620 489 1696 545 Deus
1713 488 1827 559 superbi

146 589 349 659 bimusilGor„
363 585 735 658 xnxt,etsempervidendo,
747 584 964 657 sempervidere
1012 586 1125 647 resistit,
1143 583 1289 638 humilibus
1311 586 1402 637 cutem
1425 582 1475 637 dot
1495 583 1618 651 predum
1639 582 1826 655 (loc.‚1v).ln

149 681 390 739 desiderabimus:
405 680 445 736 ibi
458 679 576 735 scientia
591 679 652 734 sine
668 695 775 745 errore,
792 678 830 733 ibi
850 694 961 735 memo·
1011 676 1144 733 omnibus
1157 692 1237 749 ergo,
1251 692 1316 748 quae
1331 676 1376 731 rel
1389 691 1453 731 mea
1468 675 1605 747 parvitas,
1621 675 1669 731 rel
1682 678 1735 731 tua
1748 674 1827 733 dictat
1867 734 1869 739 ,

149 775 265 833 riasine
281 774 434 831 oblivione.
450 773 567 830 Interim
583 771 963 844 autemquandiupercgri-
1011 769 1185 839 iratemitas,
1221 785 1337 840 semper
1367 785 1513 837 mansura,
1547 784 1664 842 semper
1707 768 1825 843 integra,

150 887 289 926 namura
313 868 434 925 Domino
454 868 486 940 (ΙΙ
502 866 574 935 Cor,
590 868 627 938 v),
649 866 706 921 sive
722 865 880 932 scribimus,
904 866 962 921 sive
1011 880 1124 936 semper
1146 864 1321 932 inconvulsa,
1343 878 1458 935 semper
1477 862 1598 933 intacta,
1622 879 1744 935 semper
1760 867 1825 932 rata,

148 963 261 1036 abquid
288 962 420 1030 dicimus,
442 961 499 1016 sivo
519 960 639 1015 invicem
656 975 889 1028 commonemur,
913 963 962 1014 aut
1011 975 1124 1030 semper
1136 974 1216 1027 sana,
1238 973 1352 1029 semper
1364 957 1448 1013 firma
1461 957 1682 1030 superemineat
1696 957 1825 1013 charitas.

149 1073 376 1123 commonemus,
398 1054 455 1110 sive
476 1053 583 1126 aliquid
596 1052 726 1120 iacimus,
747 1052 844 1108 omnia
863 1053 893 1107 in
909 1069 960 1107 no·
1011 1055 1110 1110 Amen.

150 1151 227 1207 mine
236 1149 494 1205 bominitaciamus
505 1149 526 1218 (Ι
537 1146 610 1212 Cor„
622 1146 667 1219 x);
682 1162 735 1202 nec
747 1145 777 1201 in
792 1146 960 1202 alterutrum

732 1534 1238 1708 ANSELMI

582 1843 1090 1940 HAVELBERGENSiS
1136 1843 1396 1938 EPiSCOPl

649 2476 740 2548 (bom.
760 2474 916 2544 u'acxrar,
934 2476 1040 2545 spicit,
1061 2478 1135 2532 tom.
1156 2477 1178 2545 l,
1198 2492 1227 2548 p.
1250 2476 1323 2547 itt.)

809 2785 1162 2879 PROLOGUS.

575 2967 625 3032 Ad
646 2966 835 3048 Eugenium
857 2966 898 3030 ΙΙΙ
920 2967 1112 3050 pontificem
1132 2968 1320 3033 maximum
1341 2969 1395 3051 (3).

185 3170 307 3225 Euouruo
319 3167 447 3236 domino,
466 3183 498 3222 ac
511 3182 625 3237 semper
638 3166 776 3222 intuendo
793 3171 821 3222 ct
836 3166 963 3239 amplec·
974 3178 1003 3251 Β
1015 3166 1085 3241 dum
1105 3166 1271 3238 proband03
1294 3167 1347 3222 hoc
1371 3171 1467 3222 autem
1491 3167 1569 3239 prod
1599 3172 1746 3235 nostrum,
1767 3168 1824 3241 quia

148 3263 246 3326 tendo,
272 3261 433 3317 beatissimo
458 3264 643 3316 sacrosanctae
670 3262 809 3317 Romanae
833 3260 963 3315 Ecclesiae
1014 3269 1143 3319 nostrum
1167 3270 1267 3320 etnon
1289 3281 1373 3320 suum
1394 3266 1467 3334 arat,
1488 3264 1606 3320 omnino
1624 3265 1823 3338 improbando.

148 3372 243 3429 papae,
271 3360 411 3412 Ausaauus
439 3370 546 3425 pauper
582 3354 696 3423 Christi,
728 3353 964 3425 Harelbe'rgensis
1012 3359 1088 3414 inter
1107 3374 1172 3430 que
1201 3359 1335 3428 maxime,
1357 3358 1430 3414 sieut
1456 3358 1574 3426 dixistis,
1606 3359 1641 3414 dc
1664 3363 1824 3431 marmium

148 3449 280 3506 Ecclesiae
290 3447 463 3504 insufficiens
473 3447 630 3518 episcopus,
644 3448 838 3504 obedientium
852 3447 964 3503 absolu·
1013 3453 1135 3524 Spiritus
1157 3456 1246 3508 sancti
1269 3452 1430 3524 disputavit,
1450 3468 1536 3525 quern
1553 3452 1644 3509 Graeci
1671 3454 1789 3526 quidem
1812 3471 1826 3508 a

151 3545 245 3600 tamin
260 3543 390 3600 Domino.
1013 3547 1097 3603 Patre
1110 3548 1230 3614 tantum,
1246 3546 1337 3603 Latini
1351 3563 1442 3602 veroa
1458 3548 1540 3602 Patre
1553 3548 1583 3602 et
1593 3547 1666 3602 Filio
1675 3548 1826 3621 procedere

185 3640 256 3694 Cum
269 3636 463 3708 inpraesentia
475 3636 636 3693 beatudinis
647 3641 749 3692 vestre
760 3652 852 3691 essem
863 3652 963 3693 menso
1014 3640 1132 3695 credunt
1154 3643 1182 3695 et
1203 3640 1316 3696 dicunt:
1333 3644 1362 3697 et
1378 3639 1434 3713 [da]
1456 3641 1512 3695 rito
1537 3640 1670 3696 sacrificii
1695 3642 1725 3697 in
1739 3642 1826 3707 utun,

148 3732 247 3789 Martio
263 3731 340 3803 apud
355 3731 455 3786 urbem
482 3731 681 3797 Tusculanam,
705 3729 782 3784 inter
795 3731 888 3785 multa
899 3746 964 3801 que
1013 3733 1088 3804 quod
1100 3733 1191 3790 bubni
1201 3734 1317 3806 quidem
1330 3734 1358 3789 iu
1372 3732 1657 3806 azymo,Graecitvero
1667 3735 1699 3791 in
1711 3736 1829 3792 fermen-

150 3826 292 3882 sanctitati
314 3828 414 3880 restrae
433 3840 547 3879 meeum
562 3824 692 3878 conterre
714 3823 832 3893 placuit,
853 3823 965 3878 dixistis
1013 3830 1072 3882 tato
1094 3826 1248 3896 celebrant,
1271 3843 1397 3883 necnon
1425 3828 1461 3882 de
1484 3827 1659 3900 quibusdam
1682 3830 1748 3885 aliis
1766 3830 1828 3885 satis

150 3920 222 3975 mihi
237 3918 316 3991 qaod
338 3917 455 3990 quidam
470 3916 621 3987 episeopus
638 3916 811 3987 legationem
826 3917 963 3972 Constan-
1015 3926 1217 3992 argumentose
1229 3921 1259 3976 iu
1272 3921 1460 3992 questionem
1473 3921 1583 3993 positis.

150 4012 328 4084 tinopolitani
349 4010 530 4082 imperatoris
550 4013 579 4064 et
598 4009 746 4081 epistolam
760 4009 863 4065 Grecis
875 4010 963 4080 apici·
1050 4013 1142 4080 Unde,
1166 4014 1301 4085 quoniam
1325 4031 1380 4086 ego
1403 4014 1557 4087 aliquando
1582 4016 1683 4088 Magni
1708 4017 1829 4074 Lotbsrii

151 4106 205 4161 bus
222 4103 411 4175 conscriptum
432 4104 588 4174 perferens,
606 4104 641 4159 ad
662 4103 761 4158 sedem
783 4103 964 4174 apostolicam
1014 4109 1209 4164 Romanorum
1220 4107 1525 4179 imperatorisaugosti
1538 4108 1652 4181 legatus
1664 4110 1707 4166 fui
1718 4112 1829 4170 indon-

153 4213 245 4269 nupur
259 4199 378 4253 venerit.
403 4196 514 4252 Dixistis
528 4196 614 4252 etiam
631 4196 800 4268 quodidem
816 4198 965 4268 episcopus
1015 4200 1219 4271 statinopolim,
1249 4202 1279 4255 et
1293 4201 1400 4256 ibidem
1425 4201 1551 4274 aliquam
1576 4219 1694 4259 morsm
1718 4206 1829 4274 faciens,

152 4293 316 4348 Graecorum
329 4291 431 4347 litteris
455 4291 610 4362 plurimum
631 4291 794 4357 instructus,
811 4296 839 4345 et
851 4290 964 4347 decenti
1014 4294 1119 4349 multas
1132 4310 1219 4365 super
1233 4294 1397 4365 hujusmodi
1411 4294 1541 4351 doctrina
1554 4299 1585 4351 et
1592 4296 1649 4351 ritu
1663 4298 1831 4355 collationes

153 4402 323 4441 sermonum
347 4383 482 4440 facundia
493 4387 611 4439 ornatus
626 4387 655 4438 et
670 4386 804 4454 confisus,
825 4385 916 4440 multa
930 4385 965 4441 de
1016 4393 1045 4443 et
1057 4387 1240 4459 questiones,
1254 4388 1339 4444 modo
1361 4389 1391 4444 iu
1408 4389 1535 4460 privatis,
1551 4390 1640 4446 modo
1653 4391 1687 4447 in
1703 4394 1830 4464 publicis,

154 4480 327 4536 doctrinaet
348 4477 536 4533 ecclesiastico
558 4478 718 4534 Graecorum
733 4479 789 4532 ritu
807 4478 964 4549 proposuit,
1015 4485 1075 4536 tam
1097 4481 1261 4537 Latinorum
1284 4498 1371 4553 quam
1391 4484 1552 4539 Graecorum
1568 4486 1764 4543 conventibus
1786 4488 1831 4543 ba·

152 4589 216 4646 quoe
240 4572 374 4628 doetrinae
402 4572 537 4626 Romanae
559 4571 689 4627 Ecclesie
708 4571 829 4626 minimo
851 4547 1003 4626 concor-C
1016 4574 1075 4644 boi,
1096 4574 1204 4646 placuit
1229 4575 1373 4631 sanctitati
1398 4579 1498 4632 restrae
1524 4579 1553 4631 et
1571 4578 1774 4651 precipiendo
1792 4598 1830 4637 re

152 4666 232 4733 dant,
248 4671 276 4721 et
302 4683 319 4720 a
343 4665 399 4719 ritu
423 4665 484 4736 ejus
511 4665 545 4733 tl)
561 4664 642 4719 valde
669 4664 841 4736 discrepant.
857 4666 891 4720 Et
904 4664 965 4736 ipse
1016 4684 1096 4740 gare,
1124 4673 1153 4723 et
1166 4668 1292 4740 rugando
1316 4670 1482 4741 precipere,
1496 4673 1637 4741 quatenus
1651 4688 1687 4729 eu
1701 4690 1769 4746 quse
1790 4676 1830 4732 rel

151 4759 266 4831 quidem
280 4758 426 4814 nonnullis
438 4757 652 4814 auctoritatibus
661 4761 822 4813 sanctarum
836 4758 963 4829 Scriptu-
1015 4777 1070 4832 ego
1084 4761 1123 4816 ibi
1136 4761 1269 4830 dixerim,
1284 4763 1328 4817 vel
1350 4762 1386 4817 ab
1408 4762 1463 4817 illis
1482 4762 1557 4819 dicta
1580 4764 1727 4822 audierim
1742 4773 1773 4825 et
1789 4786 1831 4826 ex·

150 4869 249 4909 rarum
264 4852 299 4908 ad
313 4868 398 4907 suum
411 4868 525 4907 sensum
542 4851 682 4907 violenter
695 4850 818 4918 retortis,
834 4852 965 4907 universa
1014 4855 1152 4926 ceperim,
1163 4855 1192 4910 in
1206 4871 1298 4910 uuum
1308 4854 1484 4928 colligerem,
1499 4859 1529 4911 et
1542 4859 1623 4928 quasi
1641 4864 1830 4934 Ἀντιιειμινῦν,

150 4947 180 5002 in
193 4946 297 5018 quibus
309 4946 398 5002 Graeci
413 4962 429 5000 a
443 4946 550 5003 Latinis
562 4945 725 5001 discordant
737 4948 873 5017 tanqmm
887 4949 966 5000 recta
1013 4948 1044 5003 id
1066 4951 1110 5003 est
1133 4948 1239 5004 librum
1261 4949 1531 5021 contrapositorum,
1552 4951 1605 5005 sub
1629 4951 1750 5027 dialogo
1771 4972 1831 5011 coo·

150 5040 226 5094 visus
250 5046 292 5096 est
313 5040 474 5106 affirmar03
497 5056 531 5094 ea
550 5055 628 5108 reru,
656 5038 686 5094 in
707 5039 811 5111 quibus
831 5039 922 5096 Latini
947 5056 964 5094 a
1014 5042 1180 5112 scriberem,
1196 5046 1338 5114 quatenus
1353 5043 1482 5098 universa
1496 5060 1560 5115 que
1573 5045 1617 5099 vel
1631 5046 1669 5101 ab
1689 5048 1734 5103 eis
1748 5065 1832 5122 super

150 5133 256 5189 Graecis
278 5134 450 5205 discrepant,
476 5136 611 5204 tanqum
636 5149 695 5188 non
720 5138 796 5188 recta
824 5133 898 5188 visus
922 5136 965 5189 est
1014 5135 1060 5191 his
1075 5137 1220 5203 dicuntur,
1242 5137 1287 5192 vel
1308 5152 1373 5208 quse
1387 5137 1428 5192 eis
1449 5137 1662 5194 rationabiliter
1683 5157 1833 5215 opponun-

150 5225 296 5282 infirmare
315 5228 407 5283 :illud
434 5227 571 5283 nimirum
593 5227 672 5301 quod
695 5243 780 5282 suum
805 5232 874 5295 arat,
896 5227 964 5299 quia
1013 5234 1071 5298 tur,
1085 5230 1273 5301 providentie
1293 5234 1395 5286 vestre
1410 5233 1489 5287 tanto
1501 5230 1630 5288 liberiori
1641 5233 1756 5305 judicio
1772 5253 1832 5293 exa·

150 5334 235 5375 suam
250 5324 320 5387 erat,
341 5338 399 5377 uun
413 5322 593 5393 quieveram
613 5326 684 5391 erat,
701 5336 881 5393 peromnem
902 5336 963 5376 mo·
1012 5323 1147 5378 minanda
1162 5323 1350 5395 subjacerent,
1372 5327 1482 5396 quanto
1495 5325 1591 5381 rarius
1614 5342 1649 5383 ee
1667 5326 1831 5387 discreiioni

182 5538 215 5599 titt
228 5538 344 5590 Codex:
360 5539 454 5603 incipit
470 5539 596 5605 prologus
613 5540 727 5592 Anastmi
745 5540 965 5607 Hooelberpemis
1044 5542 1079 5605 (t)
1097 5542 1131 5593 Et
1154 5555 1173 5592 o
1196 5542 1252 5593 ritu
1269 5543 1336 5607 eJus.
1359 5542 1407 5596 Sic
1427 5544 1586 5597 emendavit
1611 5546 1763 5615 balusium
1784 5564 1832 5603 ιιι·

141 5611 263 5677 epicopi
277 5612 308 5662 in
334 5610 511 5677 'immisisses
527 5613 769 5684 contrapositam
789 5612 838 5666 sut
857 5613 964 5679 dialogo
1014 5613 1224 5678 taalegebstur,
1240 5617 1268 5665 et
1287 5616 1359 5667 exitu
1373 5617 1438 5681 sius.
1456 5616 1488 5667 ln
1504 5616 1560 5669 hoe
1575 5619 1695 5686 prologo
1713 5623 1833 5675 nonunt·

128 5686 329 5749 camerarium,
351 5685 394 5737 ari
414 5684 596 5740 venerabitem
623 5700 726 5756 papeia
746 5688 899 5761 bagasium
922 5687 970 5749 tlt,
1015 5684 1159 5739 maures
1169 5699 1235 5751 oue
1247 5688 1362 5745 amatus
1375 5688 1543 5747 necessarie
1553 5694 1643 5761 eraut
1655 5692 1732 5755 turn
1747 5706 1833 5755 ceum

112 5766 191 5807 mitro
203 5756 277 5821 itit
296 5762 420 5829 tempore
432 5760 463 5817 S.
478 5760 632 5821 Beruurdi.
1028 5756 1196 5836 adiea'uuua¹
