3750 6046
159 210 226 266 stas
851 212 986 267 ,tentant
1007 212 1039 265 lv
1059 211 1153 267 latita
1785 210 1845 266 1524

193 336 252 405 Ego
282 333 361 389 hbbo
391 334 464 390 maci
496 335 571 390 card.
602 335 633 390 S.
664 335 778 407 Georgii
807 336 842 390 ad
871 338 970 392 Velum
982 335 1103 420 Arilla3
1126 351 1159 389 ex
1181 335 1256 390 donn
1276 334 1415 406 ludolphi
1439 337 1550 406 septem
1567 333 1674 406 jugera
1699 332 1731 388 in
1748 333 1844 388 eadem

161 432 296 485 Aureum.
1022 429 1088 484 villa
1102 446 1167 483 curn
1189 446 1306 485 assensu
1329 429 1453 483 haeredis
1474 429 1528 497 sui,
1550 427 1685 483 videlicet
1705 427 1843 483 Freden'ct

192 523 253 593 Ego
282 521 455 594 Hyacinthus
475 523 547 578 diae.
580 523 656 579 rard.
679 523 707 579 S.
731 523 824 579 llariae
851 524 881 579 in
904 527 970 581 Cos·
1022 524 1057 577 de
1068 522 1289 591 Amlrideslove;
1310 526 1433 595 quatuor
1442 522 1547 593 jugera
1561 525 1735 593 etpratum,
1751 538 1844 591 quaa

158 615 267 671 medin.
1022 616 1184 671 Burrhardo
1198 617 1232 672 de
1252 617 1380 671 Gersleve
1395 616 1516 670 emistis.
1537 617 1608 670 ltem
1632 631 1668 670 ex
1690 615 1771 669 dono
1787 614 1843 685 jam

192 713 295 765 batum
316 727 367 781 per
389 727 507 765 manum
531 712 663 780 ltolandi,
687 715 713 769 S.
738 714 771 767 R.
787 714 819 768 Ε.
840 713 916 768 card.
941 715 972 767 et
1020 710 1087 765 dicti
1108 710 1242 765 l'rideriei
1264 710 1385 765 Palatini
1402 710 1514 765 comitis
1537 709 1695 764 dimidium
1712 725 1842 764 mansum

156 804 686 873 cancellarii,1vNonaslllart.,indict.
702 823 748 873 vn,
764 808 968 862 lucarnltom.
1021 806 1050 858 in
1066 804 1167 859 eadem
1189 804 1271 872 villa;
1296 821 1328 859 ex
1352 804 1427 858 dono
1454 804 1588 857 Willelmi
1615 804 1652 857 de
1676 804 1843 859 ancersleve

157 914 233 953 anno
250 900 328 967 1158,
341 898 521 969 pontificatus
531 915 597 955 voro
607 901 705 955 domni
715 900 833 955 Adriani
844 916 926 972 papae
938 902 970 955 lv
1021 905 1196 953 tresmansos
1206 898 1234 952 in
1249 898 1352 953 cadem
1362 897 1437 967 villa,
1453 903 1481 953 et
1496 914 1680 969 quaecunque
1698 898 1842 952 iraeadem

159 1006 236 1046 anno
256 1008 280 1045 v.
1021 990 1084 1045 silla
1106 996 1282 1047 commutata
1302 998 1368 1047 sunt
1390 1008 1454 1047 curn
1478 991 1625 1046 sororibus
1636 990 1841 1056 Quidenebur·

492 1074 635 1129 CCXLVH·
1021 1085 1113 1157 gensis
1128 1086 1294 1156 Ecclesiaejet
1306 1085 1486 1154 lt'allebhec3
1502 1085 1713 1139 molendinum
1723 1088 1753 1139 et
1766 1084 1842 1139 dimi-

157 1172 315 1226 ⁴llonostcris¹
328 1171 408 1225 uoltis
422 1171 450 1225 S.
465 1173 561 1226 Marciae
571 1174 761 1241 protectionem
774 1175 896 1243 suscipit,
910 1188 970 1243 pos·
1020 1179 1236 1234 diumrnansum
1249 1196 1314 1234 curn
1324 1195 1400 1248 area,
1410 1195 1474 1250 qum
1488 1178 1517 1233 in
1528 1178 1728 1233 llrandeslere
1744 1180 1841 1249 rnajori

310 1254 439 1307 sessiones
453 1268 484 1306 oc
500 1255 647 1322 priuilegia
661 1257 813 1322 confierent.

411 1351 560 1420 (Laterani,
573 1352 652 1406 llart.
674 1351 714 1423 1.)

367 1444 453 1514 [Orio.
481 1445 583 1512 deols„
613 1446 655 1514 lll,
680 1445 751 1517 535.l

118 1602 122 1609 .
191 1559 329 1612 Annianus
341 1555 499 1627 episeopus,
515 1574 612 1612 servus
626 1574 771 1612 serrorum
785 1558 847 1626 Dei,
858 1558 968 1614 dilectis

1021 1272 1141 1341 emistis;
1160 1276 1280 1343 quatuor
1303 1288 1418 1327 mansos
1434 1272 1463 1326 in
1486 1271 1650 1327 Offensleve
1671 1277 1703 1326 et
1725 1276 1841 1343 quatuor

1020 1382 1134 1420 mansos
1149 1366 1178 1420 in
1198 1366 1413 1437 Mammendorp
1423 1384 1432 1435 3
1459 1366 1615 1420 dimidium
1628 1381 1770 1420 mansum
1791 1367 1839 1421 Co-

1019 1460 1109 1526 wcllc,
1126 1459 1153 1513 in
1166 1476 1222 1531 qiro
1235 1460 1370 1531 praefatus
1384 1476 1476 1515 comes
1491 1460 1639 1515 Palatinus
1662 1460 1788 1515 contulit
1799 1477 1837 1515 ec·

1019 1553 1110 1607 ctesias
1125 1553 1277 1608 dimidium
1293 1570 1441 1623 mansum3
1459 1570 1491 1609 er
1507 1554 1582 1609 dono
1598 1553 1743 1609 Lucardis
1756 1555 1837 1608 comi·

155 1650 220 1705 ssliis
231 1651 370 1706 Dunecnso
378 1649 473 1705 abbati
482 1652 645 1706 monasterii
655 1652 735 1706 vallis
745 1653 855 1707 Sanctae
863 1653 967 1721 Mariae,
1019 1646 1094 1700 tissa
1105 1646 1174 1700 duos
1185 1663 1297 1702 mansos
1308 1648 1398 1718 pretio
1409 1648 1633 1719 comparatosin
1642 1647 1751 1702 eadem
1763 1648 1821 1703 rilla
1828 1666 1835 1715 ;

154 1839 277 1907 tuturis,
310 1838 470 1908 regularem
505 1839 593 1893 vitam
622 1839 779 1911 protessis,
808 1841 837 1894 in
863 1857 966 1912 perpe-

155 1937 249 1988 luurn.

189 2025 363 2097 lteligiosam
383 2026 469 2080 vitam
492 2025 664 2098 eligentibus
691 2028 877 2098 apostolieum
899 2044 964 2083 con·

153 2121 232 2175 venit
245 2120 343 2174 adesse
359 2120 532 2191 praesidium,
545 2136 581 2175 ne
600 2121 672 2175 forte
686 2121 837 2191 cujuslibet
851 2122 966 2177 temeri-

56 2204 62 2213 ’
153 2215 220 2269 tatis
232 2215 361 2268 incursus
373 2219 422 2268 aut
430 2229 502 2268 eosa
513 2215 657 2285 proposito
670 2219 793 2281 revocet,
808 2221 856 2270 aut
868 2216 964 2286 robur,

154 2308 232 2379 quod
247 2307 338 2362 obsiti
359 2323 445 2361 sacrm
464 2308 612 2379 religionis
634 2308 781 2379 infringat.
797 2310 965 2380 Eapropter,

155 2401 250 2456 dilecti
266 2401 295 2456 in
312 2401 433 2456 Domino
446 2402 508 2469 lilii,
525 2402 624 2456 vestris
634 2403 717 2472 jsrstis
731 2402 966 2474 postulationibus

153 2496 309 2550 clementer
331 2494 499 2562 annuimus,
522 2499 551 2550 et
573 2495 722 2566 praefatum
748 2496 964 2565 monasterium,

152 2589 257 2660 inquo
278 2588 374 2643 divino
394 2588 549 2659 mancipati
570 2589 636 2644 estis
657 2588 803 2660 obsequio,
824 2589 858 2643 ad
873 2606 968 2644 erem·

152 2683 216 2753 pler
253 2681 470 2752 predecessoris
507 2683 595 2735 nostri
628 2684 734 2736 sanotae
767 2683 967 2737 reeordationis

154 2774 273 2846 Eugenii
297 2790 388 2846 papas,
411 2775 463 2829 snb
486 2775 561 2830 beati
586 2776 660 2830 Petri
686 2782 713 2830 el
736 2782 834 2832 nostra
859 2782 967 2847 protes·

154 2870 229 2923 lione
250 2869 439 2940 suscipimus,
467 2872 496 2924 et
521 2869 670 2939 praesentis
693 2869 790 2940 scripti
820 2870 965 2941 privilegio

152 2962 372 3017 conrmunimus.
395 2963 425 3017 ln
448 2961 548 3033 primis
572 2962 712 3032 siquidem
736 2966 904 3029 statuentes,
937 2968 967 3018 ut

154 1744 340 1816 quadamque
374 1743 528 1812 fratribus,
568 1749 624 1799 mm
657 1746 844 1816 praesensjbus
880 1718 1051 1817 quamssex
1065 1740 1139 1794 dono
1154 1740 1260 1795 alberti
1276 1741 1397 1796 Palatini
1411 1741 1531 1808 comitis,
1543 1741 1598 1794 filii
1613 1741 1750 1812 ejusdem
1761 1742 1836 1796 comi·

1019 1832 1110 1901 ussa,
1137 1834 1208 1888 duos
1231 1850 1345 1888 mansos
1366 1834 1395 1888 in
1417 1835 1695 1905 Nortgormeslere3
1718 1851 1751 1889 ex
1773 1835 1835 1889 dono

1018 1930 1160 1985 l'redorici
1175 1931 1368 1986 ministerialis
1388 1933 1498 2004 prefati
1515 1933 1672 2005 principis,
1694 1933 1833 1989 dimidium

1018 2039 1152 2078 mansum
1176 2024 1206 2078 in
1231 2024 1443 2081 hoetmersleve
1455 2043 1463 2095 ;
1483 2043 1517 2080 ex
1539 2027 1620 2081 dono
1640 2026 1762 2098 ‚agnetis
1779 2028 1833 2080 tilia

1017 2117 1096 2171 ducis
1108 2117 1142 2171 de
1162 2117 1301 2173 linborch
1315 2123 1373 2173 tres
1396 2136 1517 2185 mansos,
1547 2136 1645 2174 unum
1662 2121 1694 2174 in
1708 2122 1831 2175 Brundes-

1016 2210 1078 2264 love
1087 2211 1191 2265 minori
1202 2210 1308 2266 etdnos
1317 2213 1346 2266 in
1356 2213 1528 2285 ll'adentorp
1540 2231 1549 2282 ;
1563 2231 1601 2268 ex
1616 2214 1696 2268 dono
1711 2214 1831 2268 Beati-icis

1018 2309 1137 2375 qiratuor
1153 2322 1268 2360 rrrarrsos
1278 2306 1307 2360 in
1320 2306 1421 2378 Ortorp
1434 2324 1440 2373 ;
1453 2324 1486 2361 ox
1502 2307 1580 2361 dorro
1597 2308 1719 2362 l'olradi
1730 2309 1829 2362 consitis

1017 2397 1089 2452 duos
1103 2415 1216 2453 marisos
1229 2399 1258 2453 in
1272 2400 1371 2454 eadem
1382 2401 1459 2468 silla,
1482 2404 1511 2454 ct
1533 2402 1686 2455 decimam
1706 2402 1828 2458 l'om'erri

1017 2492 1100 2546 vestri
1116 2492 1144 2546 in
1159 2493 1344 2547 brandesleve
1356 2511 1362 2559 ;
1375 2510 1410 2548 ex
1424 2494 1498 2548 donc
1514 2496 1588 2548 Eriri
1601 2512 1698 2549 unum
1711 2512 1827 2549 mansum

1017 2585 1206 2651 Winninche3
1230 2603 1262 2640 cx
1277 2588 1353 2642 dono
1372 2589 1513 2658 praedictae
1537 2589 1679 2643 Lucardis
1695 2589 1827 2643 comitisse

1017 2695 1105 2733 unam
1128 2697 1223 2734 aream
1246 2681 1275 2735 in
1300 2680 1514 2752 Santorp,cun1
1538 2683 1616 2736 saltu
1636 2684 1771 2754 qriodam,
1789 2684 1828 2753 qui

1016 2773 1164 2843 spectabat
1183 2773 1219 2827 ad
1242 2775 1357 2845 ipsam;
1382 2792 1415 2828 ox
1439 2775 1515 2830 donn
1542 2778 1700 2831 memorati
1722 2776 1825 2831 Palatini

1016 2866 1127 2920 comitis
1140 2867 1210 2921 diros
1226 2884 1349 2934 mansos,
1364 2885 1452 2923 unum
1467 2870 1497 2924 in
1508 2869 1699 2941 Somcrstorp
1714 2875 1742 2924 et
1754 2870 1827 2924 alium

1016 2959 1046 3013 in
1062 2960 1311 3017 Elsenhardenleve
1327 2966 1356 3016 et
1378 2962 1598 3033 Othmcrslere3
1617 2981 1654 3017 ex
1676 2964 1751 3018 dono
1764 2965 1827 3018 Hen-

153 3056 224 3110 ordo
245 3056 428 3121 monasticus,
453 3056 502 3125 qni
526 3058 570 3109 est
591 3056 750 3109 seeundum
767 3056 813 3110 llei
832 3057 964 3111 timorem
1017 3053 1066 3107 rici
1082 3053 1160 3107 ducis
1181 3055 1273 3108 sillam
1286 3072 1356 3127 ¹epure
1371 3055 1475 3110 dicitnr
1489 3056 1686 3113 Bnrdenbelse
1707 3074 1769 3112 cum
1781 3058 1827 3111 suis

153 3153 181 3202 ct
195 3147 269 3202 beati
286 3148 428 3202 Benedicti
449 3148 598 3219 Regulam,
614 3153 643 3202 et
664 3149 895 3205 cisterciensium
910 3151 964 3204 t'ra-
1015 3146 1199 3218 appendiciis,
1214 3148 1346 3203 videlicet
1362 3150 1459 3220 pratis,
1472 3151 1586 3220 pascuis
1606 3167 1643 3204 ac
1661 3152 1825 3206 nemoribus.

150 3247 226 3298 tram
251 3241 469 3309 institutionem,
486 3242 599 3311 'ibidem
622 3243 768 3314 perpetuis
790 3244 967 3313 temporibus
1018 3241 1088 3294 ltonr
1106 3257 1140 3294 ex
1164 3240 1239 3295 donc
1264 3243 1393 3314 Agnetis,
1416 3242 1483 3297 tiliae
1514 3243 1598 3298 ducis
1620 3245 1658 3299 de
1682 3245 1827 3300 Linhnrcbe

151 3333 350 3389 inviolabiliter
382 3339 575 3389 conservetur.
610 3337 750 3391 Praeterea
780 3352 966 3408 quascunque

150 3429 350 3500 possessiones,
372 3444 551 3500 quaecunque
567 3429 644 3484 bona
658 3429 735 3484 idom
757 3430 964 3485 monasterium

152 3521 412 3594 impraesentiarum
431 3522 508 3592 juste
523 3528 551 3577 et
571 3523 705 3578 canonice
725 3523 857 3594 possidet,
873 3525 965 3578 autin

151 3616 280 3671 futurum
301 3615 482 3670 concessione
504 3616 678 3686 pontificum,
701 3617 851 3687 largitione
866 3633 965 3687 rogam

151 3709 196 3764 vel
218 3709 392 3780 principum,
416 3709 560 3764 oblatione
583 3709 721 3777 fidelium,
745 3710 870 3765 serraliis
881 3711 966 3781 justis

152 3803 254 3870 modis,
278 3806 429 3874 praestante
447 3803 576 3872 Domino,
593 3803 700 3874 poterit
722 3803 850 3874 adipisci,
879 3803 963 3858 firma

150 3897 230 3952 robis
251 3897 407 3967 vestrisque
429 3897 645 3963 successoribus,
673 3903 701 3951 ot
721 3897 830 3952 illibata
848 3915 962 3969 perma-

138 3993 250 4045 'neant
262 3992 292 4045 ln
306 3988 409 4062 quibus
424 3989 485 4044 hmo
497 3989 620 4061 propriis
635 3989 768 4045 duximus
779 3990 966 4061 exprimenda

48 4064 51 4071 ’
154 4082 320 4139 vocabulis:

188 4178 292 4231 Locum
316 4177 421 4248 ipsum,
444 4176 547 4231 vallem
567 4176 674 4231 scilieet
689 4177 796 4232 Sanctae
809 4178 911 4244 illaria,
929 4178 964 4231 ab

151 4269 253 4325 illustri
266 4269 326 4326 viro
341 4271 496 4338 l'rederico,
511 4271 638 4326 Palatino
651 4270 762 4337 comite,
778 4272 965 4342 omnipotenti

150 4366 206 4420 Dco
232 4364 267 4420 ad
291 4364 469 4419 statuendam
493 4365 532 4419 ihi
552 4364 721 4436 religionem
743 4366 789 4436 pia
815 4365 964 4420 devotione

1016 3336 1145 3404 (punctam
1172 3338 1282 3406 partem
1307 3336 1403 3405 silvae,
1429 3353 1493 3408 qna·
1525 3337 1636 3393 dicitur
1659 3340 1827 3411 lapenwolt,

1016 3427 1196 3483 llaskenrobt
1211 3433 1238 3483 ct
1253 3429 1413 3484 biscobroht
1429 3446 1495 3484 curn
1508 3431 1651 3487 omnibus
1664 3434 1830 3505 appendiciis

1016 3520 1082 3588 snis,
1097 3521 1227 3576 videlicet
1237 3524 1336 3593 pratis,
1357 3524 1466 3595 pascuis
1480 3524 1549 3601 rivis
1564 3530 1595 3581 et
1610 3528 1690 3581 saltn
1705 3545 1712 3581 ε
1730 3528 1831 3597 insuper

1016 3619 1044 3668 et
1056 3614 1150 3668 villam
1168 3614 1220 3685 ipsi
1240 3617 1348 3687 prandio
1362 3617 1545 3687 adjacentem
1559 3634 1633 3674 cunr
1647 3621 1761 3676 decima
1774 3621 1833 3690 riri.u

1015 3708 1082 3762 dem
1103 3708 1216 3776 villulae,
1240 3712 1268 3763 et
1287 3711 1355 3765 silva
1375 3726 1440 3782 quac
1461 3711 1569 3766 dicitnr
1604 3714 1757 3784 Lobectze,
1781 3732 1833 3785 «pria

1016 3801 1113 3856 ornuia
1122 3802 1362 3858 halberstadensis
1376 3804 1575 3874 episcopnsad
1592 3808 1771 3877 petitionem
1782 3810 1834 3863 Nut-

1016 3895 1079 3966 geri
1091 3895 1127 3949 de
1138 3896 1305 3951 Goderslere
1316 3897 1507 3952 ministerialis
1521 3900 1568 3953 sni
1585 3902 1641 3973 qni
1653 3903 1760 3957 eadem
1772 3903 1836 3957 bons

1015 3988 1145 4043 beneficii
1161 3990 1227 4060 jure
1250 3991 1285 4045 ab
1315 3991 1375 4061 ipso
1396 3992 1577 4061 possederat,
1605 3997 1750 4052 canonice
1773 3997 1837 4051 robis

1016 4083 1162 4137 concessit.
1176 4084 1249 4139 Sane
1266 4084 1411 4139 novalium
1432 4089 1615 4156 vestrorum,
1640 4107 1712 4162 qnae
1730 4092 1838 4163 propriis

1015 4176 1147 4231 manibus
1165 4183 1213 4231 ant
1227 4178 1385 4248 sumptibus
1403 4179 1506 4247 colitis,
1524 4182 1589 4236 sire
1608 4182 1645 4238 de
1662 4185 1838 4241 nutrimentis

1015 4270 1182 4325 animalium
1199 4278 1365 4338 vestrorum,
1378 4272 1514 4327 nullusex
1528 4275 1618 4331 vohis
1630 4278 1768 4335 decimas
1779 4298 1838 4352 pra·

1016 4368 1111 4419 srrrrrat
1125 4365 1248 4435 exigere.

135 4457 292 4529 ··0blatam,
317 4475 381 4513 cum
405 4458 505 4530 viginti
532 4458 637 4512 mansis
645 4499 654 4527 ‚
678 4459 781 4528 pratis,
804 4459 916 4530 pascuis
938 4459 1004 4531 etl)
1051 4458 1312 4530 llecernimusergo
1328 4458 1434 4515 utnulli
1448 4461 1574 4518 omnino
1589 4465 1757 4524 bominum
1772 4470 1841 4525 liceat

150 4553 317 4607 nemoribus
330 4552 366 4607 ad
381 4552 456 4624 ipsos
472 4569 585 4607 nrcnsos
607 4552 816 4623 pertinentibus
831 4570 838 4617 ς
854 4556 964 4608 curtem

150 4660 213 4717 quae
236 4645 339 4700 dicitur
358 4646 532 4717 Steinthorp,
543 4661 609 4700 curn
626 4645 683 4700 suis
697 4645 882 4717 appendiciis,
899 4663 962 4717 pas-

150 4738 210 4794 cuis
229 4739 370 4808 videlicet,
391 4741 477 4811 pratis
501 4756 533 4794 ac
557 4739 741 4808 nemoribus;
766 4756 798 4793 cx
813 4740 888 4795 dorio
909 4741 963 4794 Ln-

150 4833 261 4889 cbardis
290 4834 442 4889 corrritissae
477 4837 586 4888 curtem
614 4833 792 4904 Liutestorph
817 4851 882 4889 cnm
907 4834 964 4888 suis

150 4927 328 5000 appendiciis
344 4931 373 4981 et
388 4928 504 4983 decimis
513 4946 521 4997 ;
536 4931 666 4998 quartam
677 4933 789 4998 partem
805 4929 882 4983 silvae
899 4945 963 5000 qun

149 5021 253 5076 dicitur
265 5023 427 5095 lapenwolt
440 5038 447 5089 ;
462 5039 497 5077 ca
507 5022 582 5077 dono
598 5021 813 5077 Ermenchardis
825 5022 963 5077 marchio·

149 5117 232 5171 nissae
246 5119 367 5189 quatuor
388 5133 503 5172 mansos
523 5117 552 5171 in
572 5116 754 5187 liutestorph
768 5133 833 5171 curn
850 5134 961 5188 appen-

149 5208 232 5265 diciis
250 5216 277 5266 et
296 5210 462 5266 utilitatibus
482 5212 550 5279 suis,
573 5217 602 5267 et
621 5226 799 5283 quaecunque
814 5210 844 5264 in
860 5210 962 5265 cadem

149 5301 216 5358 villa
236 5307 412 5362 commutata
435 5309 501 5361 sont
515 5305 730 5360 cumfratribus
745 5303 871 5360 ccclesia
886 5304 961 5360 ll'al-

147 5394 222 5451 bech
237 5398 416 5456 alundatore
429 5401 575 5473 praedictae
591 5398 716 5455 ecclesiae
724 5417 733 5469 3
749 5415 781 5453 ex
795 5398 962 5455 donellodae

147 5490 298 5548 comitissae
314 5497 438 5567 quatuor
450 5511 564 5551 mansos
579 5495 608 5550 in
623 5496 776 5565 brentorp,
791 5508 856 5548 cum
867 5494 960 5548 omni-

144 5583 198 5641 bus
214 5586 381 5644 utilitatibus
394 5587 472 5659 suis;
493 5605 527 5646 ex
542 5589 618 5646 dono
638 5587 794 5645 Barchardi
808 5589 837 5645 et
852 5587 962 5645 Willeri

142 5683 202 5737 tres
221 5696 339 5738 mansos
352 5684 380 5737 et
399 5681 550 5738 dimidium
565 5684 594 5739 in
604 5682 797 5740 brandesleve
811 5698 819 5751 3
834 5698 869 5738 ex
883 5681 960 5737 dono

124 5774 211 5835 ducis
226 5777 345 5837 lle-urici
364 5796 457 5839 riuum
479 5796 615 5838 mensum
636 5794 704 5837 cum
723 5775 844 5837 saltuin
863 5776 962 5835 eadem

1015 4552 1208 4623 supradictam
1224 4554 1431 4608 moirastcrinm
1454 4560 1574 4613 temere
1592 4564 1790 4631 perturbare,
1804 4567 1841 4617 ant

1015 4647 1076 4717 ejus
1089 4646 1280 4717 possessiones
1299 4647 1411 4701 auferre
1433 4649 1477 4703 vel
1502 4649 1622 4707 ablatas
1641 4658 1784 4725 relinere,
1800 4658 1841 4712 uri·

1016 4757 1114 4806 nuere,
1136 4758 1184 4794 sen
1210 4740 1383 4811 quibuslibet
1404 4742 1614 4802 vexationibus
1648 4751 1790 4822 fatigare,
1805 4752 1842 4805 sot

1014 4834 1117 4889 illibata
1132 4834 1227 4890 omnia
1251 4838 1280 4888 ct
1302 4835 1415 4906 integra
1438 4848 1666 4898 conserventur
1681 4863 1786 4901 eorum
1803 4864 1842 4918 pra

1013 4945 1136 4999 quorum
1167 4927 1371 5000 gubernatione
1401 4934 1430 4984 et
1458 4935 1690 4994 sustentatione
1724 4958 1842 4996 concessa

1013 5026 1089 5093 sunt,
1105 5022 1200 5077 usibus
1225 5022 1402 5078 omnimodis
1425 5024 1596 5095 protutura,
1616 5033 1705 5089 salva
1720 5036 1842 5090 cimirun

1013 5116 1176 5188 apostolicae
1196 5116 1269 5171 sedis
1290 5117 1470 5189 auctoritate,
1492 5126 1524 5175 ct
1542 5121 1715 5184 dioecesani
1734 5127 1841 5202 episcopi

1014 5211 1151 5266 canonica
1162 5209 1282 5282 justitia.

1048 5303 1326 5377 &mmmm

1047 5400 1151 5454 Datum
1164 5396 1295 5454 Laterani
1308 5413 1490 5470 permenam
1505 5402 1656 5478 Rolandi,
1674 5417 1782 5467 sancta
1795 5413 1837 5467 lle

1013 5509 1107 5548 inance
1126 5492 1256 5548 Ecclesia
1270 5491 1426 5565 presbyteri
1441 5494 1608 5554 cardinalis
1623 5507 1657 5559 et
1676 5504 1836 5567 cancellani,

1012 5603 1038 5641 iv
1049 5587 1142 5641 Nonas
1155 5586 1257 5654 llartii,
1274 5585 1431 5643 indictione
1447 5603 1497 5658 ru,
1512 5590 1744 5655 lucarnationis
1756 5598 1834 5657 oona·

1010 5679 1082 5735 nica
1095 5695 1172 5736 anno
1199 5681 1280 5748 tiss,
1305 5679 1493 5753 pontitlcatus
1512 5698 1588 5743 veru
1611 5688 1719 5749 domni
1731 5690 1832 5750 Adriani

1012 5790 1092 5848 papae
1105 5774 1137 5831 lv
1150 5789 1225 5830 anno
1238 5791 1264 5830 v.
