3750 6046
78 234 146 289 taso
668 230 760 289 llUGO
779 234 965 291 METELLUS.
980 264 1013 275 -
1028 236 1171 293 NOTll'lA.
1690 238 1759 296 tero

77 358 199 428 apparel
224 353 388 410 discrimina
416 356 505 426 pluris
530 360 558 409 et
582 356 701 411 minoris
722 373 816 429 neque
838 374 889 430 per
899 360 1014 443 Aquod
1029 367 1133 431 puncta
1148 360 1259 430 punctis
1275 361 1370 416 addita
1393 361 1507 417 cumulo
1522 360 1593 416 nihil
1607 362 1753 418 adierunt.

76 448 205 520 subjecti.
222 464 313 520 neque
336 465 387 519 per
401 448 554 504 accidentis
569 449 780 505 incrementum
795 455 824 505 et
840 452 888 507 de·
940 453 1065 524 Simplex
1079 457 1156 508 ortus
1170 458 1199 508 et
1213 455 1331 525 simplex
1347 470 1461 510 occasus
1469 454 1563 526 agitur
1576 474 1632 511 uon
1646 472 1758 512 accesso

77 547 256 598 crementum
272 542 401 597 existere.
415 544 494 607 Orrod
514 543 537 597 si
550 544 602 598 hoe
627 544 755 615 prolecto
771 560 821 599 nee
837 561 891 616 per
939 547 980 602 vel
1009 545 1136 618 digressu
1171 549 1408 619 corpusculorum
1443 548 1652 618 insecabilium,
1689 566 1760 621 quas

75 641 229 709 utrumque
246 637 389 707 junclum,
412 637 532 708 proinde
557 637 626 691 ratio
650 637 732 692 uobis
750 638 806 692 alia
828 656 906 709 pro.
939 645 1051 696 atomos
1065 641 1219 712 appellant,
1236 642 1295 696 'sed
1319 658 1352 696 eo
1377 643 1453 713 quod
1476 659 1536 711 aer,
1552 643 1630 698 verbi
1653 644 1757 714 gratia,

76 731 401 803 dandaquarnobremet
415 730 525 786 intendi
539 731 638 803 aliqua
649 736 678 786 et
688 732 798 787 remitti
811 749 891 804 possa
939 737 1015 789 totus
1034 734 1063 789 in
1079 734 1155 789 aliud
1179 739 1272 790 totum
1293 738 1440 790 commeat
1453 741 1540 807 atque
1553 737 1666 792 transit.
1683 738 1758 793 Duas

75 825 233 881 rideantur.
250 827 313 881 llaec
326 829 421 880 aulem
438 828 504 879 siant
517 842 551 879 ea
565 826 666 897 quibus
676 825 771 897 ipsum
788 826 890 881 adren-
940 828 1016 882 enim
1030 845 1076 883 res
1091 828 1251 900 subjectum
1266 829 1354 884 habet
1369 845 1454 885 omne
1471 847 1478 884 :
1493 831 1643 885 materiam
1656 834 1685 886 et
1696 832 1756 887 for·

79 920 151 973 litiae
164 917 283 990 alicujus
301 918 400 972 lormae
415 934 521 973 nomen
544 918 651 975 habore
667 919 819 992 contingit,
833 936 891 975 non
940 934 1029 973 mam.
1054 917 1171 982 Quoties
1193 918 1256 974 haec
1280 924 1429 975 mutantur
1442 919 1537 988 ambo,
1561 925 1628 975 tunc
1643 922 1759 992 proprie

76 1030 112 1068 ex
127 1012 246 1084 subjecti
259 1012 471 1083 maguitudino,
493 1012 544 1067 sed
566 1030 600 1068 ex
615 1030 649 1068 eo
669 1014 747 1085 qood
766 1014 809 1069 vel
825 1030 890 1085 pro·
941 1011 1060 1083 simplex
1075 1016 1154 1066 ortus
1167 1016 1195 1067 et
1205 1011 1325 1083 simplex
1337 1029 1452 1068 occasus
1467 1014 1572 1085 agitur,
1588 1030 1757 1087 quanquam

73 1107 155 1179 piora
169 1110 236 1161 suut
251 1105 290 1160 illi
302 1106 404 1161 formae
419 1107 499 1177 eujus
518 1123 625 1162 aromen
639 1107 739 1163 sortita
751 1113 826 1175 sunt,
848 1109 890 1163 rel
942 1109 1021 1160 ortos
1041 1104 1118 1177 ignis
1132 1105 1289 1161 etiamnum
1310 1106 1466 1179 simplicior
1491 1113 1533 1162 est
1546 1124 1633 1179 quam
1658 1114 1755 1165 terrae.

74 1202 188 1273 longius
202 1201 342 1269 submota,
357 1201 464 1272 utplus
477 1200 597 1268 dicatur,
613 1201 688 1272 quod
701 1202 737 1256 ad
749 1201 891 1257 rationem
942 1198 1018 1270 Ignis
1040 1200 1115 1253 enim
1141 1200 1279 1255 rationem
1302 1200 1381 1271 quasi
1396 1200 1499 1256 iormae
1521 1202 1660 1271 continet,
1678 1208 1756 1259 terra

72 1293 203 1351 vocabuli
211 1293 360 1348 accesserit
368 1311 376 1361 ;
387 1294 493 1362 minos,
504 1294 581 1366 qrrod
593 1296 751 1350 recesserit.
763 1296 893 1367 Exempli
943 1291 1058 1364 propior
1071 1296 1113 1347 est
1127 1294 1261 1348 materiae.
1281 1296 1313 1349 u
1328 1311 1392 1349 eum
1409 1296 1533 1369 musicus
1545 1295 1587 1350 vir
1607 1296 1688 1369 quasi
1708 1312 1756 1352 oc·

75 1387 167 1459 gralia
193 1386 348 1441 candidum
379 1387 504 1441 absolute
535 1387 638 1442 dicitur
663 1388 691 1442 iu
721 1404 778 1460 quo
805 1405 893 1459 purus
943 1385 1037 1440 cidere
1058 1386 1115 1441 siva
1138 1388 1285 1459 corrumpi
1308 1387 1420 1455 dieitur,
1442 1392 1470 1443 et
1497 1389 1663 1444 immusicus
1678 1389 1759 1460 quasi

74 1481 180 1536 carrdor
192 1480 275 1546 insit;
287 1497 343 1551 quo
354 1481 480 1553 quidque
490 1480 624 1535 allectum
642 1482 706 1536 albo
718 1483 835 1552 propius
856 1482 894 1538 ad
942 1479 1010 1535 oriri
1025 1479 1082 1535 sive
1093 1480 1351 1552 gigui,subjectum
1366 1489 1463 1538 maliet
1474 1482 1567 1554 ipsum
1575 1483 1674 1540 homo.
1685 1484 1757 1539 Alio

78 1575 151 1629 hanc
164 1573 288 1629 nominis
300 1574 357 1628 vim
368 1574 486 1629 accessit
500 1591 533 1629 eo
546 1575 695 1630 candidius
705 1592 765 1630 esse
778 1575 891 1631 dicitnr.
942 1573 1012 1645 quin
1027 1573 1050 1627 si
1066 1575 1216 1645 qiralitates
1231 1575 1276 1629 boe
1296 1592 1352 1630 non
1371 1576 1474 1644 forent,
1491 1577 1634 1631 musicum
1650 1576 1713 1633 dico
1726 1581 1756 1634 et

77 1671 113 1722 at
141 1684 258 1738 parvom
282 1672 310 1722 et
334 1668 471 1739 exiguom
499 1668 711 1739 comparatione
738 1671 795 1724 sola
823 1686 888 1725 con·
944 1666 1391 1737 immusicumsedsnbstantiae,
1407 1672 1604 1726 tuncetortus
1619 1676 1759 1727 eorumet

77 1761 312 1833 stant.0uidqoid
326 1761 402 1816 enim
416 1762 553 1817 collatum
562 1761 599 1816 ad
609 1763 664 1817 alia
678 1768 794 1819 staturae¹
804 1764 891 1819 modo
903 1745 930 1817 B
943 1777 1060 1816 occasus
1080 1762 1165 1832 plane
1188 1762 1309 1834 simplex
1327 1762 1438 1818 loturus
1452 1768 1536 1819 esset.
1555 1768 1591 1819 at
1606 1764 1758 1835 qualitates
1842 1748 1845 1759 ¹

76 1855 207 1924 vincitur,
229 1855 284 1910 lroc
307 1870 425 1926 parrum
446 1861 472 1909 et
489 1855 626 1927 exiguum
642 1872 786 1911 vocamus.
803 1857 890 1922 Quid·
944 1854 1070 1909 hominis
1084 1859 1113 1910 et
1132 1854 1298 1910 allectiones
1312 1855 1443 1927 quaedam
1464 1859 1540 1918 sunt,
1555 1872 1612 1912 non
1626 1857 1757 1913 substan-

76 1949 143 2020 quid
156 1954 378 2020 ergouteunque
392 1951 541 2020 superatur
553 1949 741 2020 amplitudine
755 1951 890 2005 continuo
942 1949 999 2017 tiae,
1013 1949 1052 2003 ita
1072 1948 1105 2002 ut
1119 1951 1151 2002 ut
1165 1951 1225 2003 tana
1240 1954 1319 2004 ortos
1331 1965 1417 2021 quam
1432 1965 1544 2005 occasus
1555 1950 1680 2006 hominis
1692 1966 1756 2005 mu·

74 2042 188 2113 parvius
202 2047 287 2114 atque
310 2041 423 2096 brevius
437 2042 621 2111 deecrrritor;
638 2043 771 2097 similiter
791 2044 845 2099 hoc
862 2044 891 2099 in
941 2041 990 2096 sici
1002 2048 1031 2095 at
1044 2041 1197 2111 immusici,
1213 2057 1271 2098 non
1290 2046 1369 2099 ortus
1383 2047 1412 2097 et
1426 2060 1540 2099 occasus
1552 2044 1691 2113 absolute,
1706 2044 1756 2101 sed
1850 2056 1853 2062 '

74 2135 193 2191 caeteris.
218 2136 274 2191 Sed
299 2136 437 2207 quaeritur
452 2135 529 2189 unde
550 2137 599 2189 liat
621 2141 652 2190 ut
675 2137 736 2191 lunc
752 2137 891 2208 recipiant
941 2135 1054 2208 quidam
1072 2136 1152 2206 quasi
1176 2141 1254 2192 ortos
1268 2138 1325 2192 sire
1351 2139 1474 2209 genitus,
1493 2142 1522 2194 et
1541 2138 1658 2210 quidam
1674 2139 1757 2211 quasi

73 2230 138 2300 plus
160 2235 188 2283 et
207 2229 312 2291 nrinus,
336 2229 493 2283 substantia
508 2245 564 2283 uou
581 2230 740 2300 recipiant?
756 2235 796 2286 du
811 2248 889 2285 roca·
940 2245 1053 2284 occasus
1063 2230 1120 2284 sire
1130 2230 1263 2285 interitus
1272 2247 1332 2286 esse
1346 2231 1508 2299 videantur,
1521 2232 1753 2304 quandoquidem

73 2323 141 2377 bula
159 2322 322 2377 substantiis
337 2322 471 2392 imposita
486 2339 544 2376 non
559 2323 649 2389 hiant,
666 2323 713 2377 sed
728 2340 772 2378 res
787 2324 815 2378 in
831 2326 888 2379 fine
940 2324 1080 2378 musicum
1095 2325 1139 2378 rel
1158 2325 1341 2380 immusicum
1361 2324 1534 2393 affectiones,
1554 2332 1585 2379 ut
1599 2324 1668 2393 dixi,
1683 2333 1750 2381 sunt

72 2432 186 2487 semper
200 2419 229 2470 et
244 2419 276 2470 ot
288 2416 328 2471 ita
342 2415 464 2470 dixerim
478 2416 506 2469 in
522 2415 634 2487 fastigio
659 2417 825 2472 constitutas
843 2418 887 2471 in·
938 2417 1063 2473 hominis
1085 2423 1113 2472 et
1133 2418 1291 2490 superstitis
1306 2424 1335 2474 et
1348 2420 1500 2474 manentis.
1517 2420 1572 2473 Nec
1589 2418 1754 2490 hujusmodi
1844 2414 1847 2420 ’

72 2510 194 2564 dicant?
207 2509 284 2565 Ultra
298 2509 374 2581 quod
399 2510 478 2565 nulla
491 2510 643 2581 procedere
657 2513 762 2581 potest.
775 2510 847 2566 Sunt
860 2515 889 2567 ct
937 2512 1058 2567 mutatio
1068 2514 1110 2567 vel
1125 2512 1238 2584 genitus
1250 2514 1293 2567 vel
1308 2512 1439 2567 interitus
1451 2512 1621 2584 appellanda
1640 2516 1692 2580 est,
1704 2513 1754 2569 aed

71 2603 227 2659 accidentia
238 2620 300 2675 quae
315 2620 370 2657 non
385 2603 502 2674 capiunt
515 2604 576 2675 plus
590 2609 619 2659 ct
632 2604 738 2673 minus,
756 2610 786 2659 ut
800 2620 888 2676 quan·
937 2599 1064 2655 alteratio
1079 2601 1225 2656 duntaxat.
1239 2600 1356 2656 blaterio
1369 2602 1504 2673 saneipsa
1515 2603 1630 2675 proprie
1639 2603 1753 2674 genitus

71 2697 255 2769 drangulum,
278 2697 456 2768 triangulum
476 2702 504 2751 et
527 2697 638 2752 similia.
663 2697 810 2770 Contingit
832 2698 886 2753 hoe
937 2698 966 2750 et
979 2694 1110 2750 interitus
1124 2695 1285 2765 subjectum
1300 2700 1352 2750 est.
1369 2700 1505 2766 Atquare
1520 2696 1608 2767 isqui
1624 2695 1752 2765 docetur,

69 2792 113 2846 rel
129 2808 162 2846 eo
176 2790 252 2864 quod
266 2790 463 2845 insubstantia
479 2790 666 2847 describenda
678 2795 884 2862 repraesentari·
935 2788 965 2842 in
980 2804 1013 2842 eo
1032 2788 1200 2859 simpliciter
1225 2788 1298 2843 ellici
1319 2789 1377 2842 sire
1393 2788 1475 2861 gigni
1496 2805 1553 2844 non
1569 2789 1683 2857 dieitur,
1703 2788 1753 2845 sed

69 2890 128 2950 tur,
143 2902 211 2940 nam
223 2889 250 2940 el
263 2885 479 2957 eorpusipsum‚
493 2885 885 2958 etquantitatemutrumqua
936 2884 1035 2937 doetus
1049 2882 1124 2937 ellici
1138 2881 1195 2937 sire
1210 2883 1308 2938 doetus
1328 2882 1408 2954 gigni
1429 2881 1551 2937 dicitur?
1564 2886 1607 2938 An
1624 2883 1751 2955 expliea-
1825 2924 1829 2931 .

69 2979 248 3050 triangulum
261 2995 406 3049 vocamus,
422 2980 464 3034 sel
480 2996 514 3035 eo
530 2980 603 3051 quod
618 2979 785 3035 substantie
800 2981 885 3036 modo
934 2981 997 3030 turn
1013 2980 1066 3044 est,
1086 2976 1116 3030 iu
1132 2977 1275 3031 volumine
1291 2975 1369 3048 quod
1383 2976 1607 3031 l‘roedicamenta
1619 2976 1750 3032 inscribi·

68 3089 183 3145 semper
196 3072 225 3127 in
242 3072 298 3127 line
321 3077 387 3127 sunt
402 3074 477 3127 ultra
499 3089 583 3144 quem
599 3073 733 3144 progredi
748 3089 806 3128 uon
818 3090 884 3145 pes-
893 3112 921 3185 C
934 3074 991 3137 lor,
1007 3070 1061 3124 alia
1074 3069 1234 3141 significare
1247 3070 1301 3124 hoc
1315 3069 1424 3142 aliquid
1439 3072 1468 3124 et
1482 3069 1682 3137 substantiam,
1696 3070 1751 3125 alia
1842 3144 1846 3151 Ι

67 3170 145 3234 suut,
161 3167 188 3220 id
216 3167 342 3237 quodie
368 3166 581 3237 superpositivis
606 3183 721 3238 quoque
745 3167 881 3222 cernitur.
935 3163 1135 3235 quantitatem,
1149 3164 1403 3235 alioquolitalem‘l
1418 3164 1751 3236 Ergoqoaeconquesub·

66 3260 288 3315 Candidissimus
312 3258 388 3315 enim
404 3266 432 3314 et
448 3260 621 3331 nigerrimus
644 3260 726 3315 liberi
742 3260 883 3315 discrimi-
935 3258 1065 3312 stantiam
1081 3273 1137 3311 non
1154 3257 1326 3327 signilleout,
1342 3257 1402 3312 hac
1422 3257 1589 3328 simpliciter
1603 3274 1656 3313 neo
1670 3259 1746 3315 occi·

66 3354 150 3410 nibus
167 3345 256 3426 pluris
279 3357 307 3409 el
328 3353 449 3409 minoris
469 3353 611 3422 videntur,
634 3358 786 3426 propterea
807 3354 883 3426 quod
933 3350 1011 3417 dere,
1027 3367 1079 3404 nec
1102 3351 1171 3405 oriri
1193 3350 1429 3421 perhibebuntur,
1455 3350 1505 3405 sed
1527 3351 1746 3421 quadamtenus.

65 3448 149 3514 potiti
171 3464 283 3503 summa
303 3451 371 3503 sunl
390 3453 418 3503 et
444 3447 576 3517 termino,
601 3463 689 3520 quem
718 3448 882 3520 transgredi
931 3445 1093 3499 accidentia
1108 3447 1203 3499 tamen
1216 3447 1281 3499 suut
1297 3444 1437 3500 nonnulla
1450 3459 1514 3515 quaa
1528 3444 1692 3498 substantiis
1712 3461 1747 3499 ex

66 3542 233 3615 prodeundo
249 3559 308 3597 non
324 3547 454 3615 possunt.
478 3544 517 3598 Ex
541 3559 574 3598 eo
588 3543 666 3598 enirn
691 3542 769 3615 quod
788 3545 883 3614 potest
931 3544 1034 3594 aalma
1055 3537 1193 3609 cujusque
1208 3554 1259 3593 sua
1272 3540 1448 3609 corripetunt,
1465 3544 1497 3592 ut
1511 3537 1634 3608 impetus
1652 3537 1742 3592 adin·
1837 3544 1840 3550 '

66 3654 138 3706 esse,
155 3653 212 3692 non
226 3637 357 3709 sequitur
370 3637 447 3709 quod
460 3653 517 3693 non
532 3640 626 3709 potest
640 3653 711 3693 esse.
725 3635 844 3692 Proinde
857 3636 881 3691 si
930 3634 1011 3687 lerna
1028 3634 1121 3702 terre,
1138 3632 1174 3687 ad
1187 3647 1313 3703 superna
1325 3631 1411 3704 iguis.

62 3735 170 3804 puncta
185 3731 283 3787 omnia
299 3731 470 3803 jungantur,
488 3731 648 3803 amplitudo
663 3731 742 3787 nulla
763 3728 877 3802 cogitur

738 4106 823 4152 ANNO
844 4104 956 4151 eornm
976 4104 1082 4150 lthLVll

482 4294 751 4446 HUGO
804 4290 1315 4441 METELLUS

653 4571 880 4641 CANONlCUS
910 4567 1139 4636 llEGUhllllS

416 4920 647 5014 ΝΟΊΊΤΙΑ
679 4916 983 5012 Hlsruuluo
1021 4914 1364 5010 Llrruuaula

682 5100 844 5171 (Maraces,
859 5114 924 5155 nov.
940 5097 987 5153 ed.
1003 5115 1030 5170 p.
1045 5097 1118 5167 476.)

91 5470 218 5540 Epistola
237 5471 356 5538 llupouis
377 5470 481 5524 Metelli
496 5471 525 5522 iu
544 5469 631 5523 codice
648 5484 697 5523 ms.
718 5452 884 5523 bibliothecae
903 5467 1120 5523 Gloromonlonae
1135 5466 1213 5536 oprrd
1233 5468 1352 5521 Parisios
1376 5467 1512 5523 labentur
1534 5483 1645 5523 numero
1659 5472 1740 5538 quin-

53 5578 104 5631 que
125 5573 209 5629 sacroru
234 5561 442 5628 prrirtpuopiuto.
471 5561 549 5613 lluuc
569 5558 684 5613 codicem
708 5558 784 5613 nobis
807 5559 932 5612 intimastis
960 5559 1233 5612 siruccomruuuicoeit
1258 5557 1384 5612 cruditus
1408 5573 1438 5611 uc
1459 5558 1599 5627 religiosus
1618 5558 1735 5627 eusdem

55 5651 220 5705 bibliothecae
240 5655 351 5704 comior
369 5649 438 5703 ulter
459 5650 576 5704 Joouurs
594 5648 765 5708 llordninas.
782 5650 831 5719 qui
846 5648 935 5704 Plinio
957 5647 1125 5703 emendando
1143 5655 1282 5704 strenuom
1301 5652 1387 5702 renuat
1404 5663 1531 5716 operans.
1546 5649 1594 5699 Ea
1610 5648 1675 5697 'attae
1691 5648 1749 5705 em-

52 5741 130 5794 slolis
143 5740 308 5808 intelligitur
330 5741 391 5808 qaeu
401 5740 490 5806 sireni
507 5754 593 5810 puocc
607 5744 724 5813 tempore
737 5741 838 5798 vicerit
853 5742 931 5813 liupo
954 5739 1090 5798 lletellus.
1105 5742 1133 5796 ls
1146 5742 1265 5813 quippe,
1277 5738 1360 5811 repud
1369 5736 1661 5792 restaurarentur
1677 5726 1785 5815 litem*

47 5828 180 5880 francono
192 5834 361 5898 preceptore
379 5844 442 5886 osus
458 5835 505 5896 cst,
527 5835 611 5906 alque
630 5834 716 5893 elilim
738 5834 857 5894 audii-or
871 5835 932 5907 fuit
955 5835 1084 5896 anselmi
1101 5833 1320 5893 modenensis.
1338 5819 1583 5890 dentationum
1594 5800 1810 5860 annexuisse·
