3750 6046
76 98 133 159 dt?
499 106 658 165 HISTORIA
678 110 947 170 Ecctsstnsrtca.
968 140 1003 154 ·-
1018 112 1104 170 PARS
1123 110 1156 166 11.
1175 141 1210 152 -
1225 112 1289 167 ΗΒ.
1309 109 1355 166 l'l.
1714 104 1768 167 498

78 218 164 290 dum,
185 218 263 277 illius
287 223 456 279 monasterii
481 227 605 294 Patrem,
627 229 813 299 quaesierunt,
835 246 900 285 curn
911 230 1078 319 Acessione
1102 229 1136 283 ad
1158 225 1315 283 sacrarium
1337 225 1424 282 vadit.
1450 227 1501 281 llas
1524 229 1706 296 argenteum,
1733 226 1766 284 in

77 330 112 369 eo
136 314 228 371 locuti
255 321 333 384 suist,
356 321 385 373 et
407 318 529 390 plurima
553 320 739 392 sciscitantes,
765 340 900 394 magnam
951 342 1008 398 quo
1023 326 1053 379 B.
1070 322 1175 379 Ebrulti
1190 321 1312 393 pignora
1325 321 1420 376 clausa
1432 327 1514 376 eraut
1528 320 1680 392 frangitur,
1695 321 1763 377 reli·

77 407 108 462 in
129 408 235 465 eodem
247 411 417 483 sapientiam
433 413 613 470 invenerunt.
637 416 676 470 Ue
696 417 802 472 sanctis
822 419 900 474 enim
949 414 1764 491 quiarevereuterextrahuntur,brachinmdcxtrumcum

77 502 233 575 scripturis
252 504 413 561 luculenter
436 508 581 576 tractavit,
603 514 632 564 et
655 509 726 565 votis
748 527 849 566 eorum
872 516 901 568 et
949 511 1045 584 pixide
1066 510 1151 583 plena
1174 509 1305 564 fracturis
1328 508 1432 563 ossium
1456 511 1601 580 erogatur.
1621 508 1764 564 Uticenses

76 596 357 669 interrogationibus
381 600 526 656 satisfecit.
548 604 667 658 Causam
704 620 816 676 quoqne
844 605 900 661 Uti·
949 606 1046 678 itaque
1067 605 1096 659 in
1119 602 1280 659 Naustriam
1307 602 1463 671 redieruut,
1487 607 1571 673 atque
1593 602 1703 658 Uticmn
1727 618 1765 661 vtr

76 689 209 745 censium
228 693 259 746 ut
271 692 388 759 audivit,
405 693 562 750 Guarinum
584 695 718 751 abbatem
737 697 900 769 benigniter
949 700 1009 754 liat.
1034 697 1111 755 lunii
1139 696 1228 770 [tiso]
1259 698 1457 768 pervenerunt.
1484 697 1585 767 ltagna
1609 695 1763 753 multitudo

75 782 198 855 adjuvit,
219 783 389 858 litterasque
407 786 617 844 exhortatorias
641 789 808 845 liesbacensi
828 807 896 846 con·
949 793 1095 863 utriusque
1116 808 1200 846 sexus
1220 791 1280 846 fere
1302 789 1339 845 ad
1360 794 1482 861 quatuor
1505 789 1594 844 millia
1619 789 1764 860 convenit,

76 878 176 932 ventui
203 877 365 935 destinavit.
396 880 525 953 Denique
547 882 686 939 Guarinus
709 884 805 953 abbas,
832 902 897 940 cum
949 903 981 941 ac
999 886 1034 940 ad
1054 885 1234 957 suscipienda
1253 883 1322 940 tanti
1342 882 1452 954 patroni
1470 882 1611 938 beneficia
1630 883 1763 952 occurrit,
1810 886 1815 894 '

75 971 169 1026 llatali
193 971 294 1029 abbate
317 989 454 1043 reversus,
481 975 610 1031 Odoueui
632 982 660 1031 et
679 978 833 1033 Guarinum
856 979 897 1034 in·
948 985 976 1033 et
994 979 1056 1050 ejus
1074 982 1141 1032 ante
1158 978 1246 1032 ileum
1267 976 1402 1048 suffragia
1421 976 1576 1047 promereri
1591 976 1659 1031 fusis
1674 977 1765 1048 preci-

75 1052 155 1120 v'enit
169 1066 286 1136 alacres,
301 1073 385 1140 atque
408 1067 631 1125 Resbaeensibns
648 1071 749 1126 charos
766 1078 795 1127 et
815 1089 895 1128 ama·
946 1072 999 1126 bns
1010 1072 1125 1143 sategit.
1141 1071 1217 1142 AEgri
1230 1070 1406 1125 diversarum
1419 1069 1618 1125 infirmitatum
1630 1069 1763 1126 molestia

73 1158 158 1213 biles.
172 1160 263 1215 Erant
280 1161 386 1233 quippe
404 1162 489 1217 ambo
508 1164 624 1234 maturi,
640 1164 768 1220 affabiles
785 1171 814 1220 et
833 1183 896 1222 mo·
946 1165 1115 1236 praegravati
1135 1169 1297 1232 accurrunt,
1313 1169 1341 1218 et
1356 1163 1482 1218 remedia
1499 1162 1556 1217 suis
1569 1163 1714 1218 doloribus
1726 1162 1761 1219 ab

74 1251 158 1321 desti,
174 1254 350 1326 geminaque
370 1255 530 1312 litterarum
555 1257 715 1314 eruditione
735 1258 846 1315 imbuti.
862 1263 897 1317 nt
945 1258 1102 1325 altissimo,
1127 1274 1181 1330 pcr
1203 1258 1269 1312 alini
1296 1256 1386 1311 Patris
1409 1256 1516 1311 Ubrulli
1541 1257 1651 1326 merita,
1676 1256 1762 1329 depu-

74 1346 207 1416 quamvis
235 1347 366 1403 facundia
387 1348 475 1406 ambo
502 1351 644 1421 pollerent
669 1357 698 1408 et
725 1353 895 1422 eruditione,
946 1358 1037 1419 scunt,
1058 1354 1087 1407 et
1104 1351 1219 1422 plurimi
1242 1350 1331 1422 petita
1353 1350 1583 1416 consecuti,er
1606 1349 1712 1420 gratias
1733 1355 1762 1406 et

74 1438 136 1494 Udo
152 1445 256 1496 tamen
270 1440 436 1499 charitativo
448 1444 562 1499 fervore
575 1462 756 1518 summopere
766 1448 896 1504 studebat
946 1445 1045 1500 laudes
1058 1445 1158 1500 devote
1173 1444 1337 1500 concinunt.
1354 1443 1438 1498 ltulta
1455 1443 1511 1497 illic
1529 1442 1693 1498 habitantes
1709 1441 1760 1500 be·

73 1532 127 1588 sibi
142 1533 301 1590 Guarinnm
317 1536 461 1607 praeferre.
478 1538 618 1593 Guarinus
633 1539 711 1594 euim
731 1541 853 1612 gratiam
867 1547 895 1596 et
945 1538 1046 1594 aeficia
1073 1538 1121 1593 Uei
1149 1536 1299 1603 sentiunt,
1326 1536 1485 1607 meritoque
1511 1535 1704 1606 gratulantes,
1731 1535 1761 1591 in

71 1625 248 1698 sapientiam
272 1628 302 1684 in
324 1629 425 1685 divinis
448 1631 631 1687 sermonibus
654 1632 765 1701 habuit,
790 1641 818 1688 et
844 1620 933 1706 perB
946 1631 1022 1687 beati
1036 1632 1124 1687 Patris
1142 1630 1250 1686 Ebrulfi
1264 1629 1375 1685 meritis
1389 1627 1547 1701 tripudiant
1558 1634 1586 1684 et
1599 1628 1758 1687 confidunt.

71 1735 119 1775 vui
145 1719 209 1776 dies
232 1721 444 1794 hospitalitatis,
468 1725 604 1780 instinctu
626 1727 759 1782 Amalrici
780 1728 893 1799 prioris,
980 1725 1102 1791 Quidam
1124 1725 1175 1787 vir.
1201 1738 1307 1795 genere
1331 1723 1417 1790 Brito,
1441 1722 1557 1778 nomine
1586 1722 1761 1793 Goisfredus,
1867 1774 1871 1778 .

70 1814 306 1871 exhortationem
330 1817 465 1872 omnibns
484 1818 512 1872 in
533 1818 653 1874 clanstro
674 1821 820 1890 exhibuit,
846 1821 894 1877 bs·
943 1820 972 1874 in
993 1835 1067 1890 pago
1079 1817 1263 1875 corboniensi
1286 1816 1443 1885 habitavit;
1466 1815 1515 1888 qni
1530 1816 1636 1885 multis,
1654 1820 1685 1871 ut
1698 1817 1759 1889 ipsa

70 1908 324 1982 nerolentiamqne
340 1911 429 1966 totius
443 1916 601 1968 conventus
624 1930 681 1969 nou
701 1914 763 1985 jam
780 1921 810 1969 nt
825 1914 891 1969 hos·
942 1912 1094 1981 referebat,
1117 1911 1316 1982 injuventute
1338 1911 1448 1982 rapinis
1472 1917 1501 1965 et
1523 1909 1678 1966 latrociniis
1700 1914 1756 1966 stu·

70 2001 116 2070 tis,
130 2001 185 2058 sed
210 2005 240 2057 ut
261 2002 355 2058 tidelis
376 2005 484 2060 amicus
506 2006 639 2061 obtinuit.
662 2006 803 2063 Guarinus
822 2025 891 2080 erge
942 2005 1012 2073 duit,
1027 2006 1076 2061 sed
1097 2008 1161 2076 post
1179 2005 1293 2077 aliquod
1311 2008 1436 2075 tempus,
1456 2003 1612 2075 inspirante
1632 2005 1703 2072 Deo,
1718 2004 1759 2060 ri·

68 2095 157 2150 abbas
169 2096 318 2167 epistolam
339 2097 507 2153 venerabilis
527 2099 667 2155 bernardi
693 2099 805 2156 abbatis
825 2119 891 2173 pro·
942 2102 999 2153 tam
1011 2099 1161 2154 salubriter
1174 2099 1305 2154 mumvit.
1318 2097 1491 2168 Legitimam
1503 2097 1580 2152 euim
1592 2097 1756 2170 conjugem,

68 2189 145 2256 tulit,
166 2205 254 2261 quam
269 2190 465 2247 Resbascensis
479 2196 634 2248 conventus
651 2192 775 2249 libenter
794 2211 891 2250 susce·
940 2192 1058 2247 nomine
1082 2190 1298 2262 hildeburgem,
1318 2191 1408 2258 duxit,
1425 2191 1544 2261 ejusque
1562 2190 1678 2245 utilibus
1696 2207 1756 2246 nro·

67 2282 120 2352 pit,
141 2285 174 2337 et
191 2282 291 2337 audita
307 2284 441 2340 libentius
456 2287 598 2358 complere
615 2287 747 2343 decrevit.
765 2289 889 2361 Stepha-
941 2285 1008 2339 uitis
1022 2284 1174 2357 acquievit,
1197 2289 1225 2340 et
1247 2283 1412 2340 crudelibus
1434 2282 1629 2356 lethiferisque
1650 2284 1757 2340 satelli·

67 2393 125 2430 nris
137 2376 308 2432 Parisiensis
321 2377 481 2450 episcopus,
495 2385 523 2435 et
546 2380 726 2436 burchardus
742 2383 890 2438 lieldensis
940 2380 986 2433 tiis
1002 2379 1187 2448 renuntiavit,
1202 2384 1229 2433 et
1242 2377 1338 2433 laboro
1353 2395 1492 2433 mannum
1511 2394 1575 2449 qnae
1589 2377 1642 2433 sihi
1661 2394 1755 2435 neces·

67 2468 223 2540 episcopus
238 2473 309 2525 sautu
326 2471 373 2526 Uei
388 2471 518 2539 aderant,
533 2477 563 2528 et
576 2473 766 2530 liesbacenses
778 2477 809 2530 ut
820 2475 887 2531 cha·
939 2472 1014 2527 saria
1026 2476 1108 2527 erant
1123 2473 1297 2544 procuravit.
1312 2472 1397 2527 Porro
1416 2471 1552 2527 derebus
1567 2488 1632 2526 cum
1649 2472 1752 2528 sudoro

65 2562 163 2617 ritatis
171 2568 288 2618 nectare
302 2565 445 2620 Uticenses
459 2566 661 2635 exhilararent,
673 2568 777 2625 obnixe
793 2570 890 2625 admo·
938 2566 1084 2638 acquisitis
1106 2566 1304 2638 eleemosynas
1324 2565 1455 2633 faciebat,
1475 2565 1572 2636 egenis
1594 2568 1623 2619 et
1644 2565 1754 2621 clericis

65 2655 188 2711 nebant.
204 2656 305 2728 igitur,
320 2659 515 2715 annuentibus
533 2662 651 2732 cunctis,
665 2662 772 2717 diesab
786 2664 889 2734 epvisco-
938 2676 970 2714 ac
996 2660 1121 2715 cremitis
1147 2660 1351 2731 monachisque
1378 2659 1574 2728 distribuebat,
1604 2662 1633 2714 et
1657 2659 1754 2731 hujus·

64 2749 111 2820 pis
123 2749 272 2819 indicitur,
287 2768 345 2824 qno
358 2753 517 2809 multorum
533 2755 653 2827 pignora
667 2759 832 2811 sanctorum
847 2755 888 2812 ibi
937 2753 1014 2808 modi
1028 2753 1094 2808 viris
1115 2753 1203 2809 totius
1223 2753 1266 2808 sni
1287 2752 1449 2825 porismatis
1466 2756 1591 2825 quaestus
1607 2753 1752 2825 superflua

64 2842 185 2898 detenta
206 2845 315 2915 pariter
337 2846 566 2915 extraherentur,
591 2849 711 2921 populus
723 2854 807 2905 terrac
826 2850 887 2906 haec
937 2847 1090 2912 tribuebat,
1105 2863 1213 2919 suoque
1230 2864 1402 2920 suorumque
1418 2847 1504 2902 victui
1516 2846 1575 2902 sola
1593 2847 1753 2904 necessaria

64 2937 180 2991 visurus
203 2945 440 3010 congregaretur,
463 2945 492 2995 et
514 2941 665 3014 multiplici
687 2938 898 3000 benedictione·
938 2940 1108 2996 reservabat.
1130 2942 1178 2996 llic
1200 2940 1363 2996 societatem
1383 2940 1558 2997 Uticensium
1583 2941 1710 3014 expetiit,
1724 2944 1753 2996 et

63 3029 254 3087 confirmatus
268 3032 468 3102 testificaretur,
484 3052 517 3090 ac
536 3036 722 3106 postmodnm
741 3037 884 3092 Uticenses
895 2994 923 3069 C
935 3034 1025 3089 frater
1044 3035 1079 3088 in
1093 3034 1205 3090 Christo
1228 3035 1327 3103 factus,
1346 3034 1552 3090 fraternitatem
1571 3035 1677 3106 optime
1695 3051 1753 3091 ser·

63 3129 165 3196 optata
178 3124 367 3198 susciperent,
381 3133 410 3184 el
424 3127 464 3183 sic
479 3129 595 3201 propria
607 3130 775 3187 reviserent.
935 3127 1016 3182 vavit.
1046 3129 1077 3183 ln
1104 3127 1255 3199 praecipuis
1278 3130 1443 3183 sauctorum
1463 3129 1541 3183 festis
1564 3128 1598 3183 ad
1621 3128 1750 3186 Uticense

99 3219 190 3274 Porro
213 3219 319 3275 Neruis
339 3219 427 3276 abbas
443 3222 595 3278 consilium
616 3228 715 3293 mittat,
737 3224 883 3282 Uticenses
935 3219 1096 3275 cenobium
1124 3220 1274 3286 veniebam
1300 3220 1347 3276 sed
1374 3221 1509 3292 precepti
1530 3221 1603 3292 tegis
1626 3238 1747 3291 memor,

62 3310 229 3368 mobilitate
250 3319 366 3370 versuta
385 3315 491 3385 turbat,
515 3315 613 3372 dicens
635 3316 713 3388 qnod
734 3319 789 3372 nisi
811 3320 883 3374 Ted·
935 3329 1038 3368 vacuus
1051 3313 1153 3369 fratres
1167 3312 1280 3368 visitare
1293 3313 1418 3368 nolebat·

63 3403 166 3460 baldus
185 3421 286 3462 eomes
306 3409 485 3477 concederet,
507 3427 654 3483 nunqnam
673 3428 705 3466 ea
728 3429 791 3484 quaa
814 3429 882 3468 enu-
970 3406 1130 3476 Quondam,
1143 3406 1258 3461 biennio
1280 3412 1347 3461 anto
1372 3412 1496 3462 mortem
1524 3406 1635 3462 Heurici
1660 3410 1747 3480 regis,

62 3504 166 3554 sentus
180 3507 322 3556 annuerat
341 3502 477 3559 traderet.
494 3503 584 3576 lgitur
602 3506 748 3560 communi
768 3506 883 3561 consitio
932 3504 1108 3559 admirabilis
1129 3520 1174 3558 res
1189 3503 1319 3575 contigit.
1335 3505 1422 3558 Nocte
1445 3503 1551 3559 scilicet
1571 3503 1678 3560 Natalis
1699 3506 1746 3562 lu·

62 3592 90 3646 in
105 3592 314 3650 hermanniam
326 3595 386 3651 ouo
401 3597 539 3652 Uticensis
548 3597 584 3652 ad
599 3599 733 3654 comitem
746 3599 882 3668 mittitur,
933 3598 1096 3653 nocentium
1119 3597 1167 3652 nix
1189 3613 1224 3651 er
1245 3597 1399 3668 improviso
1423 3600 1503 3652 tanta
1523 3597 1635 3666 cecidit,
1656 3615 1748 3671 quau·

61 3686 113 3757 qui
125 3689 196 3742 tunc
211 3686 249 3742 ad
261 3690 433 3745 avunculum
445 3707 529 3745 snum
550 3691 704 3747 Henricum
728 3709 826 3764 regem
840 3693 881 3748 ie·
933 3696 992 3746 tarn
1006 3692 1101 3746 nullus
1115 3690 1280 3747 mortalium
1294 3688 1371 3745 illius
1384 3691 1436 3746 aevi
1455 3690 1578 3759 viderat,
1594 3692 1637 3746 rel
1657 3710 1674 3747 a
1690 3709 1746 3764 pae-

62 3785 116 3849 rat,
147 3787 178 3835 ut
206 3796 275 3836 cum
300 3799 336 3839 eo
362 3783 536 3856 loqueretur.
560 3784 703 3840 Ubediens
725 3786 881 3841 monachus
930 3785 1118 3858 dagogissuis
1141 3785 1227 3841 visam
1246 3784 1400 3856 aliquando
1417 3785 1745 3842 aridiorat.Namaditus

61 3873 210 3931 difficilem
223 3875 298 3931 riam
318 3877 448 3948 arripuit,
463 3878 655 3950 comitemque
674 3895 804 3951 sequens,
817 3881 881 3935 Ver·
931 3880 1082 3935 domorum
1110 3879 1267 3946 obstruxit,
1294 3878 1403 3934 viamm
1429 3879 1592 3951 superficies
1622 3879 1744 3949 obtexit,

60 3984 171 4025 nouum
193 3969 283 4032 venit,
310 3987 452 4042 suumque
475 3978 615 4027 secretum
645 3972 723 4043 prins
747 3973 824 4043 regi,
850 3979 882 4030 ut
931 3977 1087 4029 monteset
1106 3974 1190 4028 valles
1207 3972 1643 4045 coaeqnavit,avesetanimalia
1659 3973 1746 4029 suffo-

56 4063 387 4134 juvaret,detexit.llex
407 4081 472 4120 vero
489 4065 695 4120 auxiliaturum
712 4082 742 4121 se
762 4066 802 4121 itti
817 4067 879 4138 pol·
930 4067 1022 4136 cavit,
1051 4067 1182 4122 homines
1208 4067 1294 4121 ctiam
1323 4066 1499 4133 submersit,
1526 4066 1743 4140 innumerisque

60 4158 172 4229 licetur,
188 4157 383 4230 comitemque
396 4165 531 4231 nepotem
544 4175 595 4231 pro
608 4159 817 4216 morracbornm
832 4177 880 4216 ne·
929 4161 1059 4217 fidelibus
1071 4160 1252 4215 ecclesiarum
1269 4159 1399 4214 introitus
1418 4160 1480 4231 ipso
1501 4159 1546 4215 die
1566 4160 1680 4232 penitus
1697 4161 1744 4216 de·
1854 4219 1857 4225 ,

60 4252 140 4323 gotio
169 4254 316 4324 precator.
340 4252 442 4309 Comes
464 4258 561 4308 autem
587 4253 715 4325 precanti
738 4255 878 4310 avunculo
929 4252 1053 4325 negavit.
1069 4251 1126 4308 Sub
1141 4255 1219 4306 tanta
1237 4252 1311 4306 aeris
1327 4253 1496 4324 intemperie
1510 4252 1645 4323 praefatus
1667 4252 1744 4308 Gois·

58 4344 203 4412 concedit,
215 4349 245 4429 et
262 4361 314 4416 per
335 4344 477 4401 Andecaui
493 4345 652 4417 dapiferum
671 4362 754 4400 suum
774 4346 1024 4434 limbo-Diredns
1056 4345 1201 4414 surrexit,
1230 4344 1397 4418 niviumque
1425 4345 1602 4400 nimietatem
1627 4349 1742 4418 postpo-

55 4438 192 4501 censibus
220 4438 434 4494 concessionem
462 4454 541 4494 snam
576 4438 739 4506 mandavit,
766 4440 816 4511 qui
842 4439 878 4494 ad
929 4440 995 4508 snit,
1013 4440 1178 4510 jumentum
1203 4437 1328 4509 panibus
1353 4438 1540 4510 similagineis
1563 4439 1699 4505 oneravit,
1713 4444 1745 4494 et

56 4531 137 4588 diem
157 4547 218 4605 qun
236 4531 367 4604 reliquiae
390 4532 623 4588 monstrabantur
643 4549 701 4587 uon
723 4531 811 4601 venit,
828 4532 878 4588 sed
929 4533 1019 4588 filiurn
1036 4549 1118 4588 suum
1133 4532 1359 4600 secumducens,
1375 4531 1410 4585 ad
1430 4531 1638 4586 solemnitatem
1651 4531 1742 4586 sancti

55 4626 132 4697 apud
151 4626 339 4694 colummers,
359 4626 473 4682 comitis
491 4628 624 4693 castrum,
641 4626 791 4680 remansit.
810 4626 878 4679 llluc
928 4627 1016 4682 Patris
1042 4626 1146 4682 Ebrulli
1171 4625 1322 4681 festinavit.
1350 4624 1404 4690 Qui
1432 4641 1497 4681 cum
1524 4626 1558 4680 ad
1584 4623 1741 4696 qnamdam

55 4719 199 4776 Uticensis
218 4716 352 4775 abbaset
373 4719 513 4775 Guarinus
534 4719 679 4791 sagiensis
700 4735 733 4773 ae
752 4718 877 4773 Andreas
928 4737 1041 4792 aquam,
1072 4719 1189 4774 nourino
1214 4719 1347 4786 ltiselam,
1374 4718 1560 4790 pervenisset,
1586 4735 1639 4773 nec
1665 4734 1739 4786 eam,
1843 4728 1851 4739 ·

55 4812 257 4872 columbensis
269 4813 304 4868 ad
324 4813 467 4868 andream
481 4815 682 4885 perrexerunt.
700 4812 777 4876 Qtros
792 4817 822 4866 nt
835 4812 877 4866 vi·
927 4814 996 4885 quia
1018 4829 1090 4885 pons
1112 4812 1150 4868 ibi
1175 4812 1270 4867 nullus
1293 4818 1363 4877 erat,
1379 4817 1410 4867 et
1424 4828 1506 4884 aquae
1531 4812 1739 4882 intumuerant,

56 4906 108 4973 dit,
128 4906 258 4978 benigne
279 4905 413 4977 suscepit,
435 4905 729 4961 commorationibus
751 4921 781 4959 se
800 4921 877 4960 corn·
927 4906 1103 4962 transvadari
1130 4905 1276 4978 potuisset,
1301 4906 1404 4962 timore
1425 4911 1455 4960 et
1477 4909 1601 4962 tremore
1626 4905 1739 4975 anxins,

56 4998 215 5069 mandarit,
238 4998 454 5054 concessionem
479 4998 592 5053 comitis
614 4998 766 5065 intimavit,
788 5014 875 5069 seque
925 5001 960 5056 ad
989 5001 1160 5054 clementem
1188 5000 1340 5055 Dominum
1366 4999 1539 5071 suspiravit,
1572 5015 1605 5055 nc
1630 5003 1661 5055 ut
1686 4999 1740 5055 sibi

55 5092 183 5164 legatum
201 5092 270 5148 inde
287 5096 317 5146 et
334 5091 532 5163 fidejussorem
552 5091 875 5147 nrintiavitluuctiua·
926 5093 1130 5165 suffragaretur
1155 5093 1292 5148 exoravit.
1321 5094 1368 5148 Pio
1394 5094 1491 5164 itaque
1519 5095 1643 5166 flagrans
1667 5092 1740 5149 desi·

55 5185 331 5242 nnusabbesloetus
349 5201 414 5240 cnm
436 5186 520 5242 sociis
542 5186 700 5241 Resbacnm
724 5184 873 5254 remeavit,
925 5188 1015 5255 derio,
1036 5187 1159 5242 divinam
1183 5203 1265 5258 opem
1291 5188 1420 5258 protinus
1443 5187 1592 5259 persensit,
1617 5193 1646 5243 et
1667 5187 1740 5242 ultre

54 5286 83 5334 ct
106 5280 213 5336 Natalis
236 5278 336 5346 abbas,
359 5284 392 5333 ut
412 5279 628 5334 concessionem
649 5278 772 5334 consutis
794 5278 873 5333 audi·
925 5282 1019 5352 ripam
1041 5280 1147 5352 absque
1171 5280 1273 5335 visibili
1298 5280 1416 5336 ductore
1439 5298 1469 5336 se
1492 5282 1584 5336 solutu
1610 5281 1738 5345 invenit;

54 5376 103 5443 vit,
123 5377 292 5449 penitentia
315 5378 409 5431 motus
429 5375 508 5448 qnod
525 5376 672 5432 Uticenses
691 5376 770 5431 valde
793 5392 876 5430 vexa·
924 5375 1013 5430 titium
1030 5392 1096 5430 vcro
1110 5391 1193 5428 sunm
1214 5390 1279 5429 cum
1290 5374 1423 5445 iumento
1445 5379 1474 5430 et
1496 5374 1607 5430 sarcina
1627 5390 1741 5430 reman-

52 5477 144 5538 verat,
163 5471 236 5526 rotis
255 5486 355 5542 eorum
376 5469 775 5540 annuitttlmaricnsitnqno
797 5468 875 5540 prior
924 5470 990 5522 sisse
1019 5469 1047 5523 in
1070 5468 1158 5524 altera
1178 5468 1241 5540 ripa
1264 5468 1406 5538 cognovit.
1436 5467 1542 5524 Deinde
1569 5468 1643 5522 filins
1665 5468 1738 5539 ejus,

55 5580 141 5620 mane
162 5566 340 5620 conventum
367 5563 510 5631 excitavit,
538 5580 603 5618 cum
630 5562 809 5618 Uticensibus
837 5562 873 5618 ad
925 5563 974 5633 qui
996 5561 1111 5617 forsitan
1131 5561 1278 5632 inaequalis
1293 5561 1359 5617 lidci
1375 5565 1403 5616 et
1418 5562 1601 5628 meritierat,
1623 5561 1742 5630 pavidus

53 5656 206 5717 metam
218 5656 313 5729 duxit,
326 5656 477 5732 omnisque
489 5661 644 5716 conventus
659 5655 791 5716 ordinata
808 5673 874 5731 pro·
923 5672 1014 5732 nsque
1041 5656 1076 5714 ad
1102 5655 1277 5717 umbilicum
1298 5673 1411 5737 nquam
1435 5656 1573 5723 intrant,
1591 5656 1769 5726 'prementem
