3750 6046
99 176 124 239 tl
542 180 699 241 tttsrums
720 179 984 241 ustutnstnsttct.
1003 209 1033 223 ·-
1047 180 1134 240 elas
1152 182 1173 239 l.
1189 213 1223 232 -.
1237 182 1299 241 tte.
1320 175 1340 239 l.
1748 181 1785 241 dt

96 321 178 378 super
205 304 332 379 lapidem
350 305 508 365 resolutum
528 322 543 362 a
568 311 774 373 nrcnumento,
797 307 831 363 ite
857 324 915 377 qno
928 311 1045 393 rquartu
1059 313 1122 375 istc,
1139 317 1225 366 ctaon
1239 310 1382 366 credebaut
1397 306 1517 365 titanis
1532 308 1562 364 et
1575 306 1681 365 dareris
1693 311 1777 363 attes-

98 401 200 472 rngelo
222 404 345 457 numni
367 401 515 458 llnttbaeus
541 405 570 456 et
588 402 722 457 Marciis:
750 405 822 458 Tune
844 403 916 456 dicit
967 410 1051 461 tatur.
1069 406 1138 460 Nam
1154 404 1610 477 postquamcommernoravitsas
1624 407 1780 459 trementes

99 499 131 549 eis
145 512 152 549 :
165 497 262 553 Nalm
276 499 379 559 mmm,
403 513 455 552 uos.
478 496 539 553 Seio
557 498 629 552 mim
647 497 721 567 quod
748 507 849 557 lesura,
869 498 918 567 qui
967 503 995 556 et
1010 503 1171 572 paventesa
1199 501 1388 555 monumento
1415 499 1516 568 exisse,
1533 502 1563 553 et
1576 496 1687 553 nemini
1700 496 1780 569 quid-

99 592 243 658 emcifieus
265 597 314 653 est,
337 593 471 662 quaeritis.
496 593 555 647 Non
575 596 614 646 est
634 589 823 657 bicrsusreeit
845 592 916 645 euim
966 610 1052 666 qnam
1089 593 1208 660 dixisse,
1252 593 1382 665 adjunxit
1416 592 1492 666 quod
1532 608 1686 663 resurgens
1725 592 1778 646 llo·

98 691 160 739 sicut
183 685 268 741 dieii.
296 688 393 743 Vertite
409 691 433 741 et
452 686 542 741 uidete
562 685 649 740 locum
670 685 718 740 ott
735 686 840 757 positus
856 688 916 739 erui
967 688 1062 744 minns
1085 689 1252 764 apparuerit
1286 705 1372 743 mane
1402 688 1494 759 prima
1537 687 1654 743 Sabbati
1687 684 1779 757 primo

99 781 238 835 maus.
258 782 357 836 Btcito
379 785 472 836 euntes
495 780 576 835 dicite
603 779 746 850 discipulis
770 779 828 848 mus
849 780 915 848 qula
966 782 1059 839 Meriae
1086 782 1271 855 llagdalense,
1293 782 1327 836 de
1351 798 1408 853 qua
1433 782 1558 853 ejecerat
1586 785 1696 852 septem
1724 779 1778 833 da-

98 877 263 938 rnumaitr
279 880 305 930 et
320 891 376 930 esee
390 874 519 946 precedit
532 889 576 929 ros
592 876 621 928 in
635 873 788 931 deliteam.
802 872 843 929 lbi
855 886 916 926 euru
966 876 1078 944 monim
1091 877 1199 948 etquis
1215 876 1262 931 illu
1288 877 1393 932 vadens
1409 875 1550 930 nuntiavit
1574 874 1618 940 iis,
1637 873 1685 945 qni
1712 888 1777 927 cirin

97 967 240 1034 ridellum
254 984 312 1024 eme
331 970 452 1038 predict
463 969 545 1023 notis.
561 965 671 1033 Quibus
685 964 788 1021 similia
807 966 916 1021 Marone
966 987 1001 1026 eo
1015 969 1139 1038 fuerant,
1152 969 1317 1042 lugentibus
1335 972 1363 1024 et
1385 969 1533 1035 flentibus;
1550 974 1579 1023 et
1594 969 1663 1040 quia
1675 966 1714 1022 illi
1730 981 1778 1022 au·

97 1078 210 1135 quoque
230 1080 288 1118 non
303 1062 390 1117 tacuit
408 1062 531 1127 (licita,
552 1077 643 1126 xxvrn,
658 1064 721 1129 t·7;
742 1063 841 1121 tiara,
860 1075 914 1129 xvi,
966 1064 1077 1119 dientes
1092 1063 1169 1136 quod
1191 1063 1297 1119 viveret
1311 1071 1339 1118 et
1354 1063 1428 1118 visus
1447 1062 1568 1118 essetab
1583 1078 1626 1130 eo,
1641 1077 1700 1117 non
1720 1078 1778 1116 ere·

100 1162 161 1210 li·-
966 1157 1111 1213 diderunt.
1123 1158 1196 1213 Sane
1207 1157 1353 1213 Matthaeus
1363 1157 1452 1212 etiarn
1463 1153 1531 1210 illud
1543 1154 1672 1221 inscruit,
1686 1155 1778 1210 abscr-

130 1275 143 1298 κ
172 1252 218 1306 ad
243 1252 303 1306 hmo
328 1251 414 1306 verba
432 1251 530 1315 llariu,
554 1251 622 1305 darm
649 1251 740 1315 lleret,
770 1246 917 1304 inclinavit
967 1251 1101 1307 dentibus
1122 1251 1298 1317 mulieribus,
1312 1267 1376 1322 quia
1402 1250 1451 1306 illa
1477 1251 1575 1306 omnia
1598 1248 1728 1305 viderant
1750 1252 1779 1302 et

98 1360 134 1412 se,
157 1352 187 1399 et
207 1347 354 1417 prospexit
376 1346 405 1401 in
434 1347 674 1411 monumentum3
704 1349 732 1399 et
750 1342 820 1398 vidit
844 1342 915 1397 dnos
965 1344 1126 1411 audierant,
1142 1346 1251 1401 venisse
1266 1345 1354 1401 etiarn
1377 1344 1516 1418 quosdam
1541 1340 1777 1399 incivitatemde

98 1440 232 1509 angelos.
259 1439 330 1495 sicut
357 1439 426 1495 dicit
449 1440 592 1501 loannes,
617 1439 644 1492 in
673 1436 744 1491 albis
771 1437 914 1502 sedentes,
966 1438 1021 1494 illis
1034 1440 1198 1496 custodibus
1213 1441 1261 1513 qui
1276 1440 1354 1495 velut
1370 1439 1476 1495 mortui
1489 1440 1651 1511 Jacuerant,
1665 1441 1694 1492 et
1708 1453 1778 1491 nun·

98 1550 182 1588 nonin
211 1533 249 1588 ad
277 1542 371 1605 eaput,
387 1536 416 1589 et
438 1549 527 1588 unum
548 1532 583 1587 ad
611 1531 771 1604 pedes,nbi
793 1531 914 1603 positum
965 1535 1050 1590 tiasse
1080 1534 1256 1607 principibus
1280 1535 1456 1590 sacerdotum
1484 1532 1583 1589 omnia
1614 1548 1679 1603 qne
1705 1531 1779 1587 lacta

99 1630 187 1683 iuerat
203 1643 312 1700 corpus
338 1628 415 1683 lesu.
442 1629 539 1683 liicurrt
567 1627 593 1680 ei
611 1644 618 1680 :
639 1626 739 1681 Mulier
758 1625 831 1695 quid
853 1625 912 1695 plo·
965 1633 1058 1698 erant,
1081 1646 1114 1683 ee
1141 1628 1246 1684 scillcet
1261 1645 1325 1700 qnae
1341 1627 1380 1683 illi
1397 1628 1502 1683 sentire
1522 1631 1680 1699 potuerunt
1688 1643 1697 1695 ;
1714 1625 1776 1680 illos

101 1724 163 1777 sust
193 1725 265 1778 uicit
293 1725 330 1778 eis
355 1737 363 1775 r
391 1722 460 1790 Quin
491 1720 613 1775 tulerunt
641 1722 781 1775 nomnium
808 1688 1231 1794 menm.Bverocougregatcs
1246 1739 1309 1777 curn
1330 1723 1500 1790 senioribus,
1517 1721 1776 1791 consilioaeceptc,

98 1823 119 1869 d
140 1819 228 1872 nmio
248 1817 297 1871 nbi
315 1821 467 1887 posueram
492 1830 561 1871 cum.
581 1814 630 1869 llic
648 1812 827 1884 intelligendi
847 1814 914 1867 sunl
966 1817 1115 1888 pecuniam
1138 1817 1280 1888 copiosam
1304 1817 1414 1872 dedisse
1440 1816 1587 1883 militibus,
1604 1820 1634 1871 ut
1649 1814 1778 1870 dicerent

98 1911 252 1966 surrexisse
267 1909 374 1981 angeli,
393 1914 424 1965 ut
437 1909 525 1965 etiam
538 1911 647 1965 stantes
663 1907 829 1962 viderentur
843 1906 914 1961 sicut
964 1911 1041 1984 quod
1061 1911 1192 1983 discipuli
1213 1913 1274 1982 ejus
1301 1911 1393 1982 ipsum
1414 1910 1500 1966 l'urall
1515 1915 1613 1966 essent
1631 1909 1686 1964 illis
1712 1908 1776 1964 dor·
1860 1890 1867 1905 ⁸

97 2022 142 2059 cos
166 2005 257 2059 Lucas
273 2003 345 2058 visos
370 2003 458 2058 inisse
478 2004 697 2068 commemorat,
713 2006 742 2056 et
762 1999 867 2056 dixisse
882 2000 914 2054 ti·
964 2005 1133 2074 mieutibus;
1148 2004 1406 2077 pollicentesetiam
1420 2005 1628 2060 securitateme
1641 2001 1777 2076 praeside,

97 2099 238 2153 inentibus
252 2097 380 2166 leminis,
397 2101 426 2152 et
445 2098 553 2153 vultum
569 2096 598 2150 in
620 2101 727 2152 terram
745 2094 914 2152 declinanti-
964 2099 1013 2172 qui
1028 2115 1074 2155 eos
1087 2100 1217 2155 custodes
1229 2099 1354 2163 dedemt,
1371 2105 1400 2154 ot
1426 2099 1487 2153 illos
1512 2103 1627 2170 accepta
1655 2095 1778 2168 pecnnia

94 2193 143 2248 bus
160 2209 167 2246 :
187 2192 263 2259 Quid
275 2194 402 2262 queritis
421 2194 554 2246 uiuentem
574 2207 633 2246 muri
656 2192 769 2246 rnortra's
782 2191 796 2243 t
809 2205 862 2244 nori
874 2194 913 2246 est
963 2194 1062 2249 iecisse
1084 2193 1155 2249 sicut
1181 2199 1261 2249 erant
1283 2193 1376 2260 ductii
1398 2193 1635 2265 divulgatumque
1658 2190 1777 2248 verbum

94 2287 213 2348 111,κά
236 2288 366 2341 rurscam
392 2285 580 2341 Recordsuuini
602 2284 720 2356 pariliter
745 2284 850 2338 locutus
874 2289 912 2338 cet
964 2287 1037 2342 istud
1054 2288 1129 2360 apud
1147 2287 1260 2342 ludaeos
1285 2304 1372 2360 usqne
1388 2288 1418 2342 in
1433 2287 1605 2343 hodiernum
1621 2285 1709 2340 diern.
1725 2285 1778 2340 Ln-

96 2383 238 2436 r-ebiscum
254 2379 389 2435 edbucin
411 2379 525 2438 dirlileu
539 2385 614 2439 esset,
635 2378 725 2433 damas
743 2380 810 2449 quic
831 2394 910 2448 apur-
963 2398 1009 2438 eas
1022 2382 1100 2437 solus
1112 2384 1238 2453 quatuor
1248 2381 1490 2453 evangelistarum
1503 2397 1562 2435 non
1577 2379 1776 2435 dicitamulie·

95 2475 250 2531 militium
265 2473 471 2529 bmniuistrudi
490 2475 518 2527 in
542 2488 639 2527 maueu
664 2473 799 2528 homiuum
817 2487 911 2542 peccc-
963 2475 1041 2530 ribus
1066 2475 1154 2530 visum
1177 2475 1343 2542 beluinum,
1361 2475 1408 2530 sed
1430 2474 1626 2529 tantummodo
1646 2471 1775 2544 angelos.

94 2576 193 2630 tanim,
207 2574 234 2623 et
252 2570 383 2637 cruciligi,
396 2573 422 2622 et
435 2569 479 2622 die
503 2569 584 2622 tertia
606 2580 753 2636 restituere.
768 2568 801 2623 Et
825 2581 909 2620 recor·
962 2570 1111 2625 ldattbrens
1124 2573 1221 2624 aulem
1243 2569 1321 2636 dicit,
1335 2567 1412 2639 qnod
1433 2569 1472 2623 eis
1492 2584 1508 2623 a
1531 2569 1718 2622 rnonnniento
1735 2583 1777 2620 re·

91 2665 239 2718 detereret
258 2663 400 2718 cerberum
416 2660 472 2730 ejsu
485 2662 573 2730 (bric,
589 2676 661 2722 xxiv,
679 2663 721 2716 ts
733 2677 740 2725 ;
753 2663 845 2722 locria,
864 2675 910 2726 xx,
962 2663 1117 2719 deuntibns
1143 2663 1313 2720 occurrerit.
1338 2662 1446 2719 Marcus
1459 2662 1526 2718 dicit
1551 2677 1666 2734 quoque
1681 2659 1775 2732 primo

95 2758 177 2819 r-tsi.
962 2758 1051 2813 visum
1065 2773 1125 2813 esse
1140 2756 1231 2812 narie
1244 2756 1427 2828 Magdalenae,
1441 2756 1513 2811 sient
1528 2759 1558 2810 ct
1570 2755 1703 2810 loannes.
1718 2752 1775 2809 Sed

128 2873 142 2898 a
157 2852 222 2906 Post
237 2850 298 2904 baec
315 2852 407 2905 Herio
426 2864 552 2906 emnerse
567 2855 605 2905 est
625 2851 781 2911 retrorsum,
800 2849 912 2905 stridit
961 2851 1103 2924 quomodo
1126 2850 1152 2906 ei
1173 2850 1207 2904 sit
1228 2850 1302 2905 visus
1322 2866 1378 2904 non
1399 2847 1569 2921 dicitquod
1591 2846 1776 2920 explicatnra

89 2951 181 3000 tm
199 2950 329 3005 sianum,
349 2944 422 2998 sicut
448 2943 520 2999 dixit
538 2946 672 3012 loannes,
691 2949 717 2998 et
742 2958 795 2998 rica
811 2944 911 2999 sciebat
960 2945 1200 3015 lcarrneillattlv„
1214 2959 1307 3009 xxnn,
1323 2945 1402 3011 8453
1416 2944 1514 3003 lisera,
1528 2958 1585 3005 xvi,
1600 2943 1657 2997 s-tt
1673 2957 1680 3005 3
1698 2943 1773 3002 buc..

90 3041 157 3111 φάο
176 3048 252 3097 iesus
274 3045 324 3094 est.
344 3040 418 3094 uicit
439 3040 465 3092 ei
482 3039 557 3093 lesus
571 3054 579 3093 :
593 3039 692 3093 Mutua
711 3037 779 3107 quid
797 3037 949 3135 ptoreslc
963 3055 1033 3105 xxxv,
1048 3040 1128 3103 alm
1143 3045 1234 3101 terrra,
1250 3054 1294 3107 xx,
1312 3039 1390 3093 ttts
1405 3037 1483 3108 [llll
1495 3060 1507 3087 a

90 3131 371 3205 quemquaristlttu
391 3133 551 3188 cautinum
568 3134 633 3202 pria
656 3131 817 3187 tertulcnus
833 3138 909 3192 esset,
996 3133 1100 3189 Omnes
1120 3135 1244 3202 quatuor
1267 3131 1465 3202 evangeliste,
1485 3131 1557 3186 sicut
1581 3130 1608 3184 in
1630 3127 1773 3193 viminibus,

91 3230 165 3283 dicit
187 3229 214 3282 ei
229 3244 236 3280 :
252 3227 375 3289 bominac,
397 3229 423 3280 si
444 3231 474 3280 tu
496 3226 633 3282 sustulisti
650 3241 720 3287 eum,
744 3225 826 3280 dicito
844 3226 912 3280 miti
961 3243 1025 3298 que
1047 3226 1232 3297 omnipotens
1252 3226 1417 3280 Emmanuel
1440 3225 1592 3305 [scitante
1613 3221 1773 3296 passionem

91 3324 140 3376 ubi
149 3323 271 3392 pessimi
287 3336 357 3381 min,
373 3327 399 3375 et
417 3336 464 3389 eqo
478 3335 539 3374 eum
555 3319 658 3374 tellam.
682 3320 795 3374 llicitei
813 3326 908 3376 lesus:
960 3336 1054 3386 stram,
1068 3319 1208 3376 veraciter
1225 3320 1376 3376 celerando
1395 3318 1586 3385 ccrrcordaut3
1608 3317 1648 3371 sic
1669 3315 1773 3372 nibilo-

90 3417 198 3472 mmo!
217 3414 351 3471 conuerso
372 3413 435 3477 illu,
457 3413 530 3468 dicit
543 3429 550 3467 :
565 3412 698 3474 bobboni,
718 3412 791 3483 qued
810 3412 912 3468 dicitur
962 3414 1060 3469 minus
1076 3413 1387 3486 resurrectionemque
1403 3411 1637 3469 etascensionem
1661 3427 1775 3466 conccr·
1856 3448 1860 3455 -

88 3512 227 3580 mogum.
243 3510 320 3563 utcu
340 3510 365 3562 ei
382 3512 458 3563 desire
475 3523 481 3561 :
496 3507 560 3563 Noli
576 3523 618 3562 me
640 3512 760 3576 tanqam.
780 3506 909 3563 Nondum
961 3508 1039 3562 diter
1060 3511 1207 3575 enarrent,
1230 3507 1381 3581 deciesque
1395 3506 1551 3563 Dominum
1566 3522 1582 3561 a
1598 3504 1717 3561 mortuis
1731 3520 1774 3557 re-

89 3607 161 3658 mim
173 3602 287 3658 ascendi
299 3603 337 3656 ud
354 3604 464 3658 Patrem
481 3617 577 3657 meum.
602 3601 678 3656 Vade
697 3605 787 3656 cutem
799 3601 836 3655 ad
851 3602 910 3668 irc·
960 3607 1125 3672 surgentem
1136 3601 1225 3657 visum
1239 3618 1300 3657 esse
1313 3601 1349 3656 ab
1360 3600 1522 3656 bominibus
1533 3601 1771 3655 commemorant.

92 3706 145 3754 tres
166 3713 250 3760 mem,
265 3703 291 3751 et
312 3696 357 3751 dic
376 3699 416 3751 eis
433 3695 576 3752 :Ascendo
598 3695 755 3750 ndPutrem
780 3710 867 3750 meum
885 3700 911 3750 et
996 3694 1090 3750 Semel
1107 3695 1141 3750 ad
1168 3700 1388 3750 monumentum
1411 3693 1591 3759 midieribus,
1614 3707 1710 3746 rursus
1724 3689 1774 3745 eis-
1868 3682 1871 3687 ’

92 3795 199 3849 Putrem
219 3796 349 3849 restrum,
363 3791 401 3845 od
419 3793 502 3846 neem
522 3805 610 3844 meum
632 3795 656 3844 et
679 3792 762 3845 Deum
781 3793 908 3845 vestrum.
960 3788 1027 3845 dem
1042 3790 1072 3844 in
1083 3789 1185 3846 itinere
1200 3805 1217 3844 a
1230 3792 1417 3845 monumento
1431 3785 1669 3860 regredientibus,
1690 3783 1774 3840 tertio

90 3888 168 3941 lunc
187 3901 305 3958 egresse
333 3888 411 3939 esta
435 3889 635 3950 nronnmentc,
660 3883 713 3938 hoe
738 3886 781 3938 est
801 3882 837 3938 ab
862 3882 910 3937 illo
960 3883 1067 3938 Simoni
1080 3884 1163 3938 Petro
1175 3883 1323 3955 apparuit;
1337 3883 1413 3955 quod
1436 3882 1457 3936 si
1469 3880 1644 3954 evengelista
1656 3879 1772 3953 quando

89 3982 153 4036 loco
168 3979 218 4035 ubi
233 3981 297 4034 erat
311 3977 387 4033 borti
400 3977 526 4049 spatium
538 3980 605 4032 ante
617 3975 741 4048 lapidem
755 3976 908 4044 effossum3
961 3978 1002 4031 vel
1024 3976 1073 4033 nbi
1085 3977 1192 4033 lactum
1212 3977 1248 4033 sit
1273 3993 1330 4032 non
1354 3976 1557 4049 designaverit,
1582 3979 1680 4030 minen
1706 3975 1772 4046 quia

90 4080 119 4130 et
133 4073 208 4138 aliae,
224 4089 306 4145 quas,
320 4071 479 4127 secundum
493 4072 629 4138 Marcum,
647 4070 789 4126 invaserat
801 4075 910 4126 tremor
960 4071 1065 4127 lactum
1079 4072 1115 4127 sit
1129 4071 1235 4145 liquido
1249 4070 1392 4127 describit.
1412 4071 1520 4136 Quarto
1533 4069 1644 4125 dnobus
1667 4068 1696 4124 iu
1716 4084 1772 4124 eas·

89 4175 118 4224 et
136 4161 237 4240 pavor,
258 4183 324 4222 enm
344 4165 406 4234 illa3
421 4172 450 4222 et
470 4164 577 4220 nemini
593 4163 748 4236 quidquem
767 4163 907 4220 dicebant.
960 4165 1057 4221 tellum
1079 4167 1210 4221 Emmaus
1231 4165 1374 4236 euntibus,
1395 4164 1423 4221 in
1446 4165 1501 4220 alia
1524 4164 1629 4237 effigie,
1650 4178 1686 4220 ue
1708 4179 1772 4234 ecg-

89 4263 249 4333 tuncjam,
265 4259 424 4316 secundnm
437 4259 612 4326 ltattlraenm,
627 4274 683 4314 ecce
699 4269 774 4317 iesus
791 4261 909 4314 occumit
958 4263 1134 4329 nosceretur,
1162 4260 1309 4333 apparuit;
1337 4263 1367 4314 ut
1404 4258 1572 4333 peregrinus
1604 4258 1644 4313 eis
1669 4257 1699 4313 in
1729 4258 1771 4310 viu

91 4357 157 4419 illis,
175 4356 286 4411 diceus:
302 4358 396 4411 nnete.
415 4353 475 4410 lile
489 4357 579 4408 auten
596 4358 799 4408 rrcmmesuutet
821 4357 908 4408 tenue·
958 4352 1120 4421 comitatus,
1134 4353 1256 4410 tristitiae
1268 4353 1640 4426 querimoniaequecausam
1650 4350 1770 4425 inquisi-

92 4454 153 4504 ruat
165 4449 250 4520 pedes
262 4447 320 4517 eius
340 4453 366 4503 et
384 4448 569 4502 adorauerunt
585 4461 655 4501 eum.
672 4445 716 4500 Sic
728 4445 807 4502 enim
831 4426 947 4501 colli-D
958 4446 1012 4515 vit3
1025 4447 1178 4520 auditoque
1191 4465 1208 4503 a
1219 4447 1346 4521 Clecpba
1360 4448 1486 4503 lamento
1499 4446 1769 4507 detesuNazareno,

94 4545 187 4615 girum
201 4548 231 4599 ct
247 4543 418 4614 angelcmm
437 4540 637 4596 allocutionem
655 4539 699 4594 bis
722 4555 843 4595 numero
860 4556 909 4595 aas
958 4541 1007 4612 qui
1025 4540 1079 4597 fuit
1096 4541 1139 4596 vir
1155 4542 1306 4613 propbeta,
1320 4545 1422 4613 potens
1435 4541 1464 4595 in
1486 4555 1571 4610 opere
1591 4542 1621 4592 et
1637 4553 1771 4593 sermone

95 4638 224 4693 babuisse
244 4636 392 4690 venientes
411 4634 447 4689 ad
467 4638 701 4700 monumentum,
716 4633 843 4704 etipsins
858 4635 910 4689 ltu·
958 4651 1055 4689 coram
1071 4637 1127 4690 lieo
1142 4639 1171 4690 et
1182 4635 1259 4690 omni
1276 4635 1390 4707 populo,
1405 4639 1433 4689 at
1451 4632 1486 4688 de
1502 4630 1684 4687 damnatione
1698 4630 1770 4702 ejus,

93 4732 177 4787 mini.
188 4729 285 4788 &mel
300 4728 408 4784 scilieet
421 4727 477 4783 illic
492 4727 608 4799 quando
622 4727 706 4783 llaria
724 4726 907 4782 hortulanum
958 4745 1005 4783 eos
1024 4729 1069 4801 pie
1085 4729 1257 4802 increpavit;
1280 4727 1417 4801 incipiens
1438 4744 1454 4782 a
1478 4727 1569 4798 lloyse
1586 4729 1614 4780 et
1638 4724 1772 4781 omnibns

92 4824 209 4897 putavit,
224 4822 462 4880 etnuncilernm
477 4821 506 4877 in
522 4821 575 4889 via,
590 4821 863 4890 cumeisocourrit3
879 4826 909 4875 nt
958 4822 1106 4896 prophetis
1140 4823 1299 4895 Scripturas
1329 4821 1509 4894 explanavit,
1538 4824 1700 4894 tractusque
1734 4821 1771 4876 ed

92 4920 208 4990 easipsa
219 4916 541 4989 repetitionellrmaret,
556 4915 780 4988 atqueatimcre
793 4931 906 4970 recrea·
957 4917 1112 4990 hospitium
1140 4934 1206 4973 cum
1229 4917 1269 4972 eis
1296 4916 1435 4985 recubuit,
1459 4916 1487 4972 in
1515 4915 1644 4972 convivio
1667 4932 1770 4988 panern

93 5018 144 5068 ret
161 5012 367 5082 lbaemgouit
383 5011 440 5066 illis
455 5010 566 5067 :Nolite
590 5011 692 5064 timere.
708 5009 759 5071 lte,
781 5010 908 5064 cantune
959 5011 1079 5083 aceepit,
1095 5010 1250 5078 benedixit,
1264 5011 1361 5083 tregit,
1373 5010 1509 5083 porrexit,
1521 5015 1550 5066 et
1560 5011 1657 5067 oculos
1670 5026 1770 5065 eorum
1860 5034 1864 5045 ·

90 5108 225 5172 partribus
236 5107 302 5162 neeis
314 5110 345 5161 ut
357 5109 422 5161 eant
434 5106 465 5159 in
480 5103 632 5161 deliteam.
646 5102 689 5158 lbi
706 5118 748 5158 me
767 5102 905 5158 videbunt.
956 5106 985 5161 in
1000 5096 1139 5162 fractione
1156 5105 1237 5176 panis
1249 5105 1285 5160 ad
1298 5107 1512 5177 agnoscendum
1525 5122 1553 5160 se
1567 5104 1691 5178 aperuit,
1707 5120 1772 5176 cog·

95 5205 174 5258 Venit
192 5215 256 5270 erpo
278 5200 371 5257 licerio
389 5198 547 5267 llopdctene
569 5199 744 5251 annuntians
767 5196 907 5267 discipulis
958 5199 1089 5271 nilusque
1119 5216 1182 5254 mox
1213 5215 1246 5255 ax
1274 5198 1363 5255 ccirlis
1384 5216 1485 5255 eorsum
1511 5199 1636 5255 evannit.
1663 5200 1769 5262 Quinto

89 5299 155 5367 quie
174 5295 246 5351 uidit
266 5296 420 5355 bominum,
443 5298 468 5347 et
493 5290 548 5346 bec
568 5291 593 5345 ei
615 5290 704 5358 dicit3
732 5306 790 5345 non
812 5290 904 5345 solum
955 5291 1084 5364 pluribus
1098 5293 1128 5348 iu
1141 5294 1307 5363 ierusalem,
1322 5297 1353 5348 ut
1374 5293 1462 5348 lncas
1485 5296 1514 5348 et
1533 5294 1658 5348 ioannes
1675 5282 1788 5364 perbi?

90 5394 161 5462 ipsa,
180 5387 232 5445 sed
253 5391 284 5444 et
306 5387 380 5454 elice,
404 5400 476 5458 quas
496 5386 583 5441 Lucas
605 5391 818 5440 commemorat.
842 5386 906 5450 oue
955 5387 1033 5453 bent,
1048 5402 1112 5442 sero
1126 5388 1316 5458 congregatis,
1330 5388 1379 5443 ubl
1392 5404 1449 5443 non
1468 5394 1530 5442 erat
1544 5387 1677 5453 Thomas,
1690 5389 1770 5444 lesus

90 5487 286 5540 nummum
303 5483 358 5538 lime
370 5481 510 5552 discipulis
527 5480 654 5534 undecim
670 5484 696 5535 et
707 5481 809 5535 ceteras
820 5482 906 5534 omui·
951 5480 1049 5551 januis
1063 5480 1166 5535 clausis
1181 5480 1304 5547 intravit,
1321 5498 1421 5537 manns
1435 5486 1464 5536 et
1486 5482 1557 5536 latus
1572 5481 1612 5536 eis
1633 5481 1768 5547 ostendit,

88 5580 145 5636 tus.
183 5579 219 5633 Et
244 5576 305 5632 uiso
327 5580 393 5631 sient
423 5580 486 5629 ente
511 5573 572 5628 illes
595 5575 665 5628 sicut
695 5573 905 5629 deliramentum
953 5578 1124 5647 partemque
1145 5574 1227 5646 piscis
1251 5575 1472 5641 castellarum
1496 5576 1588 5631 mellis
1608 5592 1706 5632 coram
1729 5577 1769 5631 eis

118 5774 170 5839 [ist
183 5773 214 5828 8.
231 5776 347 5839 august
366 5774 402 5824 De
416 5784 542 5824 musanen
554 5782 648 5835 eoonp.
665 5769 734 5837 opp.
753 5773 772 5821 t.
787 5769 834 5834 111,
847 5774 916 5837 part.
929 5772 951 5833 1,
970 5771 1022 5825 col.
1041 5771 1110 5839 mur,
1128 5771 1297 5844 l’ctrctoqie,
1311 5778 1332 5826 t.
1346 5772 1481 5830 tutti.
