3750 6046
10 40 32 209 {j-
71 168 140 229 ΜΗ
1677 166 1746 227 tota
1797 210 1800 215 -

17 304 25 315 ¹
57 293 243 365 exhiberent,
257 309 310 351 nee
330 292 387 350 ulto
402 292 875 368 ulteriustemparepostltallandi
886 307 917 382 Α
960 295 1021 368 Ege
1048 292 1180 351 Aonidas
1193 290 1354 366 'presbyter
1380 289 1529 349 cardinalis
1554 290 1631 350 titali
1641 290 1669 347 S.
1683 288 1742 347 Pri·

17 452 20 457 ,
56 386 182 456 obitum,
202 386 252 460 qui
273 391 341 443 tunc
363 386 476 443 [tolensi
498 387 624 444 ecclesiae
644 388 825 460 praesidebat,
839 389 876 446 ad
928 405 997 445 sca.

23 486 26 491 '
55 480 147 554 pallei
163 497 247 536 nsum
270 480 400 537 italensis
425 481 575 554 episcopas
594 481 741 561 aspiraret.
755 482 795 540 ad
816 483 878 539 base
963 484 1023 554 Ego
1043 485 1166 541 ioannes
1184 479 1335 554 presbyter
1354 478 1507 538 cardinalis
1525 479 1571 537 SS.
1585 478 1746 537 loanniset

10 556 20 567 ’
53 590 124 631 vero
149 574 277 631 italensis
297 574 368 631 nihil
392 575 469 648 qued
499 576 609 632 ratione
628 575 781 632 subnixum
803 580 878 633 esset
927 577 1016 647 Pauli,
1031 575 1308 635 tituliPammacbii.

55 669 219 741 respondit,
237 684 289 727 nce
307 672 418 741 partem
433 685 514 725 suam
535 669 654 743 alicujus
669 670 789 728 Romani
803 688 877 744 pen·
965 672 1023 745 ligo
1049 670 1169 727 Cercius
1188 669 1335 741 presbyter
1352 665 1503 725 cardinalis
1530 667 1606 725 tituli
1626 670 1654 726 S.
1669 668 1743 723 Lau-

55 762 145 819 uncis
157 762 325 819 auctoritate
343 762 416 818 tueri
427 763 646 835 patuitnudius
656 763 753 837 itaque
772 765 877 821 utrius·
927 764 1013 821 rentii
1023 764 1055 820 in
1069 763 1186 821 Lucina.

56 871 117 931 qne
130 856 220 929 partis
240 855 467 928 allegationibus,
481 861 510 913 et
539 857 651 930 scriptis
683 859 877 915 Romanorum
963 859 1023 931 Ego
1045 857 1106 915 Ode
1129 857 1267 913 diaconus
1287 855 1441 912 cardinalis
1454 857 1483 914 S.
1504 855 1618 929 Georgii
1639 853 1674 910 ad
1693 854 1745 909 ve·

54 949 227 1024 pontificum
249 966 283 1006 ex
306 954 385 1021 parte
409 950 580 1006 Turonensis
602 950 727 1008 ecclesiae
746 952 877 1021 {studiose
926 953 988 1007 lum
999 954 1138 1008 Aureum.

56 1042 207 1117 inspectis,
221 1043 355 1116 praelatus
372 1043 561 1116 predecessor
573 1050 753 1118 nesterpapa
764 1045 876 1115 lucius,
963 1048 1023 1116 Ego
1053 1043 1219 1117 Rodulpbus
1234 1043 1368 1100 diaconus
1393 1043 1543 1100 cardinalis
1555 1045 1583 1102 S.
1599 1043 1694 1101 Lucia
1714 1043 1743 1100 in

57 1137 274 1193 communicate
289 1136 408 1192 coasilio
422 1137 451 1193 in
469 1153 609 1194 consensu
623 1138 744 1194 fratrum
761 1154 878 1195 suorum
928 1138 1016 1211 Septa
1028 1139 1103 1194 selis.

57 1231 271 1304 episcoporum,
295 1231 536 1303 presbyterorum,
553 1235 582 1287 et
603 1232 791 1289 diaconorum
815 1248 876 1289 car·
963 1235 1023 1305 Ego
1048 1231 1199 1304 Gregorius
1224 1231 1364 1287 diaconus
1394 1231 1546 1288 cardinalis
1577 1233 1604 1288 S.
1632 1230 1743 1303 Angeli.

57 1324 212 1393 dinalium,
225 1331 254 1380 et
272 1324 428 1380 multorum
456 1325 575 1382 alierum
597 1326 748 1395 nobilium,
773 1329 876 1384 Roma·
964 1328 1023 1398 Ego
1044 1324 1135 1383 Guide
1154 1324 1292 1381 diaconus
1308 1324 1459 1382 cardinalis
1477 1326 1505 1383 S.
1519 1324 1612 1381 Mariae
1629 1324 1659 1381 in
1674 1325 1743 1381 Por-

57 1434 169 1476 norum
184 1418 296 1488 civium,
305 1419 437 1475 eamdem
446 1419 616 1476 sententiam
630 1420 794 1477 auctoritate
807 1437 876 1493 apo·
929 1419 997 1475 ticu.
1720 1436 1723 1441 ’

57 1512 163 1568 etolica
183 1512 380 1581 confirmavit,
407 1515 435 1569 et
458 1519 516 1568 tam
540 1513 767 1587 archiepiscopus
792 1530 878 1587 quam
963 1515 1022 1585 Ege
1045 1513 1167 1568 ioannes
1193 1510 1329 1567 diaconus
1356 1511 1508 1569 cardinalis
1529 1515 1576 1572 SS.
1603 1510 1695 1584 Sergii
1716 1513 1745 1568 et

56 1607 255 1663 Turonensem
283 1606 429 1662 ecclesiam
459 1606 495 1662 de
525 1607 651 1679 ipsorum
681 1607 879 1680 episcoporum
930 1607 1043 1662 Bacchi.

56 1698 228 1757 ohedientia
248 1700 364 1773 propria
386 1716 473 1755 manu
493 1717 546 1772 per
570 1701 702 1757 baculum
724 1679 918 1758 investivitss
965 1703 1024 1773 Ege
1045 1700 1105 1757 Ode
1131 1699 1269 1757 diaeonus
1289 1700 1442 1757 cardinatis
1464 1702 1492 1761 S.
1514 1699 1620 1758 Nicotai
1637 1699 1744 1756 incar·

55 1792 234 1865 Praecipiens
255 1793 340 1865 juxta
362 1793 490 1865 ejusdem
518 1794 666 1850 sententie
688 1798 829 1865 tenerem,
846 1801 879 1851 ut
929 1811 994 1851 cere
1007 1793 1147 1850 Tulliano.

56 1890 121 1942 tam
147 1885 275 1942 [telensis
302 1903 388 1958 qiram
414 1886 540 1942 universi
565 1887 699 1960 deinceps
723 1888 876 1944 Buteoniae
966 1887 1403 1961 Datumlateranipermanum
1418 1887 1548 1957 Relandi,
1563 1888 1592 1944 S.
1607 1888 1744 1944 Romanas
1859 1956 1863 1963 .

56 1978 201 2035 citerioris
226 1978 349 2051 episcopi
378 1980 535 2035 anoneusi
570 1981 706 2051 ecclesiae,
737 1986 877 2055 munnam
927 1983 1060 2039 ecclesia
1095 1981 1253 2055 presbyteri
1275 1981 1426 2038 cardinalis
1453 1985 1482 2038 et
1507 1980 1688 2049 canceltarii,
1727 1996 1745 2035 v

57 2072 215 2145 metropoli
230 2073 364 2144 proprias,
376 2073 540 2145 subjaceant
552 2077 582 2129 et
599 2073 724 2131 debitam
738 2075 876 2132 obedien·
927 2077 1019 2132 Nonas
1028 2075 1130 2145 llartii,
1147 2075 1303 2131 indictione
1317 2093 1348 2146 n,
1366 2075 1568 2132 incarnationis
1588 2073 1744 2131 Dominicis

56 2167 181 2223 tiamne
200 2166 386 2222 reverentiam
406 2166 554 2224 humiliter
571 2167 727 2225 exhibeant
744 2187 752 2224 r
767 2169 876 2224 nullus·
927 2184 1002 2225 anne
1026 2170 1104 2236 tina,
1132 2167 1311 2239 pontificatus
1333 2184 1401 2224 vere
1425 2167 1525 2224 domni
1544 2166 1687 2223 anastasii
1711 2166 1745 2223 tv

565 170 740 229 EPISTOLAE
758 172 801 230 ET
820 168 1022 230 pervicacia.
1040 196 1077 214 -
1095 170 1151 228 ΑΝ.
1172 167 1251 226 llil.

59 2276 120 2333 que
143 2259 178 2315 de
194 2262 297 2316 caetero
319 2260 445 2316 tielensis
468 2261 617 2334 episcopus
638 2262 673 2317 ad
693 2262 776 2335 pallei
796 2280 877 2319 usum

59 2353 190 2426 aspirare
204 2359 357 2426 presumat
363 2372 372 2424 ;
389 2355 439 2410 sed
463 2354 535 2410 sicut
545 2355 607 2426 jam
624 2355 733 2411 dictum
752 2362 807 2425 est,
827 2358 877 2413 Tn-

58 2463 216 2503 ronenscm
227 2446 375 2503 ecclesiam
381 2446 530 2519 propriam
545 2448 725 2520 metropolim
740 2466 877 2522 recogno-

58 2551 138 2614 scat,
162 2549 190 2601 et
215 2550 381 2602 reverenter
409 2547 436 2602 ei
461 2546 585 2602 obediat.
610 2546 735 2619 idipsum
772 2554 878 2606 sanctoe

58 2638 210 2697 memorias
224 2655 297 2712 papa
316 2639 459 2711 Eugenius
473 2641 579 2712 scripta
601 2641 644 2696 sni
657 2641 766 2714 pagina
778 2642 879 2698 contir-

59 2733 163 2789 mavit.
177 2735 231 2789 Nos
245 2733 334 2805 igitur
348 2733 396 2806 qui
408 2733 475 2790 licet
487 2734 597 2807 indigni
615 2735 644 2790 in
666 2734 733 2791 sede
747 2736 876 2808 justitiae,

58 2827 231 2899 disponente
263 2828 394 2896 Domine,
438 2828 594 2896 constituti,
624 2846 641 2884 a
673 2829 716 2884 via
748 2830 878 2887 veritatis

58 2920 176 2978 deviare
188 2937 242 2977 nec
254 2921 395 2991 volumus,
403 2938 455 2978 nec
468 2923 615 2992 debemus,
624 2925 790 2980 eorumdem
804 2941 876 2997 praa·

57 3015 241 3070 decessorum
260 3018 421 3071 nestrorum
444 3015 570 3088 vestigiis
587 3017 772 3087 inherentes,
797 3035 915 3121 eam-C
1057 3077 1062 3088 ,
1144 3077 1149 3088 ,

59 3108 128 3165 dem
152 3108 324 3164 senteutiam
342 3108 417 3165 sedis
430 3109 594 3181 apostolicos
606 3112 774 3168 auctoritate
795 3113 878 3168 nobis
928 3077 1151 3132 R⁰⁰³b⁰v¹⁵⁰¹²rt¹

57 3218 77 3259 a
112 3202 170 3257 ileo
201 3217 333 3258 concessa
360 3203 573 3273 confirmamus,
606 3204 753 3276 praesentis
779 3206 877 3278 scripti

55 3295 221 3352 munimine
233 3295 409 3351 roboramus.
426 3296 455 3353 Si
470 3314 526 3369 qua
540 3295 637 3369 igitur,
654 3302 709 3354 etc.

97 3405 123 3444 s.
144 3403 244 3445 narniis
263 3407 287 3444 s.
308 3404 420 3446 raucus.

95 3487 265 3540 Anisrnsvus
284 3499 352 3539 rara
372 3500 410 3539 vv.

95 3579 179 3634 roca
193 3580 443 3646 monogrammatis.

94 3684 207 3724 cusronr
227 3685 273 3738 us,
293 3685 402 3735 nenive,
423 3684 456 3724 ur
476 3684 606 3724 ronaaau
627 3684 717 3725 acuar.

95 3763 156 3833 Ego
172 3765 341 3819 nsisrrsrcs
355 3761 499 3817 catholicae
514 3762 645 3818 Ecclesiae
657 3762 814 3834 episcopus.

96 3856 156 3925 Ege
169 3854 317 3911 [liemarus
329 3855 506 3910 Tusculanus
521 3853 679 3927 episcopus.

96 3949 154 4020 Ege
168 3949 249 4019 iluge
262 3947 397 4004 Ostiensis
410 3947 566 4020 episcopus.

92 4042 153 4115 Ego
183 4041 334 4114 Gregorius
360 4042 509 4114 presbyter
536 4041 687 4099 cardinalis
714 4041 789 4097 tituli
819 4043 875 4098 Ca·

58 4135 132 4191 lixti.

96 4230 157 4301 Ege
170 4229 260 4285 Guido
284 4229 431 4302 presbyter
451 4229 601 4285 cardinalis
614 4229 689 4286 tituli
710 4229 739 4289 S.
758 4230 876 4304 Chryse·

59 4339 139 4396 goni.

96 4417 156 4488 Ego
170 4416 295 4498 Ubnldus
309 4417 459 4490 presbyter
476 4417 627 4474 cardinalis
642 4416 756 4475 titulis.
773 4412 916 4485 Praxo-D

56 4509 112 4566 dis.

95 4605 154 4675 Ego
177 4603 339 4661 henfredus
365 4604 515 4677 presbyter
532 4604 765 4662 cardinalistituli
783 4605 812 4663 S.
826 4605 873 4661 Sa·

59 4714 144 4753 arna.

94 4792 154 4864 Ego
167 4791 280 4848 hribert
293 4792 442 4865 presbyter
456 4792 609 4849 cardinatis
628 4793 703 4848 tituli
715 4793 741 4850 S.
755 4795 872 4850 anna-

60 4902 121 4942 sie.

94 4981 154 5052 Ege
175 4979 333 5036 Bernardus
348 4981 498 5053 presbyter
511 4980 663 5036 cardinalis
677 4980 751 5037 tituli
767 4980 795 5038 S.
811 4981 872 5037 Cle·

57 5072 175 5129 mentis.

95 5167 154 5238 Ege
190 5167 281 5223 Guido
321 5167 469 5240 presbyter
499 5167 649 5223 cardinalis
676 5168 751 5223 tituli
775 5170 872 5225 Pasto-

57 5277 108 5317 ns.
757 5307 762 5315 .

94 5354 155 5426 Ege
169 5353 310 5410 Jordanus
327 5354 476 5427 presbyter
494 5354 645 5411 cardinalis
667 5353 741 5410 tituli
756 5354 803 5412 SS.
819 5354 873 5412 Sn-

57 5463 156 5504 sannae
170 5450 200 5503 et
213 5447 374 5505 Felicitatis.

96 5543 154 5612 ligo
181 5540 347 5598 Octavianus
380 5542 528 5616 presbyter
557 5541 705 5600 cardinalis
737 5543 812 5600 tituli
843 5544 872 5601 S.

60 5635 185 5693 Ceciliaa.

927 2278 1020 2334 pape,
1032 2278 1107 2316 anno
1119 2260 1222 2334 prime.

1322 2357 1354 2413 l..

927 2450 1100 2519 Prieitagiam
1121 2450 1158 2505 od
1178 2451 1279 2516 eritrea
1301 2449 1490 2506 cluniacenses
1510 2448 1543 2504 de
1568 2449 1689 2511 ectasin,
1710 2449 1744 2504 dc
1849 2490 1853 2497 ,

963 2528 1185 2664 damoiscarti
1196 2544 1278 2601 saper
1290 2532 1541 2600 controversiaque
1553 2535 1612 2585 erat
1620 2531 1691 2585 inter
1702 2544 1746 2587 aas

963 2613 1016 2664 etc
1062 2611 1068 2622 ‘
1097 2625 1118 2664 s.

1177 2703 1329 2775 (Laterani,
1350 2704 1430 2758 ltart.
1453 2702 1493 2774 l.)

1165 2795 1279 2868 [Baiter.
1302 2796 1441 2860 Cluniae„
1459 2796 1517 2867 dh]

963 2893 1134 2946 Anserisrus
1154 2891 1314 2962 episeopus,
1336 2905 1434 2946 servus
1459 2905 1607 2946 serrarum
1620 2891 1680 2959 Dei,
1701 2890 1745 2947 di·

928 2984 1008 3039 lectis
1025 2983 1091 3039 filiis
1116 2983 1261 3038 monacbis
1282 2982 1516 3041 cluniacensibus
1533 2982 1563 3039 in
1576 2982 1693 3040 ecclesia
1707 2984 1744 3039 de

1164 3076 1416 3147 commorantibus,
1443 3076 1565 3132 salutem
1584 3082 1614 3133 et
1628 3079 1742 3148 aposte-

927 3170 1013 3226 licam
1027 3170 1268 3226 benedictionem.

962 3265 1202 3334 Controversiam,
1211 3281 1276 3337 quae
1286 3265 1361 3320 inter
1373 3279 1423 3320 vos
1433 3268 1463 3320 et
1475 3263 1591 3320 clericos
1606 3265 1742 3333 ecclesie,

926 3358 956 3412 in
970 3374 1026 3430 qua
1038 3358 1182 3413 constituti
1194 3359 1268 3426 estis,
1284 3358 1442 3429 superjurc
1455 3357 1639 3430 proprietatis
1652 3357 1741 3429 ipsius

927 3451 1053 3506 ecelesia²
1081 3451 1216 3521 agitatur,
1242 3450 1453 3506 venerabilibus
1478 3450 1615 3506 iratribus
1636 3450 1740 3506 nostris

926 3544 982 3600 G...
1007 3543 1199 3599 lemovicensi
1219 3549 1246 3598 et
1262 3544 1314 3599 li...
1330 3543 1515 3599 sanctonensi
1535 3544 1674 3616 episcopis
1693 3560 1741 3600 au·

927 3636 1062 3693 diandam
1070 3636 1337 3709 terminandamque
1347 3636 1551 3693 commisimus.
1561 3636 1742 3711 ideaquepar

926 3731 1075 3802 praesentia
1091 3729 1173 3785 vebis
1194 3731 1300 3802 scripta
1318 3729 1500 3798 mandamus,
1520 3734 1658 3802 quatenus
1673 3747 1740 3787 cum

926 3824 962 3879 ab
981 3822 1022 3879 eis
1038 3829 1158 3895 propter
1174 3823 1228 3879 boc
1241 3823 1352 3880 fueritis
1363 3822 1484 3890 evocati,
1499 3823 1644 3880 occasione
1657 3840 1738 3897 sepo·

927 3913 980 3968 sita
1006 3929 1104 3968 cerum
1131 3913 1312 3984 presentiam
1340 3912 1458 3983 adeatis,
1482 3918 1511 3969 et
1535 3914 1613 3986 quod
1636 3914 1738 3971 exinde

925 4006 1003 4062 inter
1017 4023 1064 4061 ves
1073 4006 1276 4078 judicaverint,
1292 4006 1453 4079 suscipiatis
1469 4006 1742 4080 irrefragabiliteret

927 4100 1053 4156 servetis.

962 4195 1066 4250 Datvrm
1079 4194 1221 4264 Laterani,
1243 4211 1269 4250 iv
1281 4195 1375 4251 Nonas
1387 4194 1488 4252 Martii.

1307 4311 1350 4368 LI.

1086 4406 1263 4475 Prioiiegiam
1277 4420 1328 4477 pre
1340 4405 1452 4461 ecetesia
1467 4407 1578 4462 Asteris.

1158 4498 1308 4570 (Laterani,
1319 4499 1398 4554 ldart.
1425 4498 1465 4568 5.)

1088 4592 1231 4665 [Usuerna.
1247 4592 1331 4648 itatia
1342 4607 1431 4655 sarcre,
1449 4592 1492 4660 iv,
1507 4590 1580 4663 365]

959 4706 1041 4761 Batia
1053 4706 1108 4760 iac
1122 4704 1433 4776 oebetimprioitegiam
1445 4708 1623 4776 representet
1637 4705 1672 4760 ot
1686 4707 1741 4760 lia·

923 4801 1001 4869 penio
1015 4801 1059 4855 m
1066 4800 1104 4872 (5)
1118 4799 1246 4855 Ansetme
1260 4800 1381 4870 episcope
1393 4798 1506 4854 Aeterni
1513 4812 1676 4861 cancerem,
1688 4798 1745 4853 nisi

924 4893 997 4962 qaod
1008 4895 1037 4948 ia
1051 4895 1101 4949 iac
1114 4893 1255 4949 addantur
1265 4891 1344 4964 plebs
1356 4892 1390 4948 de
1404 4893 1505 4961 Hnnte,
1520 4890 1658 4963 hospitate
1671 4890 1741 4947 Cer-

923 4987 1013 5054 veliae‚
1040 4987 1118 5042 lions
1146 4987 1252 5041 bantus
1278 5001 1343 5040 cnm
1365 4983 1501 5040 arenariis
1515 4987 1544 5039 et
1562 4982 1742 5056 pertinentiis

924 5079 991 5147 suis;
1026 5079 1163 5135 medietas
1188 5081 1216 5136 S.
1230 5078 1366 5151 Stephani
1378 5094 1444 5133 cum
1468 5077 1525 5133 suis
1544 5074 1740 5149 pertiuentiis;

924 5172 1041 5229 ecclesia
1072 5172 1108 5229 de
1139 5172 1302 5241 corticellis,
1331 5176 1454 5227 castrum
1484 5171 1582 5239 blasae,
1612 5170 1739 5225 castrum

924 5262 951 5319 S.
975 5262 1104 5318 Victoria
1122 5278 1188 5317 curn
1201 5260 1325 5317 ecclesiis
1342 5263 1370 5316 et
1394 5259 1528 5316 omnibus
1545 5256 1740 5331 pertinentiis.

924 5356 1141 5428 subscriptiones
1156 5371 1218 5411 aero
1231 5360 1294 5411 sant
1306 5354 1450 5425 ejaamedi.

960 5452 1020 5521 Ego
1034 5449 1200 5506 Anastasius
1213 5448 1362 5505 catholice
1377 5446 1507 5505 Ecclesia
1521 5444 1682 5517 episcopus.

962 5545 1022 5616 Ege
1033 5543 1112 5600 Oddo
1127 5543 1198 5601 diae·
1208 5543 1286 5601 eard.
1300 5540 1490 5617 S.Georgiiad
1501 5539 1599 5596 velum
1614 5539 1742 5594 Aureum

928 5638 1022 5695 subse.

97 5747 131 5808 ve)
146 5741 217 5796 vrrs
228 5745 389 5812 patrologie
403 5749 467 5799 tom.
486 5746 622 5821 CLXXX,
637 5749 668 5806 in
687 5748 820 5823 lingente
837 5749 890 5821 111,
900 5748 956 5807 suh
972 5761 1055 5808 uun.
1067 5748 1130 5805 het.
