3750 6046
91 134 161 191 {237

767 150 912 209 ulhtoat.
931 184 965 194 -
978 154 1041 211 LlB.
1057 156 1101 213 lll.

1694 159 1764 215 {238

88 260 321 330 comprehendar
338 263 368 318 in
391 267 550 336 mendacio,
571 285 635 324 cum
658 279 757 327 contro
778 273 807 327 id
829 276 904 346 quod
916 277 1006 361 Ased
1019 280 1113 334 statim
1127 281 1228 337 cedent
1245 298 1279 338 cx
1295 282 1406 353 integro
1422 283 1452 337 in
1469 298 1552 337 usum
1572 280 1660 353 ipsius
1673 296 1766 335 saeer-

90 368 191 406 rerum
210 359 251 407 ost
271 358 444 413 contentiose
466 361 578 432 laborm
598 365 731 436 namqui
757 366 905 424 veritatem

90 445 170 512 dieii,
186 463 242 502 tion
262 449 385 517 laborat;
406 456 434 506 et
455 454 502 524 qui
523 457 704 513 mendacium
721 458 856 531 loquitur,
872 478 905 516 ex

90 541 209 610 proprio
228 543 361 613 loquitur.
377 547 442 601 Esto
461 547 548 619 igitur
568 550 683 607 interim
705 570 805 609 reruni
828 556 906 627 qnod

92 632 187 689 dixisti
196 653 205 703 3
232 639 262 690 at
283 654 352 693 vero
380 656 432 695 nos
456 642 486 695 in
514 643 666 715 Evangelio
686 648 726 701 ita
751 649 873 719 legimus
897 668 904 705 r

90 736 230 798 Εὐλογήοεν
243 740 322 804 ἄρτον,
339 733 366 787 id
387 738 428 788 ast
449 736 585 791 berrediait
603 756 712 809 pridem.
730 742 801 797 Cum
820 743 908 814 igitur

90 830 171 894 ἄρτον,
185 824 251 879 dicit
264 826 328 897 (37),
345 844 448 899 pancnr
463 828 574 884 ridetur
595 832 666 887 velle
684 834 852 906 simpliciter
866 838 908 891 in-

91 916 228 988 telligere,
247 938 429 977 communem
445 940 559 993 punem,
575 927 680 983 seilicet
692 929 906 997 fermentatum,

91 1027 149 1081 quo
160 1012 289 1067 homines
301 1017 498 1073 universaliter
507 1023 644 1091 utuntur,
659 1028 687 1078 et
697 1039 783 1094 quom
805 1027 906 1083 usitato

92 1120 225 1161 sermone
237 1116 316 1179 ἄρτον,
332 1109 360 1163 id
376 1118 417 1165 est
426 1129 526 1182 pormm
541 1120 651 1173 vocant.
666 1119 781 1182 Quodsi
796 1122 908 1191 quando

94 1198 216 1253 discrete
244 1203 384 1258 soluerint
412 1207 491 1277 loqui
519 1209 554 1263 dc
583 1227 697 1282 azymo,
726 1230 907 1285 nequaquam

92 1297 214 1348 utuntur
231 1295 284 1349 hoc
303 1298 390 1353 verbo
403 1307 482 1371 οἶμος,
498 1304 572 1373 quod
594 1311 635 1358 est
646 1309 743 1375 penis,
757 1307 805 1362 sed
822 1314 907 1362 utun-

93 1389 141 1439 tur
165 1387 284 1443 discreta
308 1392 464 1461 locutione,
496 1396 550 1450 lroe
574 1398 657 1451 verbo
683 1401 757 1470 quod
782 1418 907 1472 azymus.

95 1480 166 1533 lium
180 1489 196 1536 ὰ
210 1485 313 1547 Graece,
330 1484 428 1540 Latine
443 1488 546 1543 dieitur
564 1494 637 1557 sium
656 1500 728 1563 ζνμὸς
742 1497 838 1549 alitem
850 1496 908 1563 ser·-

94 1580 223 1629 meutum.
241 1578 281 1630 lta
297 1578 434 1633 nimirum
451 1589 478 1635 et
494 1600 546 1653 ego
561 1584 728 1655 simpliciter
743 1589 852 1658 vulgari
870 1589 908 1642 si·

95 1668 277 1737 girilicatione
304 1671 432 1743 intelligo
456 1675 671 1746 fermentatum,
697 1697 762 1735 eum
789 1682 853 1753 lego
882 1654 948 1737 inB

95 1762 248 1831 llvarrgelie
264 1783 271 1816 :
289 1773 424 1834 Εὐλογήοεν
437 1776 517 1839 ἄρτον,
538 1770 565 1824 id
586 1778 628 1826 est
648 1774 784 1830 liencdieit
800 1792 909 1845 punem.

95 1855 168 1918 Quid
187 1858 262 1911 eninr
279 1858 314 1911 ad
332 1876 388 1925 mo,
411 1867 441 1915 ut
462 1879 516 1933 ego
536 1864 575 1918 ibi
595 1867 751 1922 scriberem
770 1870 812 1923 rel
832 1869 909 1941 lege·

97 1964 158 2001 rem
181 1966 186 2002 :
207 1957 342 2019 Εὐλογὴοεν
357 1962 455 2023 ἄζυμον,
472 1974 537 2010 etun
557 1961 729 2030 es'srrgelistn
750 1963 787 2016 ilii
807 1979 910 2034 posue·

96 2045 145 2101 rit,
169 2052 305 2114 Eilesion
319 2056 398 2119 ἄρτον,
423 2050 496 2119 quod
522 2053 671 2107 nrurriieste
698 2073 802 2125 pionem
827 2058 911 2111 usita-

955 371 1037 427 dotis.
1061 374 1194 447 Ideoque,
1215 376 1409 443 dilectissime,
1435 380 1467 431 ut
1486 392 1587 431 verum
1604 391 1651 430 me
1668 374 1769 431 dixisse

955 468 1079 535 noveris,
1102 469 1320 541 diligentissime
1343 469 1487 541 perquire,
1513 474 1542 524 et
1562 484 1704 539 nusquam
1729 484 1771 523 re·

957 561 1050 633 peries
1061 562 1090 616 in
1109 562 1171 635 lege
1189 563 1393 618 fermentatum
1407 562 1527 619 bornino
1546 561 1723 618 offerendum
1738 562 1768 616 in

957 656 1106 723 sacrificio,
1122 657 1171 711 sed
1184 673 1298 728 semper
1318 673 1417 728 ezynrs
1437 672 1485 713 seu
1505 656 1632 711 similam
1651 655 1770 727 purissi-

956 766 1034 804 mam
1060 750 1167 821 absque
1190 752 1269 806 omni
1289 752 1440 806 termento.
1455 750 1499 806 hd
1520 751 1592 805 haue
1612 750 1700 822 igitur
1716 750 1771 804 ior·

957 859 1035 898 inam
1059 844 1230 912 oblationis,
1253 861 1338 917 quarn
1362 845 1499 900 Dominus
1518 844 1547 898 in
1567 844 1661 898 Veteri
1680 844 1772 898 Testa-

958 944 1055 993 meuto
1067 938 1173 1010 ubique
1186 939 1319 1007 instituit,
1336 942 1365 993 et
1382 955 1439 1011 qua
1458 954 1488 992 se
1506 939 1599 1009 ipsum
1617 937 1653 991 ad
1671 935 1769 1008 propi·

958 1032 1090 1087 tiandunr
1104 1033 1208 1104 pupulo
1228 1050 1279 1088 suo
1299 1034 1405 1103 placari
1424 1032 1520 1097 voluit,
1538 1029 1715 1086 eredendum
1730 1034 1772 1083 est

958 1124 1051 1196 ipsum
1071 1142 1184 1196 quoque
1205 1126 1306 1180 Filium
1329 1126 1390 1193 liei,
1405 1126 1455 1196 qui
1476 1124 1584 1196 optime
1606 1123 1684 1178 norit
1705 1138 1773 1193 qno-

959 1220 1045 1274 modo
1071 1219 1223 1289 placandus
1245 1219 1282 1273 sit
1301 1221 1374 1274 licus
1396 1221 1488 1285 Pater,
1508 1219 1538 1272 in
1559 1216 1772 1272 consecratione

958 1312 1001 1366 sui
1016 1312 1197 1366 sacratissimi
1213 1312 1340 1383 eorporis
1354 1311 1484 1366 habuisse
1502 1326 1609 1382 azyma,
1631 1313 1772 1381 quatenus

959 1409 988 1461 et
1002 1406 1124 1477 figuram
1148 1406 1219 1477 legis
1233 1406 1262 1459 in
1280 1406 1423 1461 otlerendo
1445 1422 1544 1476 azymo
1563 1420 1620 1460 non
1639 1404 1771 1465 solveret,

961 1503 990 1554 et
1012 1499 1160 1553 veritatem
1186 1500 1315 1569 ejusdem
1336 1500 1408 1571 legis
1428 1501 1458 1554 in
1479 1498 1688 1554 consecratione
1712 1494 1772 1549 reri

960 1592 1087 1664 eorporis
1100 1592 1143 1646 sui
1158 1593 1388 1647 consummando
1400 1592 1580 1662 adimpleret.

1218 1754 1407 1809 caelentur
1427 1755 1517 1807 XVlll.

961 1872 1037 1940 Quod
1062 1873 1225 1937 fermentum
1247 1874 1277 1925 ia
1301 1872 1396 1925 diuino
1420 1870 1564 1940 Scriptura
1590 1883 1723 1938 nmquam
1743 1870 1775 1921 io

997 1952 1063 2005 bono
1085 1954 1234 2021 occipitium
1250 1958 1275 2006 et
1290 1952 1363 2021 qnod
1382 1953 1470 2006 mines
1487 1954 1525 2006 est
1544 1950 1634 2004 hubite
1651 1948 1688 2003 ud
1706 1954 1777 2003 trer-

998 2032 1113 2085 tmedum
1125 2036 1213 2086 edicte.

96 2141 159 2191 turn
182 2140 291 2193 ridetur
309 2142 490 2211 signiticaret
510 2147 615 2201 llursus
629 2150 705 2219 qnod
725 2150 862 2205 induxisti
876 2152 911 2205 de
998 2157 1119 2211 Proinde
1143 2157 1172 2211 in
1198 2157 1276 2211 omni
1303 2156 1400 2210 diuina
1428 2155 1571 2227 Scriptura
1598 2155 1776 2210 fermentum

97 2233 192 2285 l'eteri
206 2234 393 2301 Testanrento,
410 2240 439 2291 et
458 2239 603 2293 ostendisti
625 2242 699 2312 quod
721 2260 862 2315 nusquam
882 2246 912 2299 in
963 2254 1044 2304 tunm
1059 2267 1201 2322 nusqtram
1216 2250 1359 2305 iuvenitur
1373 2250 1401 2303 in
1417 2251 1493 2304 bona
1504 2247 1710 2321 significatione
1730 2262 1775 2301 ae-

97 2326 234 2379 sneriircio
250 2328 454 2383 fermentatum
477 2331 560 2387 liceat
580 2334 685 2403 offerri,
709 2338 776 2391 satis
795 2338 912 2409 quidam
963 2350 1087 2415 ceritum,
1104 2344 1175 2399 sicut
1197 2351 1328 2399 nostrum
1348 2359 1455 2414 azyma.
1476 2343 1555 2398 Unde
1586 2342 1722 2397 [lominus
1745 2342 1777 2396 iu

96 2424 199 2490 argute
221 2419 267 2473 hic
286 2424 397 2476 notasse
418 2424 534 2493 viderim
557 2428 608 2482 sed
625 2432 654 2482 et
675 2446 729 2501 ego
749 2430 913 2488 nullatenus
963 2439 1115 2509 Evangelio
1141 2439 1222 2493 Lucre
1244 2438 1316 2507 (cap.
1340 2454 1386 2504 xn,
1410 2436 1433 2505 t)
1449 2454 1456 2492 :
1473 2438 1623 2499 Attendite,
1640 2435 1778 2507 inquit,a

96 2508 176 2562 idern
191 2524 294 2580 negare
308 2528 432 2580 possum,
448 2520 475 2567 et
485 2514 537 2569 hoc
548 2521 599 2583 est,
614 2533 749 2588 magnum
763 2536 914 2591 argumen·
964 2534 1093 2599 ferrnento
1114 2534 1318 2594 Ptrniseorum,
1333 2532 1406 2601 quod
1419 2538 1458 2587 est
1474 2531 1633 2601 hypocrisis.
1656 2532 1728 2585 Item
1748 2530 1779 2585 in

98 2604 172 2669 tum,
186 2606 330 2658 utrorum
347 2604 450 2674 fatear,
472 2611 528 2662 ture
545 2611 718 2666 assertionis.
741 2614 827 2668 Porro
841 2614 913 2668 milri
964 2626 1116 2696 Evangelio
1139 2626 1296 2680 secundum
1317 2626 1482 2680 marimum
1503 2625 1702 2691 (Masis,‚1v1‚
1723 2624 1778 2695 6);

97 2696 210 2751 Videtur
222 2698 300 2768 quoti
312 2699 341 2752 in
356 2700 457 2754 eodem
477 2703 585 2757 Veteris
599 2706 772 2761 Testamenti
791 2708 913 2764 Levitico
964 2722 1109 2773 Intuemini
1128 2726 1152 2773 qi
1171 2726 1261 2774 cavete
1275 2736 1290 2771 (ι
1304 2722 1435 2787 spi-mento
1454 2719 1651 2773 Pharisaeomm
1669 2722 1695 2771 οἱ
1712 2717 1782 2773 sad.

97 2790 260 2862 reperiatur
277 2792 313 2846 de
333 2793 474 2849 oblatione
494 2796 639 2865 fermenti,
661 2799 707 2853 ubi
729 2818 780 2871 per
799 2802 913 2873 Moysen
965 2813 1126 2867 assessorum,
1150 2815 1220 2866 trem
1247 2813 1276 2867 in
1300 2811 1634 2884 Evangeliosecundum
1657 2810 1780 2867 Marcum

97 2883 202 2938 dieitur
215 2886 252 2939 ad
270 2886 343 2941 lilios
363 2888 448 2944 lsrael
463 2905 469 2942 :
483 2891 666 2947 Numerebitis
687 2909 749 2962 erqo
771 2896 806 2949 ob
829 2898 914 2953 tittero
965 2908 1035 2976 (cap,
1061 2923 1119 2973 rin,
1147 2906 1188 2973 tit)
1212 2924 1218 2959 :
1241 2906 1335 2961 casm
1354 2908 1515 2973 parmenio
1537 2905 1733 2959 plsarssaeomm
1754 2910 1780 2959 οι

97 2979 143 3033 dee
164 2979 286 3043 Subtriti,
313 2985 342 3036 in
364 3000 418 3052 quo
442 2984 577 3041 obtulistis
600 2989 754 3057 manipulos
774 2992 914 3059 primitie-
966 3016 983 3053 α
1009 3002 1139 3067 fermento
1163 2999 1285 3053 theudis,
1313 3000 1345 3054 Ει
1370 2998 1519 3069 Apostolus
1536 3014 1542 3051 :
1558 3000 1716 3067 &purgate
1738 3012 1781 3051 ve.

97 3090 169 3140 rein,
192 3081 290 3144 septem
313 3076 495 3131 hebdomades
515 3079 609 3147 plenas
631 3094 714 3150 usquc
739 3083 776 3136 ed
800 3084 915 3138 atterum
966 3096 1008 3143 tus
1027 3090 1200 3156 (erruentmn,
1221 3093 1251 3142 ut
1269 3090 1330 3143 sitis
1350 3103 1419 3141 noete
1440 3089 1603 3156 conspersio,
1624 3088 1693 3140 sieut
1718 3087 1780 3141 estis

99 3169 170 3221 diem
192 3170 352 3238 reptet-ionis
375 3170 547 3225 hebdomade
569 3176 697 3242 septima,
722 3176 753 3229 id
777 3182 814 3232 est
838 3179 917 3247 qnin-
966 3185 1065 3251 rupini.
1081 3184 1187 3237 Etenim
1209 3184 1312 3237 Pascha
1332 3186 1453 3235 nostrum
1467 3180 1622 3234 irremohitus
1639 3184 1675 3233 est
1690 3178 1780 3235 Chris·

99 3264 233 3331 querquetu
251 3263 323 3329 dies;
340 3266 417 3318 etsie
435 3267 550 3335 offeretis
567 3270 730 3337 sucrificium
749 3283 847 3324 nouum
862 3273 916 3325 llo·
967 3282 1019 3330 tus.
1047 3278 1143 3344 ltuquc
1165 3276 1313 3345 epulemur,
1340 3290 1393 3328 reon
1418 3275 1447 3326 in
1467 3275 1598 3341 fermento
1618 3272 1733 3327 melitite
1753 3276 1780 3327 et

99 3358 173 3409 raino
192 3372 225 3410 ee
245 3357 367 3411 ommbus
390 3358 552 3413 habitaculis
573 3362 667 3414 eestris
685 3377 770 3431 peaes
780 3364 917 3431 primitie·
965 3370 1108 3439 siequiiiae,
1132 3369 1179 3423 sed
1208 3370 1238 3421 ie
1270 3369 1373 3435 azymis
1404 3367 1568 3421 sinceritatis
1600 3371 1625 3419 et
1656 3366 1780 3419 veritat-is

100 3464 161 3503 rum
175 3450 242 3503 deos
258 3451 290 3504 de
304 3450 411 3505 duobus
425 3453 533 3507 decimis
546 3454 642 3507 simile
657 3456 837 3524 fermentate,
851 3472 917 3526 quos
967 3462 989 3533 (Ι
1006 3464 1078 3523 Cor„
1095 3478 1122 3530 r,
1139 3460 1180 3531 7).

99 3546 219 3612 coquetis
238 3544 267 3597 iu
284 3547 423 3614 primitius
442 3548 550 3601 borbini
573 3549 680 3615 (Liuii,
698 3564 772 3615 xsnr,
798 3549 852 3621 15).
868 3551 918 3605 llic
1003 3557 1143 3609 Praeterea
1169 3553 1192 3607 si
1219 3556 1295 3607 reete
1319 3552 1499 3618 consideres,
1530 3566 1713 3622 nequaquam
1740 3550 1779 3605 ita

99 3636 185 3708 plane
203 3637 314 3692 ridetur
331 3639 534 3694 fermentatum
550 3641 655 3695 debore
670 3642 767 3696 ollerri
784 3643 915 3714 Domino,
968 3649 1062 3703 habile
1077 3648 1167 3703 estad
1187 3646 1367 3701 tractandum
1382 3661 1447 3699 curn
1461 3644 1619 3699 reverentia
1633 3646 1713 3699 tuum
1727 3644 1781 3699 ier·
1816 3704 1823 3713 ,

101 3732 158 3785 nisi
184 3732 255 3786 lorte
284 3732 322 3787 ibi
350 3734 386 3787 sit
408 3734 502 3804 aliqua
528 3734 681 3805 expositio,
708 3753 772 3806 quoe
793 3752 846 3791 nos
873 3753 918 3791 co·
967 3746 1106 3810 mentum,
1133 3741 1205 3795 sieut
1231 3756 1328 3811 azymo
1353 3744 1494 3804 nostrum,
1520 3737 1597 3809 quod
1623 3736 1703 3791 nobis
1730 3754 1782 3809 par

101 3831 152 3896 gat
176 3827 227 3880 hee
248 3826 329 3881 aliter
347 3827 516 3898 intelligere,
530 3845 616 3899 equam
638 3830 677 3884 ihi
698 3829 810 3885 ridetur
829 3829 917 3902 scrip·
967 3838 1092 3907 Moysen,
1112 3833 1160 3906 qni
1174 3833 1265 3887 tidelis
1285 3837 1346 3887 erat
1367 3832 1397 3886 in
1420 3836 1480 3886 toto
1503 3830 1590 3885 domo
1611 3829 1670 3897 Dei,
1692 3830 1783 3901 etqui

101 3926 175 3976 tum·
967 3929 1065 3983 ornnia
1085 3927 1226 3982 ordinavit
1240 3926 1275 3980 ad
1289 3924 1435 3995 exemplar
1458 3938 1561 3978 eorum
1579 3938 1642 3993 quae
1662 3922 1733 3978 vidit
1751 3922 1782 3977 in

138 4014 289 4069 snsetmns
315 4014 548 4085 llnvelbergensis
572 4016 719 4089 episeopus
746 4016 820 4072 dixit
843 4034 850 4072 :
876 4020 919 4073 lta
969 4020 1120 4086 moniaci
1140 4032 1191 4089 per
1211 4016 1305 4086 ipsum
1323 4014 1441 4068 tandem
1461 4012 1604 4068 Christum
1624 4010 1781 4067 traditam:

103 4109 189 4164 credo
211 4109 362 4180 legendam
376 4109 504 4163 divinam
523 4108 707 4179 Scripturam,
725 4116 756 4166 ut
768 4126 918 4182 nunqnam
969 4112 1103 4183 quoniam
1116 4111 1320 4164 fermentatum
1333 4108 1447 4179 qnando
1461 4111 1610 4173 tractatur,
1625 4104 1782 4177 siquando

104 4203 180 4258 inter
201 4219 231 4257 se
254 4202 405 4268 discordet,
428 4219 543 4273 semper
564 4207 660 4258 autern
687 4204 841 4259 concordet
864 4220 870 4259 :
891 4210 920 4258 et
968 4201 1291 4275 i1·angitur,otquando
1309 4199 1498 4269 distribuitur,
1519 4199 1652 4253 facillime
1672 4199 1701 4253 in
1722 4199 1784 4271 plu·

104 4298 160 4352 lroc
173 4297 256 4352 dehet
270 4313 332 4350 esse
347 4297 501 4351 vehemens
516 4297 643 4351 studium
665 4297 813 4367 prudentis
831 4298 917 4352 lecto·
970 4314 1014 4352 res
1028 4298 1116 4351 rnieas
1135 4295 1260 4362 solvitur,
1283 4297 1311 4347 et
1334 4308 1516 4365 nequaquam
1536 4296 1595 4345 tam
1615 4294 1709 4358 cauto,
1729 4306 1783 4345 nee

105 4392 153 4457 ris,
167 4396 199 4445 ut
213 4396 279 4446 tunc
292 4408 321 4445 se
336 4391 448 4445 noverit
462 4397 537 4445 recte
557 4391 728 4446 intellexisse
742 4383 958 4463 ScripturamD
969 4391 1089 4447 omnino
1111 4390 1174 4444 sine
1194 4386 1378 4459 negligentia,
1404 4385 1475 4439 sieut
1496 4387 1624 4455 oportet,
1646 4382 1782 4438 custodiri

104 4486 383 4557 divinrelcgis,cn1n
400 4501 462 4540 eam
478 4486 623 4540 reduxerit
641 4485 676 4540 ad
694 4485 816 4539 aliarum
829 4486 919 4557 Scrip-

104 4586 237 4636 turarum
258 4580 451 4646 concordiam,
476 4582 505 4633 et
528 4578 566 4633 ad
586 4579 680 4651 legem
702 4578 858 4634 charitatis.
875 4579 917 4634 Si-

103 4676 221 4748 quidem
245 4675 299 4730 ista
319 4675 382 4730 tulis
404 4674 518 4740 oblatio,
539 4672 588 4726 nbi
605 4673 661 4727 duo
677 4688 763 4745 penes
778 4672 918 4744 primitia·

104 4786 170 4824 rum
183 4770 218 4825 de
231 4769 339 4824 duabus
356 4768 473 4823 decimis
485 4767 585 4821 similae
599 4766 779 4822 fermentatas
794 4765 917 4823 oilerun·

105 4870 161 4931 tur,
177 4864 338 4919 nullatenus
361 4862 468 4934 aliquid
492 4862 595 4916 attinet
613 4861 647 4915 ad
668 4860 799 4916 ordinem
820 4877 919 4915 eorum

105 4975 169 5030 quae
189 4957 309 5012 lionrino
329 4957 491 5028 specialiter
517 4955 685 5023 olleruntur,
708 4954 845 5027 qnoniam
868 4970 920 5009 nee

105 5053 137 5109 tit
152 5053 181 5106 in
195 5052 285 5119 altari,
299 5068 351 5106 nec
366 5052 396 5106 in
413 5051 472 5105 loeo
487 5048 648 5119 sanctuarii,
664 5065 718 5104 nec
731 5049 807 5103 intra
820 5050 920 5103 Sancta

107 5152 284 5217 sanetorum,
299 5162 351 5201 nec
365 5146 505 5217 letalique
526 5145 582 5200 ritu
599 5144 718 5198 aliarum
734 5140 919 5209 oblationum,

106 5243 156 5297 sed
170 5246 280 5297 tanturn
293 5257 358 5294 eum
369 5240 497 5295 sacerdos
512 5254 599 5310 panes
611 5236 806 5309 primitiarum
819 5233 920 5288 similae

107 5337 283 5390 fermentate
298 5334 333 5388 ab
347 5334 482 5388 offerente
497 5331 662 5402 susceperit,
677 5337 705 5385 et
720 5330 749 5383 in
763 5328 921 5399 gratiarum

107 5431 249 5485 actionem
268 5446 319 5500 pro
339 5427 468 5497 frugibus
488 5414 571 5481 terrie
591 5440 687 5479 ceram
705 5422 824 5478 licutino
842 5421 920 5476 lera-

109 5523 193 5592 rorit;
206 5540 263 5578 non
278 5523 395 5595 quidem
412 5522 451 5575 ibi
463 5521 557 5591 aliquo
571 5518 724 5574 oblationis
737 5516 796 5571 ritu
809 5516 919 5585 olieret,

968 4490 1069 4557 polest.
1092 4485 1125 4537 Et
1145 4481 1277 4553 quoniam
1301 4480 1430 4547 minima,
1448 4483 1477 4531 ut
1495 4478 1534 4531 ita
1553 4477 1686 4543 dixerim,
1700 4476 1783 4531 mieae

968 4578 1108 4651 particula
1122 4592 1219 4631 rerum
1233 4581 1262 4629 et
1275 4574 1420 4643 integrum
1435 4587 1536 4642 eorpus
1556 4569 1668 4624 liourini
1689 4571 1742 4637 cst,
1758 4569 1781 4623 si

969 4672 1012 4726 cui
1028 4668 1237 4742 quantumlibet
1250 4684 1337 4738 parra
1349 4664 1522 4736 negligentia
1538 4679 1624 4733 super
1644 4662 1697 4717 hoe
1716 4676 1782 4717 eou-

969 4764 1080 4837 tigerit,
1108 4778 1225 4835 gravem
1254 4759 1366 4815 [lentini
1394 4756 1626 4811 maledictionem
1650 4754 1780 4823 incurrit,

969 4860 1042 4914 sieut
1061 4857 1198 4929 scriptum
1221 4860 1263 4909 est
1281 4870 1288 4908 ι
1303 4852 1463 4909 htehdietue
1480 4850 1556 4904 homi
1577 4850 1626 4919 qui
1643 4862 1712 4917 opus
1733 4849 1785 4903 Dei

969 4955 1013 5009 sei
1032 4952 1200 5020 neqtiqentcr
1222 4948 1318 5013 fecerit
1340 4946 1416 5013 (lca,
1438 4958 1531 5011 xerrn,
1559 4941 1613 5012 lb).
1640 4940 1782 4997 Caeterum
1869 4970 1872 4975 -

969 5051 1097 5101 nostrum
1111 5060 1208 5113 nzymu
1222 5044 1280 5095 tam
1292 5040 1323 5094 in
1337 5036 1428 5093 Veteri
1439 5050 1526 5108 quam
1545 5034 1576 5089 iu
1597 5034 1675 5089 Novo
1689 5034 1783 5089 Testa-

969 5143 1066 5195 mento
1082 5138 1204 5191 electum
1220 5150 1237 5188 a
1251 5135 1308 5188 lieo
1323 5134 1417 5200 Patre,
1433 5134 1461 5184 et
1471 5128 1624 5201 probatum
1636 5128 1666 5182 et
1681 5140 1781 5181 consa-

969 5235 1080 5287 eratum
1093 5248 1111 5285 a
1123 5231 1179 5284 beo
1195 5227 1267 5283 Filio
1286 5224 1459 5281 sanctissima
1478 5221 1524 5277 sui
1540 5220 1667 5294 corporis
1683 5234 1781 5275 consa·

969 5326 1093 5381 eratione
1108 5322 1229 5378 solidum
1243 5322 1296 5388 est,
1312 5318 1453 5397 sincerum
1468 5317 1521 5384 est,
1536 5318 1630 5369 ratum
1649 5314 1704 5381 est,
1725 5312 1780 5367 im·

971 5419 1145 5474 maculatum
1165 5421 1217 5482 cst,
1239 5413 1437 5483 incorruptum
1456 5414 1500 5465 est
1514 5416 1704 5463 'cavernosum
1722 5419 1781 5460 non

970 5518 1023 5581 est,
1037 5511 1169 5566 inflatum
1179 5508 1303 5575 nonest,
1318 5504 1404 5561 molle
1420 5518 1478 5558 uon
1497 5505 1550 5570 ast,
1570 5500 1602 5557 'xa
1626 5498 1715 5557 micas
1730 5496 1783 5555 mi·

141 5733 192 5795 (37)
210 5732 295 5795 Ἄρτον
309 5729 380 5782 dicit.
397 5728 444 5782 Sic
459 5727 584 5793 proiecto
598 5724 750 5792 legendum
764 5737 823 5779 nou
837 5725 869 5775 ut
884 5722 915 5777 in
927 5720 1014 5791 priori
1024 5716 1149 5773 editieua
1162 5710 1300 5776 ortom'xd
1306 5714 1474 5775 eatpumm.
