3750 6046
89 206 139 268 ild
525 209 679 270 HISTORIA
699 210 962 270 uectustssttus.
977 242 1010 255 -
1024 210 1111 271 PARS
1129 214 1164 271 11.
1179 243 1213 258 -
1227 217 1290 274 LlB.
1313 215 1355 273 ill.

1726 224 1777 284 246

89 330 231 391 llodulius
244 333 359 405 leison,
376 334 518 410 llogerins
535 335 571 390 de
588 335 822 406 Monte-Gomeri,
838 336 907 392 Wil-
920 341 1081 426 ¹,gqrronter
1094 338 1128 393 ad
1143 338 1257 396 laudem
1270 341 1315 397 Uei
1325 340 1452 397 resolvit.
1466 343 1522 399 lloe
1534 346 1664 402 volumen
1676 347 1777 406 Emme

88 428 193 484 lelmus
209 427 329 485 Usberni
343 428 428 496 illius,
442 428 600 486 bichardus
613 429 649 485 de
663 430 773 500 Ballou,
789 431 907 486 Richar·
960 431 1064 502 conjnx
1082 431 1213 488 Elderedi
1236 433 1313 506 regis
1330 434 1489 508 ungrorum
1509 436 1654 494 liodberto
1667 440 1776 498 lintho-

90 522 141 576 dus
154 522 192 577 de
212 523 320 578 Sancta
331 522 511 592 Scholastica,
526 526 555 578 et
572 522 619 578 alii
634 524 822 596 quamplures
837 525 909 579 Nor·
961 523 1140 596 magensium
1155 526 1367 599 archiepiscopo
1379 527 1463 584 lratri
1475 545 1526 585 suo
1539 538 1774 606 presentaverat,

90 615 220 671 manniae
239 631 404 689 procerum,
418 615 508 689 quiin
528 616 602 672 saltu
618 616 726 684 Leonis,
748 616 785 671 ad
803 616 911 673 curiam
961 621 989 674 et
1002 617 1160 675 willelmus
1175 620 1303 691 ejusdem
1318 622 1446 693 praesulis
1460 621 1535 679 tilius
1548 623 1583 680 de
1596 640 1710 684 camera
1723 645 1776 700 pa·

92 709 171 764 ducis
194 725 285 782 super
303 709 411 765 tlumen
434 709 534 777 Loiris,
556 714 622 766 ante
646 709 796 766 ecclesiam
816 709 911 766 Sancti
961 711 1012 767 tris
1027 712 1069 766 sui
1085 711 1267 769 familiariter
1279 715 1441 786 sustulerat,
1455 715 1622 789 dilectaque
1635 735 1694 775 sure
1706 737 1774 778 con·

91 803 220 875 Dionysii
232 805 384 876 aggregati
396 809 472 871 sunt,
489 809 517 859 et
531 802 669 860 Uticensis
682 803 809 859 ecclesiae
820 807 909 859 testa·
957 803 1021 878 jugi
1036 805 1165 862 lladvisse
1184 806 1358 864 omnimodis
1377 808 1490 881 placere
1507 811 1604 867 volens
1619 812 1776 875 detulerat.
1868 862 1871 866 .

93 901 225 952 mentum
240 913 318 953 anno
336 896 491 953 Dominieee
508 897 711 953 incarnationis
732 899 800 952 ¹050
818 896 909 954 indie-

93 991 168 1045 tione
183 1007 213 1047 vv
227 989 477 1046 confirmaverunt.

124 1083 235 1140 Eodem
254 1100 342 1154 anno,
356 1083 515 1141 liodbertus
536 1083 571 1140 de
590 1083 839 1140 Greutemaisnilio
853 1101 909 1140 see·

91 1178 217 1234 talarem
232 1176 364 1234 habitum
377 1176 506 1248 mutavit,
517 1182 546 1234 et
561 1178 612 1232 sub
629 1177 769 1250 regimine
785 1177 910 1235 Theode-

90 1271 139 1327 rici
151 1271 268 1327 abbatis
280 1271 357 1344 apud
371 1270 480 1326 Uticum
501 1270 662 1327 monachile
675 1272 792 1326 schema
812 1270 909 1326 subiit.

92 1367 136 1421 llic
151 1365 296 1420 nimirum
308 1367 348 1434 lut
361 1380 449 1435 supra
461 1363 618 1437 tetigimus)
631 1363 764 1420 liodberti
776 1364 811 1419 de
826 1365 912 1420 Gren-

91 1457 264 1514 temaisnilio
280 1456 471 1513 strenuissimi
485 1455 600 1512 baronis
620 1456 693 1512 filius
707 1457 772 1526 fuit,
786 1474 821 1513 ex
837 1457 910 1512 ilad-

961 898 1020 953 illia
1032 914 1147 972 quoque
1166 899 1254 956 multa
1271 900 1345 956 bona
1366 901 1502 974 praelatus
1520 903 1563 958 vir
1577 904 1704 962 eeclesias
1719 923 1777 964 suae

961 990 1120 1063 acquisivit,
1134 997 1232 1048 ettam
1246 992 1275 1048 in
1291 994 1467 1051 ornamentis
1481 996 1675 1055 ecclesiasticis
1689 1017 1776 1075 quem

962 1084 990 1138 in
1006 1084 1173 1140 necessariis
1186 1086 1318 1143 subsidiis
1332 1087 1517 1160 procurandis
1529 1089 1663 1147 iratribus
1675 1108 1777 1167 eccep-

962 1175 1057 1233 tabilis
1069 1176 1133 1234 luit.

962 1321 1016 1377 vlt.
1030 1323 1158 1391 Sequitur
1170 1323 1284 1378 butema
1300 1325 1430 1380 Uticensis
1443 1328 1611 1382 monosterii.
1630 1326 1773 1384 Theoderi-

1292 1432 1339 1472 cus
1353 1417 1447 1473 otbos.

91 1552 147 1607 visa
165 1552 267 1607 Geroii
286 1549 345 1606 tilia
363 1555 537 1622 procreatus.
558 1550 587 1604 ln
603 1549 724 1605 infantia
743 1549 909 1605 litterasal·
997 1552 1173 1608 Venerabilis
1188 1558 1285 1610 autern
1305 1554 1495 1611 Theodericus
1511 1554 1600 1611 abbas
1613 1558 1776 1615 monasticae
1861 1580 1864 1585 ·

91 1645 170 1700 latim
185 1644 300 1711 didicit,
311 1660 434 1717 quarum
449 1643 524 1698 inter
535 1642 647 1698 sodales
660 1643 754 1698 tenaci
771 1642 912 1699 memoria
962 1644 1094 1718 religioni
1121 1647 1265 1702 ferventer
1289 1646 1453 1716 insistebat,
1481 1653 1510 1704 et
1534 1649 1586 1704 sibi
1616 1651 1776 1708 commissa

92 1738 246 1810 insigniter
267 1737 369 1810 viguit.
384 1736 439 1793 Sed
461 1741 611 1808 postquam
632 1752 724 1792 annos
743 1734 910 1792 adolescen·
923 1726 950 1797 B
962 1739 1179 1813 congregationi
1193 1739 1285 1797 verbis
1299 1745 1328 1796 et
1341 1740 1475 1812 operibus
1488 1743 1623 1815 prodesse
1637 1744 1777 1801 studebat.

93 1832 135 1888 tie
146 1831 259 1904 attigit,
279 1830 384 1902 spretis
399 1829 559 1885 litterarum
572 1828 647 1896 otiis,
663 1829 698 1884 ad
714 1845 859 1885 armorum
873 1829 914 1885 ln·
963 1831 1010 1888 llic
1029 1832 1083 1888 luit
1111 1832 1223 1889 tratione
1252 1834 1445 1904 Normannus,
1471 1835 1508 1891 de
1532 1835 1677 1908 pmvincia
1700 1838 1780 1894 Talo-

93 1928 192 1982 borem
206 1923 345 1994 cucurrit,
359 1926 389 1978 et
407 1922 540 1978 Willelmi
556 1922 636 1977 ducis
653 1923 783 1994 armiger
801 1922 913 1978 vannis
963 1924 1051 1997 gicnsi
1067 1925 1122 1996 (tl)
1137 1925 1286 1994 oriundus,
1300 1928 1410 1982 statura
1423 1927 1583 1998 mediocris,
1596 1929 1709 2004 eloquio
1719 1946 1780 1986 sua·

93 2019 211 2076 exstitit
228 2017 337 2074 Ucinde
351 2016 387 2072 ab
405 2016 508 2071 eodem
528 2015 600 2071 duce
620 2016 753 2072 decenter
771 2019 813 2071 est
827 2016 914 2071 ermis
963 2018 1014 2085 vis,
1030 2018 1102 2075 faeie
1122 2018 1310 2087 rubicundus,
1327 2019 1412 2075 sacris
1431 2020 1533 2076 litteris
1554 2021 1727 2081 eruditos'et
1744 2025 1780 2079 ab

95 2114 265 2179 adornatus,
282 2115 313 2166 et
330 2110 412 2166 miles
430 2109 547 2165 effeetus
565 2109 695 2180 pluribus
709 2108 816 2165 exeniis
830 2109 912 2164 nobi·
963 2110 1082 2167 infantia
1098 2127 1185 2185 usque
1206 2112 1241 2167 ad
1261 2129 1347 2167 canos
1362 2112 1459 2168 divino
1480 2114 1567 2171 cultui
1585 2116 1777 2189 mancipatus.

95 2208 156 2263 liter
189 2207 363 2262 honoratus.
398 2202 586 2259 consideratis
619 2208 717 2284 autem
751 2203 913 2259 mortalium
965 2204 1020 2260 Sed
1045 2204 1117 2260 sicut
1148 2204 1254 2261 zizania
1287 2205 1315 2261 iu
1349 2221 1439 2261 messe
1471 2207 1581 2264 triticea
1613 2209 1779 2282 importune

94 2300 217 2370 usibus,
242 2299 331 2370 elegit
359 2296 450 2368 magis
478 2295 509 2350 in
533 2294 620 2350 domo
650 2295 761 2351 Domini
787 2294 914 2368 abjectus
963 2297 1185 2370 oriuntur,quoe
1203 2303 1334 2371 tempore
1353 2299 1504 2355 messionis
1522 2317 1540 2356 a
1558 2300 1688 2374 diligenti
1702 2319 1777 2358 mes·

96 2409 211 2449 manere
227 2407 318 2465 qvvam
333 2391 364 2446 in
379 2387 568 2445 tabernaculis
587 2393 769 2460 peccatorum
786 2388 822 2445 ed
836 2393 912 2444 tem·

95 2504 143 2558 pus
156 2491 193 2542 ut
208 2486 312 2541 lenum
324 2484 437 2540 llorere.
453 2485 522 2540 Nam
539 2498 616 2556 sepe
637 2482 780 2539 recolebat
794 2483 912 2538 secula·

96 2582 129 2635 vis
145 2579 262 2635 militias
278 2578 417 2651 pericula,
431 2594 495 2651 quae
516 2587 595 2650 peter
614 2593 691 2646 sous,
707 2575 812 2648 aliique
827 2575 912 2630 innu-

97 2672 250 2728 merabiles
266 2671 374 2744 experti
387 2675 462 2740 sunt,
478 2671 528 2744 qui
545 2670 614 2725 dum
630 2670 724 2725 hostes
743 2668 853 2725 lortiter
868 2668 911 2724 in·

96 2771 240 2837 vaserunt,
260 2765 417 2822 incidentes
437 2765 466 2820 iu
484 2765 619 2837 laqueum
640 2778 727 2835 quem
749 2761 812 2817 aliis
831 2777 912 2834 para·

963 2407 1026 2447 sore
1044 2390 1172 2446 funditus
1192 2390 1421 2461 eradicabuntur,
1435 2391 1554 2464 ignique
1576 2410 1634 2448 non
1652 2395 1781 2466 parcenti

963 2484 1121 2552 tradentur,
1133 2485 1173 2541 sic
1183 2483 1232 2540 filii
1245 2500 1370 2557 nequam
1382 2489 1592 2542 succrescentes
1603 2486 1713 2559 agmini
1722 2487 1781 2560 pio·

964 2594 1028 2634 rum
1047 2579 1222 2649 inseruntur,
1239 2578 1290 2633 sed
1310 2578 1411 2651 ajusto
1430 2577 1528 2635 iudice
1546 2578 1687 2651 prefinito
1705 2585 1779 2637 tem·

964 2688 1034 2742 pore
1047 2672 1230 2744 detegentur,
1243 2670 1409 2744 meritisque
1419 2670 1563 2745 suppliciis
1577 2672 1704 2730 districte
1717 2673 1781 2729 sub

963 2764 1075 2820 dentur.
1108 2764 1167 2820 Sub
1195 2764 1314 2836 prelato
1348 2763 1452 2821 abbate
1478 2765 1636 2821 monachus
1666 2766 1783 2839 quidam

96 2861 161 2917 bant
179 2860 389 2916 occubuerunt.
407 2858 567 2915 Radbertus
581 2856 658 2912 enim
673 2858 755 2928 pater
771 2854 833 2926 ejus
847 2871 912 2910 cum
963 2856 1080 2913 nomine
1098 2857 1242 2912 Romanus
1260 2858 1288 2912 in
1303 2856 1425 2914 Uticensi
1439 2872 1526 2930 grege
1545 2858 1776 2930 conversabatur,

97 2955 218 3027 hogerio
234 2953 271 3009 de
284 2951 390 3008 Toenio
403 2956 503 3008 contra
516 2949 674 3022 bogerium
687 2949 722 3006 de
736 2947 914 3005 Bellomonte
963 2949 1010 3022 qui
1026 2949 1161 3005 instinctu
1172 2949 1314 3005 daemonis
1325 2949 1469 3020 staminia,
1481 2950 1631 3007 femoralia
1641 2954 1783 3009 sicaetera

96 3047 256 3114 dimicarit;
272 3045 375 3117 inquo
393 3042 759 3115 conllictullogeriuscum
775 3039 914 3096 liliissuis
964 3041 1127 3114 hujusmodi
1154 3042 1314 3098 furabatur.
1337 3042 1391 3107 qni
1413 3042 1480 3098 dum
1505 3060 1522 3098 a
1544 3045 1628 3100 Patre
1652 3044 1778 3102 Theode-

96 3142 208 3198 Slberte
231 3142 260 3196 et
279 3138 425 3194 Elinaneio
444 3139 609 3210 peremptus
629 3139 682 3207 eet,
704 3139 733 3190 et
755 3093 952 3190 liodbertusC
965 3136 1034 3203 rico,
1056 3151 1122 3191 cum
1143 3135 1209 3190 talia
1231 3135 1358 3191 facinora
1384 3139 1574 3208 perpetraret,
1598 3135 1701 3210 sepius
1721 3153 1781 3193 eor·

96 3237 121 3291 ia
141 3233 291 3291 intestinis
310 3232 413 3287 lethale
433 3231 533 3286 vulnus
551 3228 682 3301 suscepit.
701 3228 770 3284 lude
790 3233 915 3283 revectus
965 3229 1119 3301 riperetur,
1142 3229 1260 3284 omnino
1289 3228 1398 3284 lurtum
1426 3245 1455 3284 se
1480 3228 1580 3285 iecisse
1607 3230 1780 3304 denegabat,

96 3329 184 3384 tribus
202 3325 374 3399 septimanis
387 3323 553 3397 supervixit,
568 3329 731 3394 terramque
750 3337 829 3377 suem
849 3320 914 3376 liliis
965 3320 1042 3393 quod
1067 3321 1210 3377 multoties
1228 3322 1316 3393 paulo
1343 3325 1407 3394 post
1428 3320 1626 3378 confitebatur.
1651 3322 1781 3387 Quadam

96 3424 149 3478 suis
171 3418 288 3493 ltugoni
308 3423 336 3474 et
357 3416 501 3473 Rodberto
522 3415 626 3472 divisit.
652 3414 758 3469 Ueinde
782 3431 827 3469 xrv
850 3414 912 3469 Kal.
966 3419 1063 3472 antem
1085 3417 1179 3484 noete,
1205 3414 1275 3470 dum
1298 3415 1327 3469 in
1351 3415 1424 3470 lecto
1446 3431 1496 3470 sno
1514 3414 1632 3486 jaceret,
1652 3418 1782 3489 arreptus

94 3516 156 3571 tulii
169 3513 267 3587 {roso}
281 3511 432 3568 destructus
444 3512 497 3578 est,
507 3513 534 3566 et
549 3525 630 3564 secus
644 3507 792 3564 ecclesiam
806 3508 915 3564 Sancte
965 3512 1008 3566 est
1021 3525 1038 3564 a
1053 3508 1208 3577 demonio,
1221 3508 1464 3581 vehementerque
1478 3513 1604 3564 vexatus.
1622 3509 1701 3565 hunc
1714 3525 1781 3564 com

95 3608 189 3664 Series
218 3605 299 3679 apud
327 3605 498 3661 Nuceretum
521 3600 647 3674 sepultus
672 3605 724 3656 cst.
748 3600 817 3656 lnda
839 3601 914 3656 llod-
966 3601 1100 3658 monachi
1119 3599 1297 3656 horribiliter
1313 3601 1484 3656 clamantem
1501 3600 1645 3668 audirent,
1660 3600 1698 3655 ad
1713 3617 1780 3657 eum

95 3703 193 3757 bertus
218 3698 295 3754 tilius
317 3698 378 3769 ejus
397 3700 545 3769 permotus
564 3699 616 3762 est,
637 3699 664 3750 et
683 3693 794 3749 meliori
813 3692 915 3748 militia
966 3696 1155 3763 accesserunt,
1171 3693 1309 3765 illumque
1329 3692 1537 3766 propulsantes,
1551 3697 1581 3749 et
1600 3708 1707 3765 aquam
1725 3692 1777 3751 be·

95 3793 220 3851 exerceri
243 3791 324 3847 nisus
347 3794 401 3846 est.
425 3788 594 3845 Coenobium
624 3786 718 3860 itaque
741 3787 770 3841 in
795 3787 915 3860 praelata
966 3787 1110 3843 nedictam
1129 3802 1216 3860 super
1235 3786 1314 3841 illum
1335 3788 1515 3859 spargentes,
1532 3785 1575 3840 vix
1594 3785 1779 3858 aliquandoa

94 3889 170 3956 villa,
191 3886 268 3942 sicut
289 3883 356 3940 satis
378 3899 464 3956 supra
485 3882 593 3937 dictum
615 3884 667 3952 est,
687 3897 738 3953 pro
760 3879 848 3936 salute
866 3896 916 3935 sua
965 3880 1115 3937 vexatione
1136 3878 1293 3936 demonico
1314 3895 1415 3935 eruere
1432 3879 1593 3953 quiverunt.
1614 3878 1668 3944 Qui
1688 3879 1722 3935 ad
1748 3876 1779 3935 ss

94 3995 273 4053 suorumque
292 3975 390 4033 statuit
404 3981 580 4045 construere,
597 3975 680 4047 eique
701 3975 790 4028 totam
805 3977 916 4045 partem
966 3990 1094 4029 reversus
1109 3972 1243 4046 intelligit
1260 3977 1377 4046 propter
1397 3972 1473 4028 lurta
1488 3988 1553 4046 quae
1568 3977 1667 4045 egerat
1681 3971 1778 4028 diebo-

94 4070 262 4148 patrimonii
287 4071 346 4137 sni,
371 4071 490 4140 lingone
512 4068 601 4124 fratre
625 4084 676 4122 suo
703 4066 914 4136 consentiente,
966 4068 1027 4123 lum
1040 4067 1127 4122 talem
1141 4068 1311 4138 potestatem
1327 4082 1414 4138 super
1427 4081 1457 4120 se
1472 4065 1623 4137 accepisse,
1637 4065 1780 4138 promisit·

94 4166 253 4224 liberaliter
280 4162 458 4218 submittere.
485 4161 557 4229 Sed,
584 4163 693 4216 mutato
719 4158 838 4215 consilio
866 4174 916 4231 per
965 4176 1022 4233 que
1035 4159 1111 4233 quod
1126 4160 1161 4215 ab
1178 4160 1231 4215 hae
1252 4158 1380 4232 nequitia
1400 4158 1435 4215 de
1453 4164 1557 4215 coetero
1573 4158 1728 4216 custodiret
1742 4176 1781 4216 se.

94 4259 274 4316 tt'illelmum
298 4255 395 4313 Geroii
416 4255 587 4310 avunculum
612 4268 707 4321 surim,
728 4254 804 4308 iacto
827 4266 914 4324 gene·
966 4253 1023 4310 Sed
1044 4256 1144 4326 postea
1160 4269 1240 4308 more
1255 4253 1333 4307 canis
1351 4252 1386 4308 ad
1402 4269 1486 4308 suum
1498 4252 1638 4310 vomitum
1654 4269 1784 4310 reversus

94 4354 147 4408 rati
163 4352 348 4418 testamento,
363 4365 428 4404 cum
449 4349 567 4421 lingone
589 4347 677 4401 fratre
699 4361 761 4413 suo,
777 4346 812 4401 de
830 4343 916 4399 rebus
967 4350 1023 4413 est;
1045 4346 1120 4401 unde
1140 4344 1276 4417 capitium
1298 4344 1336 4400 illi
1358 4344 1444 4401 abbas
1463 4345 1654 4402 Theodericus
1677 4344 1784 4402 abscidi

95 4463 166 4520 quas
180 4461 269 4516 supra
282 4442 516 4509 memoravimus,
531 4439 608 4495 venit
621 4438 744 4505 Utieum,
759 4438 855 4511 ibique
870 4454 913 4492 sc·
925 4439 1042 4527 Discit,
1066 4455 1190 4510 eumque
1211 4439 1247 4493 de
1270 4438 1400 4494 coenobio
1423 4437 1535 4510 expelli.
1556 4439 1668 4511 Ejectus
1687 4442 1784 4494 eutem

95 4540 224 4596 eundum
239 4536 380 4610 Regulam
393 4535 485 4592 Sancti
500 4532 645 4589 Benedicti
659 4531 758 4587 devote
772 4531 916 4604 protessus
965 4534 1001 4589 dc
1026 4531 1147 4604 collegio
1168 4532 1299 4600 fratrum,
1317 4531 1380 4602 iter,
1399 4536 1432 4587 ut
1451 4530 1560 4598 dicunt,
1579 4530 1609 4585 in
1629 4530 1785 4586 Jerusalem

96 4637 139 4688 est
162 4630 381 4688 monachatum.
403 4629 503 4684 llultos
525 4627 638 4682 labores
659 4643 712 4700 pro
731 4625 917 4681 subventione
968 4625 1167 4698 erripuit3sed
1179 4624 1298 4680 omnino
1309 4622 1451 4679 nescimus
1463 4622 1573 4696 qualem
1589 4625 1684 4694 postea
1694 4621 1783 4680 linem

98 4724 235 4800 pauperis
247 4723 374 4780 ecclesiae
391 4721 535 4790 sustinuit,
548 4736 673 4794 opesque
686 4722 840 4793 parentum
855 4734 917 4773 suo·
969 4719 1085 4775 sortitus
1097 4717 1195 4774 fuerit.

97 4837 176 4888 rum,
193 4818 244 4892 qui
262 4815 367 4873 divitiis
385 4814 583 4885 abundabant,
600 4813 743 4869 multoties
765 4811 869 4884 rapuit,
890 4812 919 4867 et
1005 4811 1127 4877 Quidam
1143 4810 1301 4884 presbyter,
1313 4808 1474 4865 ltnseredus
1485 4808 1612 4871 nomine,
1627 4809 1656 4865 in
1671 4809 1784 4867 territo·

96 4929 151 4986 pro
170 4911 262 4967 salute
280 4925 381 4964 eornm
404 4908 440 4963 ad
461 4905 587 4962 subsidia
605 4905 732 4962 lldelium
750 4903 918 4960 charitativa
969 4907 1012 4962 rio
1036 4904 1118 4973 villae,
1138 4921 1202 4978 quse
1224 4904 1333 4977 Sappus
1354 4901 1469 4974 dicitur,
1495 4903 1707 4973 commanebat,
1731 4905 1782 4977 qui

98 5003 257 5062 distribuit.
278 5001 405 5058 iladvisae
420 5016 545 5074 namque
566 4999 652 5055 matri
672 5014 729 5055 suae
745 4998 818 5053 datis
837 5014 868 5053 cx
884 4997 918 5052 li·
970 4999 1058 5054 vitam
1077 4999 1170 5054 levem
1191 4997 1320 5070 pluribus
1340 4996 1432 5053 modis
1452 4995 1583 5053 ducebat.
1602 4997 1651 5054 llic
1669 4998 1786 5055 dumah

97 5099 159 5154 bris
170 5095 411 5163 Rodomensium,
422 5093 565 5166 subripuit
575 5092 748 5165 mariagium
760 5106 855 5161 suum,
867 5092 920 5146 hoc
972 5091 1150 5164 aegritudinis
1166 5090 1347 5147 incommodo
1360 5089 1536 5163 latigaretur,
1551 5106 1568 5146 a
1581 5089 1729 5147 monachis
1742 5108 1786 5148 sn·

99 5197 144 5247 est
173 5191 250 5246 Noer
277 5187 427 5257 llainsrdi,
457 5189 540 5243 Vetus
565 5185 691 5254 llaisnil,
718 5183 865 5241 'tanesiam
893 5188 921 5240 et
971 5185 1089 5259 predicti
1103 5184 1222 5241 coenobii
1238 5183 1370 5241 habitum
1383 5182 1478 5240 Sancti
1498 5183 1643 5241 Benedicti
1659 5184 1710 5241 sibi
1724 5185 1787 5242 dari

98 5283 211 5341 Ueisnil
234 5282 322 5350 Uode,
346 5284 376 5336 et
396 5279 520 5336 Uticensi
545 5279 662 5335 tradidit
684 5277 819 5336 ecclesie.
843 5279 922 5334 'lunc
973 5278 1113 5351 poposcit.
1129 5277 1212 5343 Quod
1230 5294 1295 5334 cum
1315 5277 1436 5350 adeptus
1454 5278 1564 5346 luisset,
1579 5277 1615 5333 ad
1628 5278 1788 5336 coenobium

101 5379 190 5434 etiarn
204 5391 344 5451 magnum
354 5375 521 5448 psalterium
532 5372 618 5429 variis
627 5372 744 5445 picturis
758 5371 923 5428 decoratum
973 5372 1131 5429 aetdelatus
1141 5377 1227 5444 atque
1238 5372 1266 5427 in
1276 5370 1433 5428 infirmaria
1444 5371 1562 5444 positus.
1572 5370 1624 5437 Qui
1635 5373 1786 5446 postquam

100 5475 178 5529 dono
196 5469 370 5527 matrissuae
389 5467 568 5524 Uticensibus
586 5465 721 5534 contulit;
737 5464 815 5540 quod
832 5480 923 5538 usque
974 5466 1010 5521 ab
1034 5465 1133 5521 eadem
1158 5464 1327 5538 egritudine
1350 5464 1504 5529 convaluit,
1530 5462 1607 5520 illam
1628 5463 1787 5533 levitatem,

101 5565 191 5624 bodie
210 5563 418 5620 monachorum
435 5561 534 5618 concio
552 5552 718 5635 psalmodiis
737 5559 849 5617 intenta
863 5560 922 5617 lre·
974 5575 1062 5632 quam
1082 5558 1254 5618 insecuturi
1273 5558 1458 5618 conversione
1472 5558 1640 5634 agitaverat,
1654 5558 1684 5618 in
1698 5575 1786 5639 quan-

133 5759 186 5825 (tt)
199 5755 292 5812 Hodie
311 5754 402 5810 Γαίου.
