3750 6046
30 128 158 219 'aaa

794 156 954 215 oabuntct
972 156 1101 214 altatis
1258 168 1264 177 '
1468 158 1471 163 '
1735 156 1783 213 aaa

106 286 136 341 iu
148 284 196 341 illa
211 283 361 355 intrarent,
376 283 530 357 diligenter
544 284 696 340 obturavit.
710 282 853 340 lulianam
873 300 920 339 au·
930 295 960 368 Α
971 282 1019 356 qui
1039 281 1069 338 iu
1084 281 1188 338 vicinio
1209 285 1302 349 erant,
1324 280 1472 338 audientes
1485 278 1568 354 qaod
1589 294 1668 353 pana
1689 294 1783 337 omnes

106 384 177 449 tem,
190 394 309 435 uxorem
323 395 405 434 suam
425 395 491 451 quoe
509 377 585 450 regis
599 394 635 435 ex
655 377 755 451 pellice
772 378 831 432 lilia
849 382 918 445 erat,

107 473 256 529 Britolium
270 472 357 543 misit,
372 473 458 545 eique
475 473 511 528 ad
525 473 697 529 servandum
717 471 855 545 oppidum
872 488 921 528 ne·

107 568 245 624 cassarius
259 566 365 624 milites
378 567 534 623 associavit.

143 664 229 718 Porro
238 662 405 734 burgenses,
417 662 483 734 quia
495 662 556 734 regi
565 662 662 718 fideles
675 664 766 731 erant,
777 677 830 717 nec
840 660 919 717 illum

108 756 289 828 aliquatenus
310 755 453 812 offendere
468 756 612 825 volebant,
627 760 660 813 ut
679 757 798 812 tulianae
817 756 921 812 adven-

108 852 171 905 tum
200 853 328 923 pluribus
355 853 515 909 nociturum
542 850 762 917 intellexeruut,
789 850 920 922 protinus

106 943 919 1018 regiutBritoliumproperanterveniret,mandaveruot.

109 1036 246 1093 Providus
259 1054 320 1109 rex,
334 1040 402 1095 illud
418 1040 544 1095 recolens
556 1038 591 1093 ab
611 1036 710 1093 audaci
729 1037 845 1094 curione
860 1040 919 1095 Cra-

970 376 1136 443 Normanni,
1152 375 1250 433 relicto
1271 390 1352 447 rege,
1373 374 1473 447 nepoti
1494 374 1557 447 ejus
1577 373 1721 442 faverent,
1734 374 1783 447 ipsi

969 487 1084 544 quoque
1102 470 1290 527 decreverunt
1313 468 1419 525 similia
1435 471 1617 541 perpetrare.
1633 467 1717 525 Unde
1729 470 1783 541 pri·

968 581 1033 621 mus
1046 564 1202 622 liainatdus
1216 563 1252 619 de
1267 562 1355 621 Bailol
1370 563 1505 620 Falesiam
1517 560 1600 631 abiit,
1615 560 1781 621 fidelitatem

969 659 1030 731 regi
1053 658 1176 731 reliquit,
1193 659 1276 732 eique
1297 657 1425 732 poscenti
1446 658 1479 712 ut
1499 656 1625 713 domum
1646 672 1729 713 suam
1752 658 1783 715 de

969 752 1111 809 Mansione
1137 752 1280 809 Renuardi
1306 752 1450 819 redderet,
1475 750 1600 824 superbe
1625 749 1784 825 denegarit.

969 849 1046 903 Tunc
1070 862 1119 902 rex
1140 847 1198 903 ait:
1227 866 1240 898 a
1262 846 1304 902 Ad
1325 846 1433 901 curiam
1455 860 1551 901 meam
1576 844 1705 914 venum
1731 860 1785 902 non

970 941 1081 1013 cupiam
1095 945 1134 996 te.
1159 940 1211 997 Sed
1232 938 1422 1011 penitebitta
1447 939 1527 995 naias
1548 938 1673 1011 cepisse
1695 942 1787 997 mata
1832 955 1834 965 ·

970 1051 1028 1090 mc.
1044 1056 1059 1085 a
1072 1035 1133 1091 ltux
1147 1033 1195 1090 illo
1215 1034 1376 1105 recedente,
1389 1049 1439 1089 rer
1456 1032 1592 1089 militiam
1611 1048 1699 1091 snam
1716 1048 1782 1089 aon-

52 5530 55 5535 *
109 5542 152 5596 ter
163 5539 352 5612 impugnavit.

969 1129 1085 1197 vocavit,
1100 1131 1128 1183 et
1148 1144 1221 1200 pena
1236 1144 1303 1184 cum
1316 1127 1417 1184 illaad
1436 1125 1636 1184 munitionem
1657 1128 1722 1200 ejus
1740 1144 1785 1184 ss·

970 1238 1052 1296 spere
1069 1221 1157 1279 venit.
1172 1224 1258 1278 Porro
1272 1221 1440 1293 ltainaldus,
1454 1220 1554 1277 videns
1568 1220 1655 1295 quod
1669 1220 1708 1277 ad
1726 1226 1785 1278 tan·

970 1321 1032 1373 tum
1047 1333 1120 1374 onus
1133 1316 1351 1373 sustentandum
1372 1316 1463 1388 impos
1482 1320 1569 1385 esset,
1585 1330 1677 1373 mana
1696 1316 1786 1386 exivit,

108 1130 164 1186 sari
178 1131 296 1201 dictum,
313 1130 423 1190 inbelli
439 1133 562 1205 negotiis
580 1155 585 1187 ι

181 1240 254 1297 Tolle
266 1256 355 1297 ruerus
369 1258 376 1297 τ
390 1256 492 1312 semper
505 1243 598 1296 nocuit
612 1241 720 1311 differre
733 1243 849 1311 pvrrotis,

537 1320 649 1391 (Lucan,
664 1322 685 1387 l,
699 1319 773 1389 181.)

109 1413 213 1469 auditis
223 1413 411 1486 burgensium
422 1413 622 1485 legationibus,
632 1413 779 1470 Britolium
795 1413 921 1468 concitus
971 1415 999 1469 et
1013 1411 1195 1468 clementiam
1210 1409 1287 1482 regis
1306 1410 1464 1483 postulans,
1485 1409 1709 1466 munimentum
1726 1408 1787 1467 rad·

108 1508 197 1575 venit,
211 1512 239 1563 et
249 1508 336 1579 portis
352 1507 377 1563 oi
393 1510 542 1579 gratanter
558 1508 664 1579 apertis
683 1507 712 1562 in
727 1507 822 1563 villam
836 1506 921 1562 iutra-
971 1505 1052 1562 didit.
1069 1504 1199 1561 Protinus
1213 1520 1259 1560 rex
1274 1503 1420 1576 lapideam
1430 1504 1561 1575 domum,
1571 1520 1643 1559 cum
1654 1510 1788 1577 apparatu

108 1599 158 1656 vit.
173 1598 281 1655 Deinde
292 1600 421 1655 fidelibus
435 1600 535 1656 incolis
550 1617 602 1672 pro
615 1600 682 1656 fidei
698 1601 844 1657 devotione
860 1616 920 1672 gra·
970 1600 1098 1655 ciborum
1113 1605 1140 1655 et
1154 1598 1289 1654 omnibus
1303 1614 1367 1671 quae
1382 1598 1568 1667 inluserunt,
1584 1597 1724 1655 incendio
1736 1602 1787 1654 tra·

110 1694 163 1749 tias
176 1694 245 1765 egit,
259 1700 287 1750 et
305 1711 341 1749 ne
356 1694 400 1749 sui
414 1693 519 1749 milites
534 1693 642 1766 aliquid
657 1694 694 1749 ibi
710 1699 845 1766 raperent
860 1711 921 1766 pro
931 1663 959 1735 Β
971 1693 1053 1749 didit.
1069 1693 1117 1749 llis
1128 1693 1226 1765 itaque
1239 1691 1403 1765 compertis,
1413 1691 1599 1747 Cerceienses
1611 1695 1646 1747 et
1656 1692 1693 1748 de
1705 1692 1789 1749 (iren-

108 1787 212 1855 bibuit,
235 1786 492 1859 municipiumque,
515 1788 544 1843 in
567 1804 623 1860 quo
651 1804 755 1859 procax
779 1787 837 1843 filia
860 1788 922 1860 ejus
971 1786 1140 1844 temaisnilio
1161 1786 1248 1842 ecda
1269 1784 1533 1854 ltoutaPincionis,
1555 1785 1703 1841 rebellare
1725 1787 1788 1857 nisi,

109 1882 273 1950 occluserat,
287 1880 406 1937 obsedit.
419 1882 496 1937 Tarne
515 1881 562 1936 illa
576 1881 704 1954 undique
720 1881 802 1936 anxia
814 1881 879 1949 init,
893 1884 922 1936 et
971 1881 1122 1949 siluerunt,
1136 1885 1164 1935 et
1179 1879 1331 1935 malevolos
1343 1884 1470 1947 conatus,
1487 1894 1524 1934 ne
1537 1878 1649 1935 similia
1661 1882 1789 1952 pateren-

110 1974 180 2047 quid
194 1977 294 2045 ageret
308 1975 441 2044 nescivit;
457 1992 509 2047 pro
524 1978 602 2030 certo
619 1991 795 2047 cognoscens
808 1980 921 2047 patrem
972 1978 1028 2042 tur,
1042 1974 1176 2030 continuo
1190 1976 1430 2045 compresserunt,
1444 1988 1496 2029 nec
1510 1972 1636 2028 ulterius
1651 1974 1684 2029 in
1698 1972 1789 2030 domi·

110 2084 195 2123 suarm
214 2067 267 2123 sibi
285 2067 372 2123 nimis
385 2069 492 2124 iratum
506 2069 572 2124 illuc
583 2069 738 2137 advenisse,
754 2075 783 2126 et
802 2070 922 2125 obsidio·
972 2085 1042 2125 num
1056 2083 1154 2140 regern
1170 2067 1317 2123 sustollere
1331 2083 1436 2122 cornua
1449 2072 1713 2140 praesumpserunt.

110 2177 178 2218 nem
192 2161 267 2217 circa
287 2163 432 2217 castellum
453 2163 575 2235 positam
597 2163 658 2219 sina
680 2169 786 2237 tropeo
804 2181 861 2220 non
882 2164 922 2219 di·
972 2177 1003 2231 v,
1017 2179 1055 2232 pe
1066 2176 1134 2232 seno
1147 2178 1218 2232 snper
1230 2190 1303 2247 repes
1315 2177 1436 2232 pransa}
1448 2178 1475 2231 02
1487 2176 1597 2246 ,12191533
1616 2180 1696 2244 905e0
1707 2179 1790 2233 wag.

109 2256 264 2311 missurum
284 2256 357 2325 fore,
380 2256 508 2324 tandem,
527 2256 598 2312 sicut
621 2258 757 2313 Salomon
779 2258 839 2313 ait:
861 2262 922 2317 Non
1320 2262 1435 2313 suatur.

109 2354 149 2407 est
174 2352 284 2406 molitio
306 2366 386 2423 super
416 2352 552 2406 maiitiam
579 2351 701 2407 mulieris
727 2354 835 2423 (Ereti,
856 2369 920 2421 xxv,
1007 2350 1181 2418 Goisfredus,
1195 2349 1425 2422 archiepiscopus
1437 2350 1693 2423 Rothomagensis,
1708 2354 1791 2407 bsec-

109 2444 164 2515 sc),
178 2459 297 2499 manum
309 2460 391 2499 suam
405 2444 434 2498 in
448 2444 584 2500 christum
601 2445 712 2500 Domini
727 2446 840 2500 mittere
854 2462 922 2517 pra·
972 2445 1073 2513 linum,
1089 2444 1209 2500 Andreae
1227 2443 1328 2514 lilium,
1344 2443 1472 2516 pluribus
1484 2444 1597 2515 placitis
1613 2444 1722 2501 acritm
1739 2446 1790 2501 im·

110 2536 255 2608 cogitavit.
270 2536 349 2594 Unde
368 2537 446 2609 loqui
468 2553 533 2593 cum
555 2542 635 2610 patre
655 2538 852 2595 fraudulenter
875 2556 922 2611 pe·
973 2537 1079 2611 petivit,
1094 2541 1122 2594 et
1135 2538 1239 2609 injuste
1254 2537 1386 2608 demptis,
1402 2542 1433 2592 ut
1446 2537 1620 2609 quibusdam
1629 2538 1728 2595 visum
1741 2545 1792 2611 est,

109 2630 181 2687 tivit.
972 2632 1058 2688 rebus
1087 2632 1155 2700 saris,
1180 2631 1261 2687 valde
1288 2632 1461 2703 aggravavit.
1484 2632 1534 2687 llle
1556 2631 1649 2704 igitur
1672 2649 1792 2689 rancore

144 2725 202 2782 Rex
223 2728 332 2795 autem,
354 2730 442 2781 tantae
463 2726 571 2781 fraudis
596 2726 711 2781 feminae
741 2727 864 2796 nescius,
886 2727 922 2782 ad
973 2726 1034 2782 diro
1047 2725 1248 2792 stomachatus,
1264 2725 1426 2781 Pontesiam
1444 2725 1480 2781 ad
1501 2740 1604 2797 regem
1618 2728 1752 2797 accessit,
1765 2734 1791 2783 et

37 2896 41 2901 Ι
110 2818 284 2891 colloquium
310 2820 412 2889 vonit,
438 2835 524 2892 quem
550 2820 674 2874 inlausta
699 2820 811 2876 soboles
837 2821 924 2876 inter·
972 2836 1001 2875 se
1016 2818 1197 2887 Andeleium,
1213 2819 1236 2873 si
1249 2818 1361 2875 veniret
1375 2823 1542 2890 recepturus
1554 2836 1622 2875 cum
1634 2820 1740 2877 bellica
1756 2822 1792 2887 vi,

111 2913 195 2968 licere
217 2912 314 2967 soluit.
337 2914 408 2968 Nam
430 2913 563 2968 balistam
585 2913 716 2983 tetendit,
742 2919 771 2968 et
789 2915 922 2987 sagittam
973 2914 1153 2986 proditurum
1178 2912 1340 2985 spopondit.
1365 2913 1464 2968 Franci
1490 2929 1558 2985 ergo
1585 2914 1675 2971 nimis
1705 2916 1794 2988 gavisi

110 3005 146 3062 ad
159 3009 269 3078 patrem
285 3007 385 3075 traxit3
408 3006 468 3073 sed,
487 3011 654 3078 protegente
676 3009 743 3075 Deo,
761 3024 820 3063 non
839 3008 921 3063 laesit.
934 3034 962 3109 C
974 3012 1049 3077 sunt,
1064 3010 1093 3063 et
1106 3023 1208 3078 rogans
1223 3024 1259 3063 no
1269 3006 1457 3079 pigritaretur
1470 3007 1612 3064 exhortati
1627 3012 1709 3065 sunt.
1724 3012 1793 3069 Con·

110 3099 188 3155 Unde
204 3116 252 3155 rex
265 3099 338 3155 illico
356 3099 464 3155 destrui
479 3106 596 3171 pontem
610 3100 719 3156 castelli
731 3101 807 3171 fecit,
823 3118 859 3156 ue
879 3102 923 3157 in-
974 3102 1087 3157 firmato
1108 3101 1241 3172 utrinque
1261 3103 1353 3172 pacto,
1369 3101 1515 3156 ascelinus
1536 3101 1726 3173 probissimos
1747 3120 1792 3159 sa-

110 3193 281 3265 grederetur
302 3193 405 3266 aliquis
426 3195 469 3248 vel
491 3195 686 3266 egrederetur.
701 3194 805 3251 Videas
828 3197 924 3268 itaque
975 3196 1077 3252 tellites
1091 3211 1186 3250 secum
1203 3194 1330 3262 adduxit,
1345 3200 1374 3249 ct
1387 3194 1416 3249 in
1431 3211 1548 3250 suanam
1560 3197 1738 3267 apothecam
1752 3215 1794 3254 se·

110 3286 222 3341 tatiana
234 3302 263 3342 se
275 3286 402 3358 undique
415 3286 632 3355 circumvallari,
649 3289 852 3361 neminemque
868 3290 922 3344 sibi
976 3293 1073 3362 getum
1088 3293 1173 3344 noctu
1186 3287 1350 3358 intromisit,
1366 3287 1463 3361 ibique
1478 3289 1530 3344 sub
1546 3290 1689 3347 stramine
1704 3292 1793 3348 laten-

111 3379 320 3447 adminiculari,
335 3381 396 3453 regi
420 3381 567 3437 castellnm
592 3382 716 3438 reddidit
726 3401 735 3452 ;
761 3383 812 3438 scd
831 3383 866 3438 ab
890 3400 924 3438 eo
975 3390 1019 3438 ter
1031 3382 1189 3438 abscondit.
1203 3381 1359 3437 Lndovicos
1377 3386 1475 3438 autem
1492 3398 1542 3438 rex
1561 3399 1629 3439 cum
1644 3384 1793 3461 phalanga

110 3473 233 3529 liberum
255 3475 417 3530 nuliatenus
439 3475 548 3530 exitum
570 3476 689 3548 adipisci
712 3477 813 3547 potuit.
835 3478 923 3549 ltegio
974 3477 1146 3533 bellatorum
1169 3476 1344 3548 pedetentim
1366 3492 1433 3532 eum
1455 3476 1600 3533 insecutus
1623 3483 1678 3535 est.
1700 3480 1792 3549 Mane,

111 3583 216 3640 nempe
227 3568 308 3640 jussu
319 3576 425 3638 coacta,
439 3570 599 3641 sinoponte
609 3573 876 3628 etsustentamento
888 3572 923 3627 de
975 3571 1033 3627 viso
1057 3586 1135 3642 rege,
1157 3569 1319 3625 vociferatio
1340 3570 1440 3642 populi
1466 3570 1625 3642 personuit,
1646 3577 1678 3629 et
1703 3562 1795 3630 nimia

110 3661 227 3717 sublimi
243 3662 308 3731 ruit,
323 3666 351 3718 et
365 3662 448 3718 nudis
471 3664 585 3720 natibus
599 3681 689 3738 usque
704 3665 733 3720 in
749 3665 923 3737 protundum
974 3663 1151 3737 perturbatio
1172 3680 1224 3736 pro
1246 3669 1304 3719 tam
1324 3663 1469 3735 insperata
1490 3680 1520 3720 re
1541 3670 1661 3737 repente
1684 3666 1794 3724 incolas

109 3756 207 3811 fossati
220 3772 285 3811 cum
306 3757 465 3829 ignominia
479 3758 637 3815 descendit.
661 3761 716 3815 tioc
733 3760 868 3815 nimirum
894 3761 923 3815 in
974 3760 1086 3815 invasit.
1101 3759 1254 3814 latitantes
1268 3773 1336 3813 vero
1353 3757 1556 3815 substramina
1573 3759 1668 3816 subito
1688 3778 1792 3834 proru-

111 3850 204 3921 capitc
215 3850 452 3922 Quadragesimae,
469 3853 497 3906 in
511 3853 592 3907 tertia
606 3853 765 3925 septimana
779 3853 924 3908 Februarii
975 3856 1092 3924 perant,
1116 3857 1146 3907 ct
1168 3854 1276 3922 Regale.
1292 3852 1406 3924 signum
1426 3853 1596 3925 anglorum,
1619 3869 1689 3911 cum
1710 3856 1794 3929 plebe

111 3944 241 4015 contigit,
258 3944 327 4000 dum
341 3945 414 4001 fossa
429 3946 537 4001 castelli
551 3945 730 4001 brumalibus
743 3947 924 4020 aquisplena
975 3947 1164 4003 vociterantes
1185 3947 1220 4002 ad
1243 3945 1434 4002 munitionem
1453 3953 1661 4019 cucurrerunt;
1677 3949 1729 4006 sed
1748 3950 1792 4006 in·

110 4036 288 4107 redundavit,
302 4042 332 4093 et
352 4038 429 4094 unda
448 4039 537 4095 nimio
559 4040 624 4111 gelu
647 4040 799 4096 constricta
820 4044 925 4097 tenerae
975 4042 1073 4113 gressi,
1086 4043 1173 4099 Meum
1184 4042 1328 4109 goudium,
1338 4040 1415 4113 quod
1426 4041 1599 4100 Francorum
1609 4043 1728 4117 signum
1739 4052 1792 4115 est,

112 4130 190 4185 carni
204 4131 290 4203 lapsae
302 4132 429 4188 mulieris
438 4132 542 4205 ingens
551 4133 642 4205 frigus
651 4134 718 4205 jure
728 4133 923 4190 subministra·
974 4134 1795 4211 versavieeclamaveruntlirclusisitaqueindigenis,Galli

111 4223 159 4278 vit.
174 4224 294 4280 infausta
308 4226 437 4282 bellatrix
456 4226 521 4282 inde
538 4229 570 4281 ut
589 4227 680 4299 potuit
699 4244 764 4282 cum
787 4228 923 4284 dedecore
975 4228 1792 4306 castruminteriusobtinuerunt,ctturmaeregisperpor·

111 4318 204 4389 exivit,
226 4335 258 4375 ac
276 4319 313 4374 ad
332 4320 469 4375 maritum
488 4336 582 4388 svium,
597 4320 646 4392 qui
667 4321 768 4376 Paccio
790 4321 923 4393 degebat,
976 4330 1017 4378 tas
1040 4322 1178 4378 violenter
1199 4322 1386 4391 intraverunt,
1410 4326 1558 4397 totamque
1582 4324 1680 4382 villam
1703 4334 1794 4385 nacta

110 4413 262 4483 remeavit,
277 4413 360 4486 cique
373 4414 461 4469 tristis
475 4417 593 4471 eventus
606 4431 688 4470 verax
703 4415 836 4471 nuntium
858 4409 963 4482 eno-D
975 4421 1051 4473 sunt.
1066 4416 1223 4473 Richardus
1237 4421 1345 4486 atatem,
1360 4416 1434 4472 tilius
1448 4419 1534 4490 rogis,
1550 4418 1657 4492 aliique
1671 4423 1794 4478 munici-

110 4506 194 4563 davit.
212 4509 270 4563 lter
283 4507 441 4579 burgenses
457 4508 628 4578 convocavit,
644 4508 678 4565 de
699 4509 837 4565 fidelitate
858 4526 925 4565 con·
975 4528 1025 4583 pes
1037 4511 1077 4565 sic
1092 4509 1363 4582 improvisoimpetu
1376 4512 1745 4584 praeventisunt,etamissa
1752 4516 1795 4572 in·

110 4607 222 4657 servata
237 4601 371 4661 laudavit.
385 4602 532 4674 promissis
545 4608 573 4658 et
593 4601 741 4659 beneficiis
762 4603 923 4672 bonoravit,
974 4608 1021 4659 tus
1037 4607 1066 4660 ot
1079 4609 1157 4660 extra
1171 4604 1250 4659 omni
1264 4604 1435 4660 defensionis
1450 4622 1509 4678 spe,
1524 4606 1669 4663 adaulam
1681 4610 1793 4667 Sanctae

110 4700 140 4751 et
159 4711 260 4751 eorrrm
278 4695 395 4752 consilio
410 4702 536 4752 castrum
551 4696 660 4752 Britolii
680 4697 830 4753 tutandum
845 4714 922 4753 com·
975 4698 1098 4771 Virginis
1128 4699 1223 4754 ldarioe
1250 4700 1452 4772 confugerunt.
1480 4699 1606 4773 Denique
1634 4701 1794 4760 Ludovicus

109 4789 263 4845 mandavit.
974 4810 1036 4864 rex,
1051 4798 1203 4866 postquam
1216 4794 1381 4865 presidium
1395 4810 1462 4850 cum
1476 4797 1535 4851 toto
1548 4795 1642 4869 burgo
1653 4799 1792 4869 possedit,

145 4885 206 4939 Non
220 4884 310 4939 multo
324 4888 398 4956 post,
414 4884 536 4941 ltadutio
550 4886 585 4942 de
606 4885 729 4954 Guader,
744 4887 844 4942 audaci
864 4887 924 4942 ath·
954 4956 957 4962 ,
975 4888 1151 4961 liiehardum
1167 4904 1232 4944 cum
1247 4888 1491 4945 commilitonibus
1504 4890 1562 4946 suis
1575 4889 1700 4947 liberum
1711 4892 1793 4949 abira

110 4978 185 5048 iota,
208 4978 276 5051 quia
296 4995 384 5051 nepos
404 4996 438 5035 ex
461 4996 559 5035 sorore
584 4980 726 5036 Guillelmi
751 4980 925 5037 Britolieusis
975 4999 1033 5055 qno
1046 4983 1132 5038 vellet
1145 4982 1290 5054 praecepit,
1306 4999 1358 5054 pro
1373 4984 1532 5041 reverentia
1544 4984 1726 5042 intemeratae
1737 5004 1796 5043 ma·

110 5076 181 5141 erat,
204 5072 330 5129 reddidit
352 5075 442 5128 totum
465 5074 605 5131 honorem
621 5079 832 5130 antecmsorum
852 5076 922 5147 ejus,
974 5076 1035 5143 tris,
1049 5093 1113 5148 quae
1127 5076 1299 5133 Salvatorem
1313 5076 1414 5133 mundi
1427 5080 1550 5150 peperit,
1563 5079 1644 5151 cujus
1663 5096 1752 5153 opem
1765 5087 1794 5139 et

109 5167 215 5237 praeter
228 5166 371 5236 Paccium,
386 5168 462 5240 quod
476 5168 640 5224 Eustachius
653 5168 778 5224 tenebat.
793 5169 842 5225 llle
856 5186 922 5225 vero
974 5170 1121 5226 basilicam
1135 5169 1258 5226 fideliter
1271 5171 1396 5243 expetiit.
1413 5172 1522 5241 Franci,
1539 5175 1689 5230 recedente
1708 5192 1792 5249 rege,

110 5258 257 5313 castellum
269 5259 345 5315 dono
354 5260 750 5335 regisobtentumdiligenter
759 5263 920 5333 custodivit,
974 5263 1198 5336 oppidumquod
1207 5264 1330 5320 incorde
1340 5265 1465 5338 regionis
1474 5270 1623 5338 ceperunt,
1634 5267 1793 5341 diligenter

109 5355 138 5408 et
151 5352 181 5407 in
195 5353 328 5409 omnibus
350 5354 411 5428 regi
433 5354 537 5426 tidelis,
558 5357 711 5428 multisque
732 5356 923 5437 probitatibus
974 5362 1169 5428 servaverunt,
1185 5362 1330 5432 totamque
1347 5359 1522 5432 provinciam
1534 5360 1790 5433 circumjacentem

108 5444 258 5502 laudabilis
271 5447 381 5517 claruit,
395 5452 424 5505 et
436 5449 531 5505 hostes
542 5450 671 5523 publicos
685 5450 811 5522 undique
821 5451 923 5507 audac·
973 5467 1059 5523 super
1073 5452 1235 5524 Sequanam
1248 5452 1300 5508 sibi
1318 5453 1555 5525 subjugaverunt.
1570 5453 1613 5511 lbi
1631 5455 1712 5511 enim
1732 5457 1790 5514 Go-

973 5545 1107 5602 detredus
1122 5546 1157 5602 de
1170 5546 1288 5603 Serrana
1302 5549 1332 5602 at
1350 5547 1549 5620 Engelrannua
1569 5547 1606 5605 de
1617 5548 1694 5621 Tria,
1707 5550 1791 5609 Albe-

140 5633 248 5690 Eodem
261 5637 391 5707 tempore
407 5635 513 5710 illiti,
531 5635 698 5695 oximenses
712 5638 748 5695 de
765 5638 923 5696 rebellione
973 5639 1049 5696 ricus
1064 5640 1101 5696 da
1113 5640 1210 5697 Burriz
1224 5646 1254 5697 et
1271 5640 1417 5697 Baldricua
1432 5641 1469 5699 de
1482 5642 1577 5713 Braia,
1591 5642 1699 5717 aliique
1712 5660 1789 5719 pre·

4 5776 7 5787 .
83 5726 294 5787 tractaverunt.
322 5730 396 5793 Nam
423 5732 627 5809 curceienses,
650 5734 762 5817 aliique
785 5734 932 5816 oppidani
981 5734 1339 5797 santabarenum
1355 5739 1585 5807 permanserunt.
1598 5735 1794 5809 1111111111.-
