3750 6046
138 160 194 217 ter
820 153 984 213 ostentet
1003 156 1134 214 vttltts
1772 158 1823 215 488

138 281 309 338 Francorum
338 276 471 335 omnibus
498 277 668 335 Normennis
695 276 749 334 sibi
776 278 954 351 gratulanter
964 280 1129 366 Areliquiis
1155 280 1380 353 asportaverunt.
1407 276 1551 336 satellites
1576 280 1676 337 autem
1701 278 1821 339 illorum

137 371 297 432 beantibus
313 374 478 448 praesideat!
497 395 511 426 »
1009 374 1114 446 ubique
1128 372 1221 430 diffusi
1234 379 1310 441 suut,
1324 379 1354 430 et
1365 372 1504 446 quidquid
1519 372 1658 430 humanae
1672 373 1740 431 ritae
1752 391 1825 432 corn·

177 469 225 527 llis
239 468 354 537 auditis,
375 485 423 524 rex
442 469 541 524 anxius
559 469 650 524 iactos
670 470 714 523 εει
732 468 768 525 de
787 468 862 524 dono
882 467 958 540 quod
1008 468 1125 523 modum
1148 473 1327 539 repererunt,
1349 466 1486 524 flentibus
1507 466 1655 524 monachis
1675 473 1705 524 ει
1725 469 1826 525 vocite-

138 562 252 636 llugoni
270 579 328 619 non
344 563 460 635 roganti
477 568 577 635 sponte
593 578 645 617 sua
664 561 786 633 largitus
803 563 861 631 est;
875 577 957 616 euru-
1008 560 1147 631 rantibus,
1164 561 1354 617 irreverenter
1371 565 1538 633 rapuerunt.
1554 561 1595 617 lbi
1609 561 1762 633 nimirum,
1785 579 1825 619 ra·

45 674 49 683 ·
138 672 195 731 que
215 656 365 714 consilium
380 661 523 729 quaereret
544 655 613 728 quid
632 655 700 711 inde
719 670 806 726 agere
827 654 956 722 deberat,
1006 654 1135 725 paritatis
1149 654 1269 710 habenis
1282 655 1401 710 omnino
1415 655 1557 725 relaxatis,
1575 655 1728 711 neminem
1746 672 1822 714 reve·

138 750 295 824 versipellis
310 753 405 807 Uanus
425 754 543 822 repente
559 750 715 821 persuadet
727 753 759 805 ut
773 748 869 805 omnia
886 763 955 821 pro·
1006 747 1056 802 riti
1070 752 1146 818 suut,
1161 747 1212 804 sed
1225 747 1314 804 libros
1328 751 1357 803 et
1369 752 1469 816 vestes,
1483 746 1648 821 variamque
1661 749 1822 822 supeltecti-

139 847 225 901 missa
239 845 408 917 denegando
423 843 536 916 penitus
549 843 629 899 irrita
643 843 760 910 iaceret,
776 841 955 914 imperioque
1005 841 1063 897 lem
1078 846 1136 896 mm
1151 841 1359 897 monachorum
1377 858 1465 914 quam
1487 841 1623 898 clientum
1638 858 1743 899 eorum
1761 843 1824 899 diri·

140 941 245 995 minaci
271 940 419 1010 llugonem
445 937 481 992 ab
511 936 658 993 obsidione
682 936 848 992 oximorum
876 935 955 991 abire
1005 939 1149 1006 puerunt,
1178 938 1207 990 et
1232 938 1444 1006 perscrutantes
1473 934 1571 990 omnia
1599 950 1667 1008 quae
1698 936 1821 1008 pridem,

141 1033 332 1105 compelleret,
346 1034 375 1086 ει
390 1030 414 1085 ei
426 1036 569 1103 precepto
583 1030 676 1086 adbuc
690 1030 804 1085 rebellis
818 1029 953 1101 persiste·
1005 1027 1164 1097 monachis,
1181 1031 1212 1084 ut
1225 1028 1334 1084 dictum
1349 1034 1401 1095 est,
1420 1027 1473 1101 ipsi
1487 1028 1692 1100 pandentibus,
1707 1046 1821 1103 compe-

141 1132 194 1193 ret,
214 1123 371 1181 communis
391 1123 520 1179 omnium
543 1124 631 1180 virtus
650 1123 725 1179 bello
745 1122 852 1178 ibidem
872 1122 955 1178 illum
1005 1125 1112 1190 rerunt,
1131 1122 1316 1177 sustulerunt.
1331 1121 1459 1193 lienique
1474 1122 1568 1193 juncti
1585 1122 1705 1196 reliqum
1726 1124 1821 1181 mutti-

139 1220 300 1292 impeleret.
312 1218 353 1273 Ad
368 1218 442 1273 bane
455 1217 630 1289 legationem
646 1217 804 1274 ltcrnardus
816 1217 889 1273 duos
902 1216 955 1272 mi·
1004 1214 1110 1282 tudini,
1127 1215 1162 1270 de
1182 1215 1319 1271 Ncustriae
1332 1214 1439 1270 tinibus
1455 1215 1594 1286 exierunt,
1616 1222 1645 1272 ει
1663 1217 1705 1272 sic
1726 1234 1822 1273 omnes

140 1313 204 1368 lites
219 1312 294 1367 illico
314 1311 491 1383 preparavit,
508 1314 538 1367 et
555 1327 604 1367 rex
621 1311 776 1384 imperiosa
790 1311 875 1381 dicta,
889 1326 954 1382 qum
1003 1309 1167 1380 conglobati
1188 1308 1223 1364 ad
1244 1308 1340 1364 natale
1362 1308 1452 1364 solum
1474 1325 1539 1366 cum
1563 1309 1663 1381 praede
1685 1312 1822 1383 repedare

138 1406 252 1478 llugoui
270 1404 425 1473 deterrent,
440 1404 494 1460 illis
511 1405 642 1476 iniunxit.
658 1403 754 1461 Nuntii
768 1420 835 1460 vero
854 1405 953 1476 llugo·
1002 1402 1219 1458 lestinarerunt.

139 1516 206 1557 uem
229 1499 394 1555 festinanter
415 1498 603 1570 expetierunt,
626 1504 655 1554 et
676 1497 763 1554 verba
786 1498 861 1570 regie
882 1513 952 1553 con·
1003 1496 1059 1552 llll.
1087 1499 1219 1554 Uticenses
1238 1496 1481 1568 masticamus
1502 1498 1663 1566 murtotoris
1683 1502 1730 1557 sui
1750 1504 1822 1572 sepul

140 1597 250 1650 ειειιιει
259 1593 286 1649 εἰ
300 1592 515 1649 nuntiaverunt.
528 1613 543 1643 u
553 1591 792 1662 abominabilem,
806 1591 952 1664 inquiunt,
1088 1591 1246 1647 ἀεεειιιιιιιι.
1263 1592 1295 1646 s.
1311 1591 1416 1661 Etcum
1427 1591 1550 1662 redpuire
1561 1592 1739 1650 dividuntur.

139 1687 334 1744 temeritatem
353 1686 569 1758 praesumpsisti,
590 1687 641 1758 qui
660 1685 818 1742 dominium
841 1669 991 1741 dominiB
1041 1684 1187 1740 Uticenses
1208 1689 1305 1740 autem
1327 1684 1358 1739 iu
1381 1686 1460 1740 lanu
1478 1683 1657 1743 desolatione
1678 1687 1769 1745 nimis
1783 1689 1822 1745 lu·

140 1782 217 1854 regis
238 1781 410 1836 Francorum
430 1779 568 1848 invasisti,
588 1781 617 1834 et
634 1779 772 1852 oppidum
792 1779 953 1848 oximense,
1006 1777 1110 1850 gubres
1122 1777 1214 1834 allecti
1231 1781 1307 1845 sunt,
1323 1776 1437 1850 etquid
1454 1782 1584 1850 agerent,
1599 1780 1644 1836 vel
1662 1798 1722 1854 quo
1738 1782 1821 1851 irent,

140 1875 189 1932 ubi
205 1877 323 1947 propria
337 1873 418 1929 sedes
435 1874 497 1945 ejus
513 1872 548 1928 ab
564 1873 690 1945 antiquis
710 1872 887 1945 temporibus
901 1874 954 1939 εει,
1004 1871 1114 1928 amissis
1142 1871 1277 1929 omnibus
1303 1872 1483 1940 nescierunt;
1509 1874 1700 1930 consideratis
1726 1880 1821 1932 tamen

141 1984 218 2025 nuuc
231 1967 375 2025 obsedisti.
390 1968 568 2040 Nuncsuper
586 1967 640 2023 hec
653 1983 685 2022 re
699 1971 876 2039 praeceptum
893 1966 956 2037 ejus
1005 1965 1164 2034 eventibus,
1181 1982 1246 2021 cum
1267 1966 1403 2023 translato
1424 1966 1507 2022 Patre
1525 1970 1624 2024 sancto
1645 1969 1821 2042 peregrinari

141 2063 217 2131 sudi,
230 2067 258 2118 ει
270 2077 322 2133 ρει
335 2062 422 2118 tidem
435 2075 523 2133 qnam
536 2060 562 2116 ei
577 2060 676 2127 debes,
689 2060 750 2116 sine
763 2076 847 2116 mora
859 2058 953 2115 obedi.
1004 2060 1201 2117 decreverunt.

140 2159 214 2213 Ante
238 2155 305 2212 solis
328 2170 458 2212 omasum
484 2154 519 2210 ab
542 2153 688 2210 obsidione
713 2153 826 2224 recede,
850 2158 879 2209 ει
903 2170 955 2226 pro
1039 2153 1161 2218 Quidam
1191 2168 1276 2209 senex
1303 2152 1483 2223 venerabilis,
1515 2154 1632 2212 nomine
1662 2158 1820 2228 decelinus,

140 2254 222 2307 reatu
242 2248 412 2305 temeritatis
433 2248 463 2303 in
485 2263 597 2321 regem,
617 2247 662 2303 lac
683 2247 724 2302 illi
747 2252 858 2304 rectum
879 2247 954 2318 apud
1005 2247 1077 2304 Utici
1093 2246 1265 2319 prepositus
1277 2249 1350 2317 erat,
1366 2246 1551 2320 officiumque
1565 2249 1710 2322 prioratus
1721 2267 1820 2308 secun·

140 2342 311 2399 Laudunom
323 2345 452 2414 tempore
465 2357 522 2413 qno
532 2341 690 2397 decreverit
700 2341 771 2413 ipse,
782 2341 955 2413 optimatum
1004 2340 1074 2396 dum
1099 2339 1345 2411 opportunitatem
1366 2340 1503 2412 temporis
1526 2340 1681 2413 diligenter
1706 2345 1820 2417 agebat.

135 2436 245 2510 judicio
264 2441 292 2493 et
310 2435 502 2508 persuasione.
519 2434 651 2507 Alioquin
670 2439 786 2508 paratus
805 2438 866 2490 esto
887 2449 953 2490 cum
1005 2433 1064 2503 llic,
1087 2433 1157 2489 dum
1172 2433 1286 2489 vidisset
1307 2434 1460 2490 monachos
1480 2439 1510 2491 et
1522 2450 1622 2491 corum
1642 2437 1777 2493 ramulas
1793 2438 1822 2494 in

139 2530 197 2586 tuis
218 2529 252 2585 ad
279 2529 421 2601 praelium.
444 2530 514 2584 Nam
537 2545 599 2595 rex,
621 2528 756 2584 dominus
780 2532 857 2596 tuus,
881 2528 905 2582 si
927 2529 954 2583 te
1005 2527 1094 2582 nimio
1117 2526 1285 2582 constitutos
1306 2542 1437 2597 moerore,
1460 2532 1489 2583 et
1512 2543 1613 2584 omues
1634 2529 1709 2586 velle
1727 2531 1821 2587 locum

19 2678 23 2683 .
139 2622 291 2693 invenerit,
307 2622 336 2677 in
353 2622 406 2678 bae
423 2621 580 2694 septimana
598 2627 692 2677 tecum
706 2621 814 2677 viribus
829 2622 954 2677 Franco·
1004 2621 1114 2692 pariter
1129 2620 1290 2677 desolutum
1303 2619 1514 2694 derelinqaere,
1525 2623 1695 2695 Patremque
1706 2622 1822 2682 beatum

139 2733 204 2775 rum
217 2722 246 2772 ct
262 2718 492 2772 Normennorum
505 2715 665 2771 dimicabit.
682 2737 696 2766 a
1004 2730 1125 2786 peregre
1149 2713 1232 2786 sequi
1252 2729 1318 2769 cum
1338 2713 1434 2770 hostili
1460 2715 1590 2788 agmine,
1613 2717 1704 2772 multa
1726 2733 1822 2776 εεειιιιι

176 2812 240 2866 llaec
252 2810 382 2879 audiens,
394 2810 475 2881 lingo
486 2808 674 2865 vehementer
686 2808 775 2865 iratus
789 2814 842 2877 est,
853 2810 882 2863 et
895 2824 954 2880 prae
1004 2809 1154 2863 revolvens
1166 2806 1263 2864 subtili
1277 2807 1482 2876 meditamine,
1495 2808 1620 2866 decrevit
1632 2809 1744 2867 ibidem
1757 2829 1822 2870 cum

139 2903 183 2960 ira
202 2902 382 2971 furibundus,
401 2903 439 2958 sie
459 2919 523 2958 suos
542 2900 643 2958 altatus
662 2908 704 2958 est
723 2919 729 2958 :
750 2922 764 2952 u
779 2902 859 2957 Unde
875 2901 953 2957 stoli·
1003 2902 1109 2957 timore
1134 2901 1250 2957 Domini
1272 2901 1360 2957 tinem
1386 2917 1469 2957 surim
1493 2908 1668 2974 exspectare.
1693 2904 1822 2979 Denique

139 2997 209 3053 dum
221 3012 320 3067 regem
334 2998 411 3050 tanta
426 2995 528 3051 invasit
542 2994 686 3051 dementia
700 2999 731 3050 ut
745 2995 818 3050 mihi
831 2995 897 3050 totis
912 2995 952 3049 vi·
964 3036 992 3112 C
1003 2999 1122 3052 cunctos
1140 2995 1243 3051 iratres
1266 2995 1402 3064 accersiit,
1427 3001 1457 3051 et
1474 2996 1504 3051 in
1525 3012 1616 3052 unum
1640 3001 1822 3072 cougregatis

139 3089 218 3146 ribus
235 3087 317 3144 illum
336 3088 482 3160 adjuvanti
498 3088 649 3144 mandaret
667 3088 754 3144 talia?
774 3086 955 3143 Normenniae
1004 3091 1046 3146 ait
1062 3105 1069 3144 :
1085 3108 1100 3142 r
1116 3090 1169 3145 Pro
1189 3089 1313 3160 peccatis
1332 3089 1446 3158 natus,
1462 3093 1493 3146 et
1513 3094 1628 3162 patrum
1639 3090 1820 3164 nostrorum,

139 3183 334 3256 principatum
348 3198 406 3238 nou
421 3181 579 3254 concupivi,
595 3198 689 3255 neque
701 3185 813 3254 partem
829 3181 955 3256 aliquam
1004 3182 1099 3238 divina
1117 3182 1261 3254 percussio
1272 3198 1359 3254 super
1372 3198 1426 3240 nos
1440 3183 1597 3254 descendit,
1614 3187 1643 3240 et
1656 3186 1822 3243 terribiliter

139 3277 175 3333 ab
197 3277 244 3332 illc
266 3275 416 3349 requisivi;
442 3276 490 3332 sed
512 3276 574 3348 ipse
598 3281 686 3332 totam
712 3276 860 3349 regionem
884 3275 955 3331 citra
1004 3276 1128 3344 irruens,
1146 3292 1200 3332 nos
1218 3281 1246 3332 et
1266 3279 1364 3333 nostra
1383 3278 1498 3350 penitus
1516 3277 1659 3348 contrivit,
1684 3280 1823 3353 irrepere·

140 3374 300 3443 Quanam
313 3386 403 3443 usque
418 3371 453 3427 ad
468 3385 545 3426 mare
563 3372 637 3426 ultro
652 3370 723 3426 mihi
743 3370 857 3437 obtulit,
872 3370 953 3426 auxi·
1003 3370 1155 3443 biliterque
1181 3371 1294 3442 dejecit.
1322 3372 1390 3427 Ecce
1412 3371 1501 3427 ludex
1526 3372 1724 3444 omnipotens,
1750 3375 1823 3432 siout

138 3463 266 3537 liumque
282 3480 380 3520 meum
399 3467 430 3520 ut
443 3463 596 3520 indomitos
610 3465 716 3536 pirates
730 3463 888 3532 edomaret,
901 3480 953 3535 po·
1004 3480 1056 3537 per
1076 3481 1180 3520 manus
1202 3463 1463 3521 Nabuchodonosor
1482 3469 1512 3521 et
1528 3465 1726 3524 chaldeorum
1745 3471 1822 3525 lem·

137 3558 238 3631 poscit.
261 3559 360 3614 Nonne
385 3558 534 3614 manifesta
557 3558 667 3614 crunctis
691 3558 801 3613 insania
823 3557 952 3630 patescit,
1003 3558 1091 3615 salem
1117 3563 1146 3614 et
1168 3558 1309 3630 templum
1334 3557 1493 3614 Salomonis
1514 3559 1667 3629 destruxit,
1690 3565 1821 3620 sanctua-

138 3651 216 3726 quod
230 3650 297 3708 inde
314 3668 427 3707 mecum
442 3651 596 3724 contligere
612 3651 749 3720 decernit,
763 3651 840 3708 unde
858 3651 952 3708 tamn·
1003 3653 1137 3724 rinmque
1152 3668 1236 3707 suurn
1248 3652 1322 3723 juste
1337 3651 1508 3723 humiliavit,
1527 3653 1567 3709 sic
1579 3669 1750 3726 permeans
1764 3657 1820 3712 llu-

138 3745 247 3815 lorilli,
261 3745 406 3817 sicutipse
418 3745 490 3801 mihi
504 3744 660 3817 praecepit?
673 3744 756 3800 lliser
773 3744 878 3817 estqui
894 3761 951 3800 ser·
1003 3749 1087 3820 genie
1100 3751 1186 3819 atque
1207 3746 1379 3801 Francorum
1402 3746 1479 3803 hunc
1498 3747 1591 3803 locum
1610 3747 1742 3821 pluribus
1762 3765 1822 3807 mo·

138 3840 178 3896 vit
196 3840 307 3911 iniquo,
327 3844 356 3894 et
375 3838 525 3894 imbecillis
544 3838 593 3911 qui
612 3838 792 3894 iraudulento
812 3837 954 3910 subigitur
1003 3841 1046 3897 dis
1060 3839 1215 3912 affligendo
1230 3839 1338 3912 puniit3
1353 3839 1507 3913 praecipue,
1527 3840 1606 3913 quod
1622 3857 1709 3913 supra
1723 3845 1822 3901 omnia

138 3934 167 3991 et
181 3932 275 3987 stulto.
291 3932 467 3987 Festinanter
484 3931 571 3987 modo
590 3931 727 3999 recedite,
743 3934 890 4003 totamque
905 3948 952 3986 re·
1003 3933 1161 3990 dolendum
1181 3938 1233 4001 est,
1256 3932 1366 3989 ossibus
1379 3933 1454 3991 beati
1465 3934 1556 3990 Petris
1574 3934 1682 3991 Ebrulfl
1701 3936 1821 4011 aliisque

137 4024 254 4096 gionem
273 4024 356 4080 istam
374 4024 526 4093 devastate,
541 4024 672 4080 ecclesias
688 4024 837 4093 destruite,
852 4025 953 4082 domos
1003 4032 1167 4085 sanctorum
1195 4026 1324 4099 reliquiis
1351 4042 1402 4083 nos
1428 4027 1556 4099 privarit.
1589 4029 1676 4086 Vobis
1703 4034 1819 4101 summ,

137 4126 324 4186 concremate,
342 4117 441 4172 lurnos
464 4122 493 4173 et
506 4117 687 4173 molendinos
707 4117 832 4189 dejicite,
850 4134 953 4190 greges
1003 4138 1072 4195 quos
1092 4121 1172 4194 sequi
1191 4121 1313 4192 pignora
1333 4122 1422 4193 petris
1440 4123 1532 4178 nostri
1550 4122 1642 4192 video,
1661 4123 1717 4179 boc
1736 4124 1821 4197 pluri·

136 4225 276 4283 pacorum
292 4215 321 4265 et
339 4213 537 4267 armentorum
557 4209 698 4279 abducite,
717 4216 745 4267 et
762 4227 848 4267 omne
863 4227 953 4285 genus
1003 4215 1057 4271 mis
1079 4232 1131 4288 pro
1153 4214 1349 4271 occasionibus
1369 4214 1524 4288 prohibere
1546 4231 1605 4273 non
1625 4217 1731 4287 audeo,
1753 4218 1822 4292 quia

137 4304 293 4376 spoliorum
313 4304 369 4360 buc
390 4304 510 4360 rrlterius
530 4321 589 4360 non
610 4303 730 4361 redituri
751 4310 904 4377 asportate,
924 4311 953 4363 et
1002 4308 1206 4381 totabaecjam
1221 4309 1334 4365 deserta
1346 4312 1390 4364 cst
1405 4309 1497 4382 regio,
1512 4314 1541 4366 et
1556 4310 1632 4366 inter
1647 4308 1821 4369 bellantium

136 4398 241 4472 praedis
255 4398 350 4454 onusti
363 4397 486 4454 nefarios
498 4398 662 4471 relinquite.
677 4420 691 4449 a
959 4403 1082 4477 Dar-ma
1109 4402 1272 4475 principum
1297 4401 1422 4458 inermes
1452 4402 1583 4460 cucullati
1615 4409 1716 4460 carent
1747 4405 1821 4464 victu

172 4492 219 4549 llis
235 4493 274 4548 ila
288 4492 378 4561 dictis,
393 4491 519 4549 dissoluti
539 4492 691 4564 praedones
705 4509 759 4566 per
772 4493 951 4565 provinciam
1001 4497 1171 4553 necessario.
1194 4498 1235 4553 lte
1254 4512 1320 4551 cam
1340 4495 1390 4551 llei
1412 4495 1623 4565 benedictione,
1643 4501 1674 4553 et
1694 4498 1821 4573 benigno

136 4586 232 4644 diffusi
249 4591 327 4657 sunt,
345 4586 516 4658 improvisos
533 4602 684 4658 pagenses,
699 4587 749 4658 qui
760 4587 821 4658 jam
837 4587 888 4643 sab
904 4593 950 4644 tu·
1002 4591 1089 4660 Patri,
1104 4590 1154 4664 qui
1170 4605 1220 4646 vos
1232 4589 1371 4645 hactenus
1388 4590 1459 4645 aluit
1472 4590 1502 4645 in
1516 4606 1566 4646 sua
1581 4591 1710 4663 regione,
1727 4592 1821 4649 tideli-

135 4683 191 4739 tela
203 4681 327 4753 llugonis
339 4680 393 4737 tati
407 4696 469 4736 esse
482 4678 631 4752 putabant,
645 4680 908 4748 circumdederunt,
922 4685 951 4739 et
1000 4688 1047 4740 ter
1058 4683 1173 4753 servite,
1184 4699 1250 4739 cum
1264 4699 1298 4738 eo
1311 4683 1529 4755 peregrinantes
1542 4684 1572 4739 in
1585 4684 1680 4741 aliena
1690 4687 1821 4758 regione.

135 4776 241 4848 absque
260 4774 457 4832 misericordia
477 4774 558 4830 ducis
574 4774 655 4846 jussa
674 4779 858 4847 peregerunt.
873 4776 951 4832 Tunc
1001 4779 1062 4851 ligo
1082 4781 1182 4834 autem
1202 4777 1364 4833 Uticensem
1387 4778 1482 4834 locum
1504 4794 1561 4835 non
1579 4778 1756 4852 relinquam,
1773 4781 1821 4837 sed

134 4867 285 4925 llerluinus
311 4869 496 4926 cancellarius
527 4873 556 4924 et
585 4868 720 4924 ltadutius
749 4869 784 4924 de
816 4870 961 4942 Uragiaco·
1000 4872 1059 4941 hic,
1085 4872 1133 4926 ubi
1158 4870 1256 4927 multis
1276 4870 1359 4927 bonis
1378 4871 1486 4943 potitus
1508 4887 1586 4940 sum,
1607 4872 1733 4930 Creatori
1754 4890 1821 4931 meo

134 4963 307 5018 rusticorum
325 4962 448 5034 pecudes
466 4961 523 5018 sire
539 4961 747 5035 supellectilem
760 4979 817 5019 non
833 4978 949 5019 curave·
1000 4965 1138 5033 serviam,
1168 4980 1221 5021 nec
1248 4964 1317 5021 inde
1345 4965 1472 5037 quandiu
1497 4965 1590 5021 vitalis
1614 4966 1692 5022 calor
1717 4967 1749 5023 in
1773 4983 1821 5024 me

133 5061 215 5125 runt3
232 5056 280 5111 sed
300 5055 440 5112 Uticensis
459 5055 573 5128 hospitii
587 5071 742 5126 memores,
760 5056 827 5113 illuc
844 5057 951 5113 reversi
999 5059 1097 5129 tuerit,
1116 5075 1177 5115 non
1196 5059 1341 5115 recedam.
1356 5059 1419 5117 Scio
1439 5059 1516 5132 quod
1535 5059 1626 5117 multa
1640 5059 1688 5116 hic
1705 5065 1820 5119 sancto·

133 5152 210 5218 sunt,
225 5151 254 5204 et
266 5165 298 5205 ex
313 5149 455 5221 insperato
470 5165 535 5205 cum
550 5149 608 5205 suis
624 5149 655 5205 iu
673 5149 838 5207 caenobium
855 5152 949 5207 irrue·
1000 5169 1065 5209 rnm
1088 5153 1271 5226 requiescunt
1293 5168 1432 5226 corpora,
1454 5158 1484 5210 et
1502 5153 1578 5210 hanc
1600 5153 1694 5211 locum
1722 5159 1822 5212 sancto

132 5244 211 5298 runt.
237 5241 383 5297 Basilimm
409 5257 535 5315 quoque,
556 5243 738 5317 stupentibus
762 5250 791 5299 et
815 5243 854 5299 nil
879 5244 950 5300 mali
998 5247 1075 5303 Patri
1097 5246 1260 5320 designarit
1281 5245 1352 5303 visio
1368 5246 1510 5320 angelica,
1534 5246 1582 5303 ubi
1601 5265 1632 5305 se
1652 5248 1821 5307 deberetad

132 5334 343 5409 suspicantibus
360 5334 597 5405 cenobitarum
615 5343 793 5394 armatorum
812 5338 950 5395 violentia
1002 5341 1158 5397 multorum
1178 5340 1397 5398 aedificationem
1411 5340 1594 5413 inspirituali
1609 5357 1745 5401 exercere
1763 5343 1820 5400 mi·

132 5428 252 5502 ingressi
275 5434 351 5499 sunt,
374 5444 479 5485 arcana
501 5431 599 5503 tempti
624 5436 652 5487 et
674 5448 756 5488 sacra
776 5432 860 5489 busta
882 5448 950 5490 mox
1000 5431 1175 5491 litia'ldnlti
1200 5434 1301 5493 tideles
1324 5434 1372 5491 bic
1395 5433 1534 5491 aldmimo
1558 5435 1632 5509 llegi
1650 5435 1821 5495 obtuleruut

132 5521 274 5591 adierrrnt,
293 5523 350 5580 tria
366 5538 487 5597 corpore
505 5528 668 5582 sanctorum
686 5525 795 5583 Fbrnlll
813 5530 843 5583 et
862 5526 949 5584 libre·
999 5534 1081 5603 grata
1108 5531 1214 5585 sauma
1239 5529 1305 5586 vitre
1326 5528 1478 5600 libamina;
1499 5546 1553 5603 pro
1577 5528 1683 5604 quibus
1700 5531 1764 5604 jem
1782 5531 1820 5588 in

132 5616 235 5674 mundi
248 5619 335 5690 atque
347 5616 479 5675 ansberti
497 5618 532 5676 de
549 5619 703 5677 mausoleis
720 5620 906 5690 sustulerant,
921 5623 951 5678 et
999 5621 1101 5697 Elysiis
1121 5622 1237 5681 sedibus
1257 5623 1386 5681 camneti
1403 5627 1599 5700 perceperant
1617 5625 1749 5699 prrernia.
1770 5625 1821 5683 llic

133 5709 215 5769 curib
236 5726 299 5769 osse
320 5709 442 5771 seminis
463 5711 592 5770 involuta
614 5729 680 5770 cum
702 5713 766 5772 aliis
786 5718 949 5773 unctorum
999 5716 1029 5773 in
1049 5717 1129 5775 bone
1145 5732 1213 5790 spe,
1238 5716 1320 5775 vobis
1337 5716 1565 5790 dimsdsub‘bus,
1584 5718 1763 5795 melio,
1781 5719 1821 5779 tc·
