3750 6046
50 234 103 290 aaa
556 226 727 289 aristote
746 228 790 290 ΕΤ
807 223 1011 289 rnlvrnncla.
1026 254 1061 273 -
1073 228 1128 288 AN.
1150 230 1229 285 titt.
1680 228 1734 285 994

48 358 85 414 de
98 357 214 427 Grecis,
228 356 375 413 ecclesiam
388 357 416 413 8.
429 357 528 427 Mauri,
544 357 692 413 ecclesiam
706 360 734 413 8.
746 356 865 413 Pascha·
876 379 906 452 Α
916 355 1121 413 lucarnationis
1148 353 1301 411 bominice
1328 368 1404 408 anuo
1431 354 1518 422 tlte,
1548 351 1734 409 Pontificatus

48 452 95 518 sii,
119 452 267 509 ecclesiam
283 452 312 508 S.
335 451 447 523 nugati,
464 467 528 523 que
552 454 594 506 est
614 451 696 523 juxta
716 450 865 506 ecclesiam
916 467 984 507 vero
997 450 1105 507 domin.
1120 448 1256 506 anastasii
1272 463 1354 520 pape
1368 448 1400 503 lll
1412 462 1488 503 auno
1501 446 1606 518 primo.

47 547 163 602 Sancte
193 545 287 601 naria
318 544 470 602 Rotunde.
501 545 587 600 Extra
618 561 685 600 vero
718 543 868 600 ecclesiam
1303 542 1349 598 lll.

48 639 78 696 8.
94 640 215 695 loannis
242 639 277 694 de
299 639 399 707 Plano,
415 638 562 694 ecclesiam
586 638 696 695 Sancte
719 637 814 694 blarie
833 638 868 694 de
1023 639 1198 706 Pvioileqium
1208 652 1260 707 pro
1275 637 1435 691 monetario
1448 637 1478 694 S.
1490 635 1626 692 Aatbimi.

48 734 152 800 ltocca,
167 733 315 788 ecclesiam
336 733 447 788 Sancte
466 732 562 787 llarie
586 731 621 787 de
641 731 806 799 venticano,
821 747 866 787 cc·
980 732 1096 801 (Rome,
1113 748 1159 803 ap.
1176 730 1206 786 S.
1220 730 1339 786 llariarn
1352 729 1524 798 Rotundum,
1538 730 1599 786 Oct.
1615 728 1673 801 31.)

47 826 165 882 clesiam
180 826 209 881 S.
232 827 308 882 Petri
322 826 357 882 de
378 825 505 893 cardito,
526 824 673 881 ecclesiam
696 825 724 880 S.
740 825 815 880 Petri
837 825 866 879 in
1090 825 1233 897 [Usuerna
1249 824 1333 880 ltolio
1347 838 1437 889 socru,
1451 824 1473 892 l,
1487 822 1561 895 ouri
1791 892 1792 897 ἵ

46 921 190 987 Planisio,
223 919 371 976 ecclesiam
402 920 495 975 Sancti
525 919 683 986 Theodori,
718 918 867 974 ecclesiam
952 921 1123 975 Avasrnsrus
1147 919 1308 991 episcopus,
1330 933 1427 973 servus
1442 932 1591 974 servorum
1613 917 1673 987 Dei,
1689 917 1734 973 di·

47 1012 161 1069 Sanctve
173 1013 268 1068 blarie
283 1012 313 1068 in
332 1012 462 1068 Gildone.
478 1012 630 1068 Abbatiam
646 1011 757 1067 Sancte
772 1011 867 1067 llariae
916 1013 989 1069 lecto
1009 1013 1066 1069 illio
1081 1014 1208 1077 Guroour,
1234 1011 1333 1067 Abbati
1358 1010 1521 1067 blcnasterii
1543 1011 1571 1067 S.
1593 1011 1734 1080 euthimi,

45 1107 78 1162 in
110 1107 214 1175 Strata,
247 1105 394 1162 abbatiam
426 1106 535 1162 Sancte
567 1105 660 1160 Marias
690 1105 725 1160 de
757 1104 866 1173 Curate,
917 1107 1036 1178 ejusque
1056 1106 1264 1163 successoribus
1282 1105 1453 1177 regulariter
1475 1104 1681 1162 substituendis
1702 1105 1733 1160 iu

46 1200 199 1256 ecclesiam
214 1200 325 1256 Sancte
336 1199 431 1255 blarie
444 1199 473 1253 in
484 1198 673 1267 Gradellibus,
685 1203 715 1254 et
728 1198 867 1271 quidquid
916 1206 1100 1273 perpetuum.

42 1293 120 1366 juris
143 1293 231 1349 habes
252 1294 281 1348 in
300 1299 393 1350 castro
415 1293 519 1349 Montis
540 1292 659 1360 sarculi,
684 1296 713 1349 et
736 1293 767 1347 in
788 1291 867 1347 Valle
954 1295 1026 1350 Cum
1040 1294 1173 1350 omnibus
1196 1292 1319 1350 ecclesiis
1341 1295 1371 1347 et
1392 1291 1589 1348 ecclesiasticis
1603 1291 1735 1364 personis
1827 1298 1831 1305 '

45 1389 184 1445 Caudina.
206 1389 344 1443 Praeterea
359 1387 538 1442 concedimus
553 1386 603 1442 tibi
622 1386 701 1458 pallii
722 1401 805 1442 usum
829 1402 865 1441 ex
917 1387 1058 1444 debitores
1080 1404 1114 1443 ex
1136 1388 1265 1460 injuncto
1285 1386 1367 1442 uobis
1381 1403 1399 1440 a
1415 1386 1472 1442 lieo
1485 1386 1657 1459 apostolatus
1670 1386 1734 1442 om-

46 1498 130 1538 more
145 1481 182 1536 ad
206 1497 287 1536 sacra
309 1480 459 1536 missarum
481 1480 621 1535 solemnia
645 1480 821 1551 peragenda,
838 1484 868 1534 ut
917 1482 961 1537 cio
980 1482 1146 1549 existamus,
1170 1481 1225 1536 illis
1246 1483 1345 1535 tamen
1367 1480 1543 1552 propensiori
1568 1480 1661 1536 studio
1684 1496 1735 1536 uos

46 1575 183 1631 videlicet
206 1591 239 1629 co
266 1574 341 1629 inira
361 1573 472 1646 scriptis
495 1573 595 1629 diebus
620 1574 695 1629 inira
717 1574 865 1629 ecclesiam
917 1575 1051 1632 convenit
1063 1575 1225 1644 imminere,
1241 1590 1306 1646 que
1319 1590 1354 1629 ex
1367 1574 1485 1646 antiqua
1498 1574 1678 1631 institutione
1693 1573 1731 1629 ad

45 1668 253 1725 tantummodo
268 1668 376 1722 utaris:
400 1668 431 1723 ln
453 1667 540 1723 natali
559 1667 681 1733 Domini,
696 1667 865 1739 Epiphania,
914 1670 964 1741 jus
987 1672 1016 1724 et
1037 1669 1242 1740 proprietatem
1265 1669 1296 1723 B.
1318 1667 1393 1723 Petri
1413 1670 1543 1739 spectare
1565 1671 1733 1724 noscuntur.

46 1762 250 1818 purificatione
273 1765 377 1817 sancte
397 1767 426 1816 et
443 1777 558 1833 semper
579 1760 702 1832 Virginis
722 1760 825 1830 ldarr'e,
840 1754 906 1826 etB
918 1764 1086 1835 liupropter,
1101 1762 1202 1818 dilecte
1216 1762 1246 1817 iu
1265 1762 1385 1817 Domino
1398 1760 1448 1829 lili,
1461 1760 1518 1817 tuis
1533 1761 1619 1833 justis
1634 1766 1734 1835 postu·

47 1856 78 1911 iu
110 1855 339 1911 ennuntiatione
374 1856 519 1927 ejusdem,
553 1858 637 1912 cena
670 1854 802 1922 Domini,
837 1859 866 1909 et
917 1856 1070 1912 lotionibus
1096 1856 1257 1911 clementer
1282 1854 1448 1922 annuimus,
1469 1860 1499 1909 et
1521 1854 1735 1927 predecessoris

49 1949 230 2023 paschalibus
244 1948 455 2015 festivitatibus,
470 1949 645 2004 Asceusione
658 1948 865 2016 Domini,Pen·
917 1951 1007 2008 nostri
1029 1948 1117 2005 felicis
1139 1949 1292 2005 memoriae
1317 1963 1400 2020 pape
1424 1949 1581 2004 lunocentii
1606 1948 1733 2021 vestigiis

50 2046 170 2111 tecoste,
186 2044 215 2097 in
231 2042 382 2098 festivitate
394 2044 421 2099 S.
433 2043 551 2098 loannis
562 2042 707 2114 baptiste,
720 2042 749 2096 in
763 2041 866 2097 natali·
917 2044 1091 2100 inherentes
1103 2042 1310 2099 monasterium
1324 2043 1354 2097 B.
1370 2041 1509 2112 euthimi,
1524 2042 1581 2113 cui,
1594 2042 1654 2098 Deo
1669 2057 1734 2098 auc·
1837 2052 1840 2057 '

50 2138 99 2193 tiis
114 2137 312 2209 apostolurum
326 2136 401 2192 Patri
417 2141 444 2192 et
460 2136 551 2204 Pauli,
567 2136 638 2192 etin
653 2135 866 2208 assumptione,
918 2141 980 2194 tore
1006 2154 1128 2210 pracesse
1154 2135 1341 2209 dignosceris,
1366 2136 1530 2208 apostolice
1548 2135 1623 2192 sedis
1644 2135 1732 2208 privi-

49 2238 80 2287 et
107 2232 258 2287 Nativitate
290 2230 381 2286 beate
408 2246 577 2302 semperque
611 2230 738 2301 Virginis
769 2228 868 2284 blutris
917 2232 996 2303 legio
1014 2232 1163 2304 presentis
1186 2230 1283 2303 scripti
1306 2229 1412 2303 pagina
1433 2229 1654 2285 communimus.
1669 2231 1734 2285 Sta·

49 2324 158 2381 itariae.
181 2326 213 2380 ln
238 2323 416 2379 dedicatione
438 2324 481 2379 tui
502 2324 774 2395 archiepiscopatus,
789 2327 818 2377 at
840 2322 869 2376 in
919 2328 1043 2392 tuentes,
1064 2331 1094 2380 ut
1116 2339 1294 2396 quecunque
1312 2322 1399 2391 bona,
1418 2338 1602 2396 quascunque
1620 2339 1731 2394 posses-

49 2418 246 2474 anniversario
261 2423 319 2473 tuae
332 2418 554 2473 consecrationis
563 2417 618 2485 die,
633 2417 663 2472 in
677 2416 871 2489 congregatio·
920 2419 1013 2474 siones
1035 2419 1065 2473 in
1089 2418 1308 2490 presentiarum
1331 2417 1409 2472 idem
1433 2416 1638 2473 monasterium
1657 2417 1735 2489 juste

49 2513 136 2569 nibus
161 2513 370 2585 episcoporum,
395 2511 622 2567 ordinationibus
645 2511 815 2566 clericorum
838 2513 868 2565 et
920 2516 949 2569 et
969 2512 1103 2569 canonice
1121 2511 1258 2585 possidet,
1280 2513 1330 2566 aut
1351 2510 1381 2565 in
1404 2510 1533 2566 loturum
1554 2511 1736 2567 concessione

50 2607 311 2665 consecrationibus
324 2607 527 2676 ecclesiarum
553 2612 693 2678 praeterea
707 2606 737 2660 iu
751 2605 868 2661 transla·
920 2606 1099 2679 pontificum,
1112 2605 1264 2677 largitione
1279 2620 1381 2676 regum
1392 2605 1445 2673 trel
1465 2603 1637 2677 principum,
1651 2604 1734 2660 obla·

51 2702 136 2758 tione
153 2701 279 2773 corporis
293 2701 370 2756 beati
384 2700 593 2769 Bartholomei,
609 2701 683 2773 quod
696 2703 747 2755 tua
764 2699 869 2754 irater·
921 2700 997 2756 tione
1015 2699 1153 2764 fidelium,
1173 2715 1223 2753 sen
1247 2698 1309 2753 aliis
1329 2697 1415 2769 justis
1436 2698 1538 2765 modis,
1561 2703 1734 2770 procurante

55 2797 134 2851 nitas
147 2797 177 2850 in
191 2794 343 2851 secretario
355 2794 458 2850 debeat
472 2795 601 2863 induere,
618 2795 699 2850 etsie
714 2794 748 2849 ad
768 2793 870 2848 missa·
920 2793 1040 2851 Itomino
1053 2792 1159 2865 poterit
1172 2791 1299 2862 adipisci,
1314 2792 1396 2846 llrma
1418 2792 1470 2847 tibi
1489 2791 1602 2863 tuisque
1621 2806 1731 2847 succes·

52 2906 120 2946 rum
136 2889 278 2946 solemnia
288 2888 440 2960 proficisci.
921 2888 1032 2944 sor-ibus
1045 2893 1074 2942 et
1094 2886 1204 2942 illibata
1225 2891 1384 2941 serventur.
1398 2886 1435 2941 Ut
1452 2891 1550 2940 autem
1566 2884 1649 2956 juxta
1670 2901 1736 2941 ucr-

92 2984 275 3041 Ilecemimus
288 2998 358 3055 ergo
372 2985 405 3037 ut
414 2982 485 3037 nulli
499 2981 616 3037 omnino
627 2981 777 3037 homiuum
787 2980 873 3037 liceat
921 2998 1001 3037 mam
1017 2983 1116 3037 vestre
1130 2979 1315 3052 professionis
1336 2979 1438 3034 divinis
1458 2978 1603 3051 obsequiis
1620 2977 1738 3034 liberius

52 3079 188 3135 camdem
213 3077 367 3132 Ecclesiam
397 3081 506 3131 temere
532 3075 712 3147 perturbare,
737 3077 788 3130 aut
811 3075 872 3146 eJus
921 3091 1024 3131 vacare
1044 3073 1167 3146 possitis,
1190 3072 1277 3128 simili
1300 3071 1387 3128 modo
1409 3073 1563 3143 sancimus,
1586 3078 1619 3128 ut
1640 3072 1737 3143 cujus·

53 3171 248 3245 possessiones
261 3171 383 3239 aulcrre,
398 3171 440 3225 vel
457 3169 567 3224 ablatas
580 3168 715 3237 retinere,
731 3124 992 3236 minuere,Clibet
1023 3167 1150 3223 ecclesiae
1187 3167 1326 3223 sacerdoti
1356 3167 1463 3221 nullam
1491 3165 1737 3238 Jurisdictiouem,

52 3267 97 3322 vel
111 3265 270 3322 temerariis
285 3264 477 3320 exactionibus
490 3262 620 3334 fatigare,
631 3262 680 3317 sed
693 3261 790 3318 omnia
803 3261 873 3316 inte·
922 3263 1030 3317 nullum
1045 3265 1226 3333 potestatem,
1242 3265 1292 3316 aut
1305 3261 1513 3327 auctoritatem,
1529 3263 1646 3331 excepto
1662 3259 1736 3314 duu-

53 3378 106 3433 gra
121 3365 325 3415 conserventur
337 3374 437 3414 eorum
452 3374 502 3429 pro
518 3372 639 3427 quornm
653 3355 872 3428 gubernatione,
924 3359 998 3411 taxat
1010 3357 1139 3411 ltomauo
1155 3353 1297 3426 pontifice,
1314 3353 1342 3408 in
1357 3358 1451 3409 restro
1466 3352 1638 3408 monasterio
1650 3352 1735 3408 liccat

53 3460 82 3510 et
104 3453 310 3509 sustentatione
336 3469 465 3508 concessa
489 3455 555 3505 sunt
577 3450 676 3504 usibus
702 3449 874 3505 omnimodis
923 3449 1083 3505 vindicare.
1097 3448 1175 3503 Adeo
1189 3448 1303 3519 quidem
1318 3452 1349 3501 ut
1366 3446 1420 3500 nisi
1435 3446 1470 3501 ab
1492 3445 1594 3501 abbate
1608 3445 1738 3516 ejusdem

52 3548 225 3622 profutura,
254 3546 330 3602 salva
357 3547 432 3602 sedis
456 3545 619 3617 apostolice
643 3543 822 3599 auctoritate.
844 3543 874 3600 Si
923 3541 1093 3599 monasterii
1117 3540 1206 3597 tuerit
1231 3540 1376 3606 invitatus,
1397 3555 1450 3595 uec
1476 3540 1563 3595 etiam
1588 3538 1738 3593 missarum

53 3658 113 3715 qua
128 3641 216 3713 igitur
230 3641 259 3697 iu
273 3641 400 3696 futurum
416 3637 605 3696 ecclesiastica
621 3636 800 3693 secularisve
813 3653 876 3709 per·
924 3635 1065 3693 solemnia
1089 3634 1197 3690 ibidem
1224 3633 1331 3689 audeat
1355 3632 1512 3688 celebrare.
1538 3631 1739 3687 luterdicimus

49 3752 138 3803 sona,
156 3739 211 3791 cte.
925 3730 1021 3798 etiam,
1039 3731 1070 3784 ut
1084 3728 1154 3783 rrrvlli
1172 3727 1305 3800 episcopo
1321 3727 1439 3783 licentia
1458 3729 1555 3799 pateat
1577 3725 1739 3783 sacerdotes

91 3832 152 3901 Ego
163 3828 329 3884 Anastasius
340 3829 401 3883 Lat.
420 3827 489 3883 eccl.
505 3826 592 3898 episc.
925 3823 1054 3896 ejusdem
1068 3821 1187 3878 coenobii
1202 3821 1371 3892 monachos,
1382 3820 1440 3876 sive
1454 3820 1606 3876 canonicos
1621 3818 1737 3875 distrin-

92 3927 154 3995 Ego
169 3926 251 3996 llugo
267 3923 376 3979 Ostien.
391 3922 477 3993 episc.
927 3934 993 3990 gere
1005 3918 1049 3972 vel
1069 3915 1327 3986 excommunicare,
1341 3919 1390 3969 aut
1408 3914 1536 3971 divinum
1554 3913 1595 3969 eis
1614 3912 1739 3970 officium

92 4020 154 4090 Ego
166 4018 307 4074 Guarinus
320 4013 486 4072 Prenestin.
503 4015 570 4070 eccl.
587 4013 674 4086 episc.
927 4011 1088 4083 prohibere.
1104 4012 1180 4076 Quos
1193 4009 1280 4065 etiam
1299 4008 1334 4064 ab
1351 4009 1431 4065 omui
1454 4007 1609 4081 pontificali
1630 4009 1738 4080 synodo

925 4105 1028 4161 liberos
1043 4112 1072 4161 et
1094 4104 1237 4161 absolutos
1256 4119 1374 4160 manere
1387 4103 1580 4159 decernimus.
1596 4104 1683 4159 Porro
1696 4102 1740 4158 lo·

926 4216 990 4255 cum
1004 4199 1098 4271 ipsum
1111 4198 1147 4254 ab
1163 4198 1325 4270 omnijuga
1340 4196 1536 4270 quarumlibet
1551 4199 1737 4269 potestatum,

93 4298 380 4373 Egclacobuscurd.
396 4298 425 4355 S.
440 4296 564 4354 Callisti.
926 4299 985 4350 tam
1014 4293 1226 4365 episcoporum,
1255 4308 1342 4364 quum
1370 4291 1579 4360 marchionum,
1602 4290 1740 4348 comitum

94 4397 166 4467 Ego.
206 4436 213 4450 .
253 4391 469 4464 .presb.card.
510 4432 516 4446 .
558 4432 563 4445 .
604 4429 614 4448 .
928 4404 1042 4460 quoque
1070 4391 1099 4442 et
1128 4386 1339 4454 vicecomitum,
1371 4384 1592 4452 castaldionum,
1624 4389 1739 4441 cetero·

94 4493 155 4561 Ego
170 4487 316 4543 llubaldus
333 4486 427 4559 presb.
443 4485 522 4540 card.
537 4487 645 4542 Sancte
656 4483 797 4540 Praxedis.
885 4496 1047 4569 Drumque
1072 4479 1322 4552 longobardorum
1354 4478 1485 4535 omnium
1517 4479 1648 4534 volumus
1678 4493 1740 4533 esse

94 4585 156 4655 Ego
171 4582 262 4637 lulius
276 4579 369 4653 presb.
386 4579 466 4634 card.
481 4579 525 4634 tit.
542 4577 638 4634 Sancti
650 4577 783 4635 blarcelli.
927 4576 1067 4647 quietum,
1088 4575 1238 4646 nullusque
1256 4589 1357 4629 eorum
1380 4573 1409 4628 iu
1431 4572 1654 4645 possessionibus
1667 4588 1741 4645 pre·

94 4681 156 4750 Ego
172 4675 342 4733 Octavianus
355 4674 452 4745 presb.
467 4673 543 4728 card.
557 4672 584 4728 S.
598 4672 715 4729 cecilie.
925 4670 985 4725 tato
999 4668 1129 4725 cenobio
1143 4667 1365 4740 pertinentibus,
1377 4666 1519 4739 judicium
1537 4666 1662 4739 aliquod,
1677 4668 1741 4738 pla·

95 4775 157 4845 Ego
168 4770 299 4827 Astaldus
312 4768 407 4840 presb.
421 4767 499 4822 card.
515 4767 558 4823 tit.
574 4767 686 4821 Prisce.
928 4764 1051 4819 citumve
1076 4766 1184 4831 tenere,
1206 4765 1257 4817 aut
1271 4761 1478 4817 districtionem
1496 4760 1600 4823 iacere,
1617 4760 1743 4833 qualibet

95 4869 156 4940 Ego
168 4868 292 4921 loannes
306 4860 401 4934 presb.
416 4860 494 4917 card.
509 4861 557 4917 88.
572 4859 690 4917 loannis
703 4865 731 4917 et
743 4859 833 4915 Pauli.
927 4858 1073 4913 occasione
1098 4861 1262 4929 presumat,
1283 4856 1335 4912 sed
1360 4856 1455 4928 potius
1482 4859 1540 4910 tam
1567 4855 1627 4910 hec
1653 4870 1742 4927 quam

95 4963 156 5033 Ego
178 4957 298 5016 Gencius
324 4956 417 5028 presb.
447 4955 524 5011 card.
548 4955 577 5011 S.
603 4953 747 5010 Laurentii
770 4954 800 5008 in
822 4952 876 5007 bu·
927 4952 1073 5024 aliaque
1093 4951 1130 5006 ad
1149 4951 1197 5023 jus
1220 4949 1347 5022 ejusdem
1367 4948 1531 5005 monasterii
1546 4954 1674 5020 spectare
1688 4965 1741 5004 uo·

56 5059 138 5115 cina.
928 5050 1054 5114 scuntur,
1069 5046 1099 5100 iu
1119 5049 1168 5101 tua
1186 5048 1216 5100 et
1234 5059 1427 5100 successorum
1448 5048 1564 5099 tuomm
1583 5042 1673 5098 libera
1688 5059 1742 5115 po·

96 5152 158 5221 Ego
173 5147 310 5204 lleuricus
330 5146 426 5218 presb.
450 5145 526 5201 card.
550 5145 718 5200 Sanctorum
739 5140 834 5211 Nerei,
850 5144 880 5196 et
928 5145 1038 5208 testate,
1053 5143 1083 5195 et
1102 5138 1288 5211 dispositione
1306 5138 1472 5193 consistant.
1487 5136 1676 5195 concedimus
1696 5138 1743 5193 in·

56 5243 189 5305 Achillei,
928 5250 1014 5306 super
1035 5232 1128 5289 eidem
1153 5232 1308 5288 venerabili
1331 5232 1394 5288 loco
1417 5232 1633 5301 decimationes,
1656 5239 1742 5305 atque

97 5342 169 5411 Ego.
208 5374 215 5392 .
256 5377 263 5392 .
304 5334 399 5392 .diac.
414 5333 491 5389 card.
507 5333 602 5389 Sancti
614 5331 738 5401 Georgii.
927 5328 1068 5400 primitias
1085 5327 1121 5382 de
1143 5327 1201 5381 suis
1223 5326 1367 5395 omnibus,
1383 5326 1441 5381 sive
1461 5328 1496 5383 de
1516 5326 1742 5399 praeceptalibus,

99 5437 158 5506 Ego
171 5431 319 5489 lacinthus
332 5429 405 5485 diac.
421 5428 500 5484 card.
516 5429 544 5484 8.
560 5426 652 5481 Marte
666 5425 696 5479 in
711 5424 841 5480 Cosmed.
927 5421 985 5477 siva
998 5421 1033 5476 de
1052 5420 1125 5488 aliis,
1139 5436 1205 5492 qne
1219 5421 1282 5492 jum
1297 5425 1364 5475 sunt
1381 5420 1436 5492 ipsi
1456 5420 1631 5477 monasterio
1645 5418 1743 5492 acqui·

96 5530 156 5599 Ego
168 5530 289 5583 loannes
301 5524 373 5580 diac.
389 5522 467 5579 card.
481 5522 528 5578 88.
544 5519 633 5591 Sergii
644 5523 672 5574 ct
687 5517 800 5574 Bacchi.
928 5517 992 5579 sita,
1012 5532 1063 5571 seu
1081 5514 1110 5570 iu
1129 5519 1224 5583 antea,
1245 5514 1300 5569 lieo
1318 5514 1453 5585 propitio,
1467 5513 1652 5586 acquirenda.
1673 5513 1743 5571 Obe-

930 5615 997 5665 unte
1009 5625 1077 5664 vero
1090 5612 1129 5676 te,
1145 5624 1222 5663 nuuc
1234 5607 1366 5680 ejusdcm
1378 5607 1435 5663 loci
1446 5607 1758 5673 emesenam

99 5718 202 5773 Datum
226 5714 357 5772 Laterani
383 5728 439 5784 per
459 5726 562 5767 manus
586 5706 708 5765 llolandi
734 5708 762 5766 S.
787 5708 819 5765 ll.
846 5706 879 5765 li.
931 5688 1785 5782 quolibetsuccessorum,uihtus‘btiqaax'metsahssotxw

40 5808 176 5889 ,presbyt
191 5806 269 5863 card.
292 5811 322 5863 et
342 5805 514 5878 cancellarii,
537 5805 601 5866 Kal.
622 5805 724 5867 Octob.
738 5805 845 5869 indict.
861 5824 883 5883 1,
937 5806 987 5865 uis
1007 5805 1138 5878 hetthim,
1156 5819 1215 5863 teth
1232 5798 1385 5860 thobehhta
1401 5790 1621 5869 ememtes,
1635 5774 1703 5828 xbris
1720 5774 1821 5833 mm
