3750 6046
87 176 155 230 tort
639 172 808 232 uvrnvntx
826 173 871 232 ΑΒ
890 172 1041 233 lOXNNllll
1062 172 1214 232 Ctnttutl.
1327 199 1330 204 ·
1708 172 1770 227 luti}

909 301 936 366 ll

16 438 21 455 '
88 432 303 511 Privileginm
333 430 494 514 Alplronsi
522 431 697 498 Lusitaniae
723 437 812 516 regis
839 435 1041 499 iuonastcrio
1072 434 1103 499 S.
1136 434 1273 498 ioannis
1303 449 1498 496 eoncessum
1532 436 1610 513 post
1645 430 1773 509 lagatos

493 530 582 576 anno
606 520 682 578 litt
700 517 799 597 juxta
820 516 961 580 ssvrvium
981 515 1143 578 laveram
1165 513 1356 578 Saracenos.

675 624 838 695 (Fasciculus
852 625 902 680 SS.
918 624 1039 688 distare..
1061 642 1089 696 p.
1110 625 1184 696 215.)

123 829 154 882 ln
175 825 291 882 nomine
314 833 417 881 sauctae
438 828 467 881 ot
487 825 610 882 invidum
630 826 785 894 Trinitatis,
804 827 901 895 Patris,
914 828 1056 915 Arctiqni
1071 844 1136 882 ntea
1147 827 1226 883 hoste
1240 831 1268 881 et
1279 825 1321 881 lai
1335 824 1397 881 sine
1410 825 1457 880 illo
1473 825 1570 881 rixare
1588 840 1656 879 cnm
1669 824 1771 890 liunus,

87 920 150 976 Filii
173 926 200 975 et
222 919 344 991 Spiritus
366 920 465 976 sancti.
481 921 539 992 Ego
564 921 735 992 Alplronsus,
757 923 903 994 uortugat-
954 921 982 976 in
1004 939 1059 993 qum
1073 921 1126 975 riri
1148 919 1263 993 perdidi
1277 936 1363 974 unam
1387 936 1503 974 crncern
1522 935 1615 991 quarn
1632 918 1720 972 levavi
1735 924 1773 987 vs)

87 1015 208 1071 lensium
230 1015 363 1085 princeps
385 1014 640 1081 victoriosissimus,
660 1016 769 1069 comitis
789 1017 900 1070 ilenrici
950 1016 985 1071 de
1008 1015 1178 1070 monasterio
1206 1018 1236 1068 et
1260 1015 1363 1068 multos
1386 1014 1490 1069 milites
1515 1018 1640 1084 propter
1664 1013 1700 1081 (9)
1723 1015 1768 1084 qiu

88 1114 118 1165 ct
130 1109 237 1180 regium
253 1107 396 1164 Therasia
416 1109 502 1177 lilius,
518 1110 618 1181 magni
631 1126 746 1181 quoque
765 1111 901 1181 alphonsi
951 1109 1036 1164 rixavi
1050 1109 1110 1164 sine
1125 1107 1250 1163 oratioue
1264 1108 1329 1162 boni
1345 1107 1406 1163 viri.
1421 1108 1496 1179 Ergo
1512 1106 1607 1177 igitur
1621 1105 1768 1177 praedictas

87 1203 270 1274 imperatoris
286 1202 483 1273 Hispaniarum
502 1221 602 1276 nepos,
619 1211 719 1259 uotum
740 1204 811 1259 facio
827 1222 900 1277 prae·
951 1203 1092 1275 princeps,
1107 1219 1172 1257 enm
1194 1202 1331 1270 intellexi,
1347 1201 1481 1257 virtutem
1495 1205 1525 1254 ct
1546 1201 1661 1255 isonium
1684 1216 1765 1254 socor-

89 1297 217 1352 seutibns
240 1300 268 1352 et
288 1296 401 1365 intruis,
425 1298 500 1368 qviod
529 1315 577 1353 rex
600 1298 769 1365 albucazan,
796 1314 844 1353 rex
867 1299 902 1354 de
952 1314 1013 1351 suni
1031 1297 1098 1369 (tlt),
1116 1296 1194 1368 qviod
1213 1296 1440 1351 mihidederunt
1460 1295 1769 1366 sumoratloaeszpra

88 1392 265 1447 Badallionce
280 1391 329 1462 (l),
343 1391 421 1445 venit
434 1408 498 1446 cum
513 1409 563 1446 sua
577 1396 662 1463 geute
676 1392 821 1447 destruere
838 1410 900 1446 nos·
952 1389 1068 1446 servilio
1084 1390 1134 1445 Dei
1156 1397 1184 1445 et
1207 1391 1334 1445 remedio
1349 1391 1453 1445 animm
1473 1406 1549 1444 virere
1567 1395 1599 1444 et
1621 1393 1768 1460 parentum

88 1493 146 1541 tras
167 1490 258 1542 terras
287 1492 315 1541 et
337 1486 525 1540 circumdedit
556 1488 737 1555 Trancosum,
763 1491 792 1541 et
816 1489 904 1542 multa
954 1501 1080 1540 nieorum
1105 1485 1140 1539 de
1157 1484 1330 1540 vuonasterio
1342 1484 1434 1540 Sancti
1450 1484 1574 1539 loannis
1590 1487 1621 1536 et
1635 1483 1769 1548 iratribus,

90 1581 144 1635 alia
170 1580 284 1634 castella
299 1579 334 1633 de
358 1596 423 1633 mea
447 1582 523 1634 terra
545 1580 737 1651 depopulavit,
753 1586 781 1635 ct
804 1581 904 1635 levavit
953 1580 1000 1650 qui
1025 1579 1053 1633 iu
1079 1595 1113 1633 eo
1139 1579 1193 1632 neo
1216 1579 1375 1645 servierint,
1389 1579 1498 1635 Casulia
1520 1578 1693 1649 Regnenga,
1714 1593 1770 1647 qna

90 1674 216 1746 captivos
238 1674 275 1745 (⁶2)
295 1673 438 1739 homines,
454 1674 598 1740 mulieres,
612 1674 752 1745 parvulos,
772 1675 904 1746 jumenta
954 1673 1045 1727 habco
1061 1672 1406 1745 up1·es(ll)Trancosum,
1422 1678 1452 1728 ut
1470 1672 1508 1727 sit
1522 1671 1582 1725 illis
1598 1671 1627 1725 in
1643 1671 1734 1724 victua
1747 1680 1770 1724 et

88 1770 236 1823 etmultos
256 1774 373 1839 ganatos
396 1768 444 1838 (3),
462 1774 489 1822 et
510 1767 713 1822 iecitnrnltum
730 1785 831 1823 rerum
855 1770 902 1839 (l),
954 1767 1097 1833 vestitum,
1118 1783 1183 1821 eum
1210 1767 1342 1822 omnibus
1369 1767 1428 1821 suis
1449 1766 1653 1839 pertirrentiis,
1676 1764 1771 1835 ingres

90 1866 119 1918 et
140 1862 258 1934 reliquit
278 1863 450 1917 destructam
475 1866 564 1916 totum
588 1866 706 1930 terram,
723 1878 774 1933 per
794 1862 842 1917 irbi
865 1866 904 1933 (5)
955 1860 1032 1913 sibus
1047 1863 1076 1914 at
1094 1859 1279 1929 regressibus.
1294 1860 1323 1915 Si
1340 1876 1407 1916 vero
1421 1859 1528 1931 aliquus
1543 1864 1607 1913 tam
1626 1859 1663 1912 de
1678 1858 1772 1913 nostris

91 1974 146 2029 ego
160 1956 333 2027 congregavi
355 1971 435 2009 meos
448 1955 579 2009 homines
592 1958 621 2009 et
637 1954 678 2009 lui
695 1971 746 2026 per
762 1955 808 2010 ubi
823 1962 906 2011 eraut
955 1970 1041 2025 quam
1056 1954 1089 2008 de
1109 1954 1253 2008 extraneis
1268 1954 1321 2009 lroe
1335 1960 1448 2025 pactum
1468 1954 1642 2024 irrumpere
1658 1960 1775 2007 terrtarc·

91 2052 192 2107 fratres
219 2049 315 2105 Sancti
342 2047 456 2103 ioannis
481 2049 516 2104 de
543 2051 653 2117 ltavosa,
681 2053 710 2104 ot
737 2050 830 2104 inveni
856 2067 905 2106 eos
955 2048 1002 2116 rit,
1016 2048 1045 2102 in
1066 2047 1164 2118 primis
1179 2049 1217 2102 sit
1232 2048 1397 2103 maledictus
1419 2053 1447 2104 ct
1462 2064 1531 2102 cum
1549 2047 1625 2103 iuda
1645 2045 1772 2101 traditore

92 2145 167 2216 quod
182 2144 313 2198 vivebant
326 2143 354 2197 iu
370 2143 461 2197 multa
480 2142 639 2209 sarretitatc,
656 2146 685 2197 et
700 2143 767 2214 quia
786 2144 906 2215 cognovi
956 2140 986 2194 iu
1011 2140 1123 2195 inferno
1146 2141 1305 2211 damnatus.
1323 2143 1403 2197 Facta
1428 2142 1534 2196 charta
1562 2157 1665 2195 mense
1688 2141 1772 2198 triuio.

91 2239 245 2295 Dominum
260 2254 325 2292 cum
340 2236 402 2306 iltis,
421 2236 507 2291 levari
522 2239 558 2307 (a)
574 2237 609 2291 de
629 2236 667 2291 ibi
682 2237 809 2308 priorem
823 2237 907 2293 dee·
958 2251 1014 2289 vera
1040 2237 1117 2290 utto.
1141 2236 1200 2305 Ego
1227 2235 1365 2307 prefatus
1389 2235 1527 2307 princeps
1556 2235 1633 2289 hanc
1658 2236 1773 2289 chartam

91 2333 204 2389 bertum
219 2337 251 2387 ut
266 2337 382 2403 rogaret
395 2347 446 2402 pro
461 2347 508 2385 me
523 2334 552 2385 ct
572 2347 625 2401 pro
640 2347 703 2386 mea
716 2332 798 2386 hosta
814 2333 864 2404 (7),
880 2339 909 2387 et
958 2344 1044 2399 quam
1059 2328 1121 2384 lieri
1140 2329 1222 2399 jussi,
1238 2329 1362 2401 propriis
1382 2330 1519 2384 manibus
1544 2329 1655 2384 roboro
1679 2335 1707 2383 et
1720 2346 1774 2384 urea

93 2427 202 2483 diceret
225 2427 335 2494 missas,
352 2429 382 2480 et
396 2424 456 2495 ipse
478 2424 622 2494 adjuvavit
636 2440 683 2479 me
705 2425 735 2480 in
749 2426 847 2497 prmlio
871 2427 910 2482 sic
958 2423 1129 2479 auctoritate
1143 2424 1291 2479 conlirmo.

92 2521 177 2589 hene,
192 2520 270 2593 quod
293 2536 357 2575 cum
371 2524 475 2584 oraret,
490 2534 543 2589 ego
564 2518 720 2573 vincebam.
736 2520 768 2574 Et
791 2536 847 2575 uno
863 2521 909 2577 dis

128 2648 159 2710 ll)
173 2646 230 2696 Pax
242 2645 327 2704 Julta,
340 2645 491 2708 Hispanico
507 2644 636 2708 Bodajoz.
991 2649 1023 2711 (7)
1038 2648 1182 2700 Exercitu.

125 2722 158 2784 (Ξ)
171 2718 290 2782 RedegIt
304 2718 332 2767 in
344 2716 543 2780 captivitatem.
993 2720 1026 2781 (8)
1042 2720 1113 2770 Tuli.

126 2794 157 2857 (3)
173 2792 285 2842 Pacoro.
992 2792 1027 2854 (ut
1043 2791 1083 2841 Eo
1099 2792 1184 2856 quod.

126 2866 159 2928 tl)
170 2864 310 2914 Damnum
326 2859 430 2911 intulit.
991 2862 1041 2923 (10)
1055 2863 1208 2913 Auxilium.

124 2939 157 3002 (5)
172 2934 233 2997 Qua
247 2933 282 2984 do
295 2945 387 2984 causa.
995 2932 1042 2996 (Η)
1059 2935 1154 2998 Prope.

126 3009 159 3072 (6)
174 3007 248 3058 Duxi
262 3017 381 3055 mecum.

540 3200 582 3205 -—
610 3200 654 3206 -.
676 3201 733 3207 --
1073 3202 1533 3214 -ι--υ--κ-η--ᾕυ
1550 3210 1565 3215 ..
1581 3209 1744 3219 ῃ..-

610 3289 1281 3462 THEOBALDI

560 3548 1042 3701 uth'ttultltiNSlS
1087 3550 1353 3665 ltPlSGOPl

441 3738 794 3830 uvisvonln
838 3739 1460 3910 aruvics'vuuuuvnu

103 3980 172 4036 Vide
196 3980 358 4045 Putinlnpiae
378 3983 399 4033 t.
420 3978 528 4045 CXOEX,
551 3979 627 4034 inter
650 3978 783 4051 epistolas
804 3979 919 4033 iiiaunis
939 3976 1181 4048 saresberiensis,
1206 3981 1287 4036 ctist.
1316 3986 1404 4049 tutta,
1429 3985 1552 4054 passiva.
1579 3988 1782 4044 Testavneutum

635 4051 790 4106 tueamini
805 4055 847 4105 est
860 4051 941 4122 epist.
957 4056 988 4105 ii
1002 4052 1076 4107 iuter·
1097 3999 1233 4125 easdemi

103 4216 213 4226 —-.

104 4232 229 4244 -υ

713 4302 1176 4410 GAUFRIDI

668 4484 831 4541 ABBATIS
857 4484 1215 4543 CLARAEVALLENSIS

855 4627 1048 4721 SERMO

456 4802 507 4875 nv
533 4800 893 4874 ANNIv'EnSARIO
920 4804 1088 4876 ouvius
1115 4805 1151 4876 a.
1181 4802 1440 4876 acaunum.

411 5044 489 5116 (Vide
508 5044 667 5114 Potrotopia
686 5048 756 5100 tom.
771 5046 908 5116 CLXXXV,
923 5048 978 5103 eol.
994 5050 1056 5118 57³,
1072 5048 1149 5104 inter
1164 5049 1235 5121 Opp.
1257 5047 1287 5104 S.
1307 5047 1468 5119 Bernardi.)

733 5281 1177 5432 EJUSDEM

108 5528 341 5603 errarem
370 5530 437 5603 An
470 5532 691 5605 acernen
722 5532 1038 5607 auanrumau
1071 5536 1129 5607 su
1159 5516 1428 5610 arrscoruu
1459 5540 1790 5621 sensurusau

875 5692 1017 5705 D*-

1634 5190 1787 5206 ..ιι-

765 5768 845 5847 <vas
866 5770 1019 5840 sota.,001.
1042 5772 1114 5846 aaa.)
