3750 6046
65 234 135 312 ran

562 237 733 300 EPIsiobAE
752 236 797 300 ΕΤ
816 235 1019 299 enitescit.
1036 272 1071 283 -
1089 241 1145 300 ΑΝ.
1167 242 1246 300 tras.

1676 244 1744 301 tata

64 363 123 416 eta
138 365 237 416 sancto
250 363 398 434 proposito
411 364 532 420 resilire.
547 366 687 421 Ceterum
709 367 879 423 confidimus
890 366 972 453 Arei
994 369 1177 422 contumaces
1197 368 1319 421 existere
1343 366 1533 438 praesumatis.
1556 367 1612 422 Nos
1637 371 1743 434 autem,

65 455 101 510 dc
115 455 193 511 vohis
206 456 237 511 in
258 456 388 526 Domine,
403 458 426 513 si
447 458 522 514 bene
544 459 676 515 norimus
696 461 782 516 vestri
804 461 879 516 inte·

63 548 148 604 rioris
174 549 301 605 hominis
327 551 522 620 charitatem,
553 570 609 625 qua
635 555 880 625 praedecessorum

63 643 183 716 vestigia
205 644 361 714 imitantes,
384 662 448 701 curn
473 664 530 702 non
553 648 680 720 sapiatis,
704 665 767 720 quta
789 654 881 703 vestra

64 743 142 803 sunt,
156 738 205 792 sed
222 754 285 809 quae
305 738 371 793 Iesu
390 739 503 807 Christi,
520 741 568 812 qni
589 743 622 796 de
642 743 757 798 tenebris
776 748 802 797 et
822 759 880 796 um-

67 829 117 883 bra
138 834 231 887 mortis
253 836 360 887 vorarit
381 849 427 888 uos
451 837 481 888 in
504 835 668 891 admirabile
690 836 781 891 lumen
802 851 881 892 snum

66 923 89 993 (Ι
103 926 188 988 Patr„
206 924 245 997 ιι),
261 925 370 981 ιιιιιιιιιι
387 927 491 983 astutia
504 928 533 982 in
545 928 625 983 robis
638 928 756 985 minime
772 946 880 1002 praeva-

67 1016 145 1085 lebit,
160 1034 253 1091 neque
276 1019 312 1075 ab
333 1021 394 1091 ejus
414 1022 560 1093 obseqqu,
575 1023 620 1077 cui
642 1023 708 1077 estis
730 1022 880 1078 indissolu-

66 1110 117 1164 bili
143 1111 281 1167 charitate
308 1114 440 1182 devincit,
465 1116 554 1187 ipsIus
581 1133 629 1170 ros
654 1116 758 1187 poterit
782 1116 882 1188 iniqua

66 1205 213 1274 persuasio
228 1207 382 1263 retardare.
400 1207 601 1277 confortamini
622 1227 691 1281 ergo
706 1214 736 1266 ιιι
759 1212 881 1281 llomino,

65 1303 91 1352 et
106 1300 134 1352 in
146 1303 269 1369 potentia
281 1303 394 1357 rimulis
409 1303 463 1372 ejas
474 1322 482 1367 ς
492 1308 561 1358 stote
571 1306 656 1372 sortes
664 1307 692 1359 in
699 1305 753 1374 fide
761 1304 881 1375 (Ephes,

66 1392 120 1461 r1t;
143 1392 282 1463 abjiciatis
297 1412 384 1467 opera
401 1396 597 1465 tenebrarum,
609 1400 638 1452 et
659 1398 811 1453 induimini
834 1415 881 1454 ar·

66 1485 121 1540 mis
140 1486 210 1542 lucis
233 1488 415 1559 (Itonr.,1rn)‚
436 1492 520 1562 atque
543 1508 643 1546 omnes
661 1493 772 1565 antiqui
795 1492 883 1547 hostis

65 1578 194 1650 insidias,
212 1581 307 1637 divino
325 1583 479 1638 comitante
501 1585 646 1656 praesidio,
660 1592 839 1657 superantes,
855 1590 884 1642 et

65 1678 195 1729 mutuam
216 1675 246 1729 in
267 1675 477 1748 vobismetipsis
496 1678 663 1735 charitatem
678 1680 825 1735 habentes.
842 1682 883 1735 lta

932 460 982 530 qui
995 475 1029 514 ex
1048 460 1176 530 injuncto
1197 460 1280 515 nobis
1298 460 1472 531 apostolatus
1492 460 1587 515 allicio
1610 459 1748 515 universis

931 552 1036 608 Christi
1059 553 1192 609 fidelihus
1216 554 1365 609 existimus
1394 554 1552 621 debitores,
1581 555 1625 621 si,
1650 553 1747 608 divina

932 651 1102 717 cooperante
1118 648 1220 717 gratia,
1236 653 1264 701 et
1285 647 1313 702 in
1335 647 1392 701 tide
1411 648 1519 701 fueritis
1541 647 1662 713 stabiles,
1679 650 1706 700 ct
1720 647 1748 700 in

932 722 1017 811 opere
1033 740 1172 809 efficaces,
1188 741 1266 796 vobis
1287 747 1406 811 paterno
1428 740 1641 811 providebimus
1655 739 1748 794 chari·

932 833 998 888 tatis
1021 834 1134 904 allecto,
1148 841 1177 890 et
1199 835 1226 890 ln
1250 834 1515 906 opportunitatibus
1535 833 1643 900 restris,
1659 849 1748 904 quan-

933 932 1005 994 tum,
1026 928 1081 982 [leo
1095 929 1229 995 donante,
1250 928 1418 999 poterimus,
1436 927 1556 982 vobisut
1576 927 1750 983 monasterio

931 1026 1025 1076 restro
1056 1022 1161 1093 absque
1202 1021 1413 1076 intermissione
1448 1021 1610 1075 curabimus
1647 1021 1748 1075 subra-

932 1115 1004 1171 nire.

969 1210 1068 1265 Datum
1080 1209 1209 1267 Laterani
1223 1226 1272 1265 rnr
1284 1208 1428 1264 Kalendas
1443 1209 1615 1264 Decembris.

1284 1308 1391 1363 CXCVI.

951 1400 1128 1467 Priuitepiam
1142 1401 1250 1467 ltuqorn‘
1264 1401 1385 1469 episcopo
1399 1400 1558 1453 Ptnrentino
1572 1414 1731 1454 concessum.
1761 1432 1765 1443 ·

1101 1494 1206 1561 (Cauri,
1224 1495 1294 1548 llr'st.
1310 1493 1341 1547 dt
1354 1494 1441 1554 Pica,
1456 1493 1489 1560 ll,
1507 1494 1579 1562 357.)

969 1594 1108 1647 Annianus
1129 1589 1288 1661 episcopus,
1303 1606 1400 1644 servus
1420 1606 1567 1644 servorum
1590 1591 1651 1659 Dei,
1666 1607 1749 1648 vene-

933 1685 1014 1739 rabili
1036 1684 1117 1738 fratri
1143 1684 1247 1739 Iltuonr
1274 1683 1435 1737 Placentino
1461 1683 1605 1755 episcopo,
1631 1684 1751 1756 ejusque

65 1768 286 1839 quidem,utin
309 1771 385 1825 nullo
402 1771 484 1842 juxta
506 1774 671 1844 Apostolum
693 1750 1142 1845 proesrrmatis,Bsuccessoribus
1173 1777 1308 1831 canonice
1337 1776 1555 1846 substituendis,
1585 1777 1614 1831 in
1644 1794 1749 1849 perpe-

65 1863 117 1917 sed
131 1867 242 1918 tantum
255 1863 284 1918 in
299 1864 421 1919 Domino
436 1870 464 1920 et
480 1864 651 1922 denomino
669 1867 794 1939 gloriari,
813 1867 884 1922 sicut
933 1876 1026 1926 tuum.

65 1957 205 2028 scriptum
231 1962 295 2012 ost:
323 1958 376 2024 Qut
397 1959 541 2029 plorlatur,
565 1963 593 2015 in
620 1963 733 2016 Domino
754 1962 885 2029 etonem
971 1967 1001 2019 In
1025 1963 1100 2018 sedis
1123 1963 1286 2036 apostolicae
1308 1963 1443 2030 culmine,
1461 1963 1556 2017 divina
1579 1964 1749 2035 disponente

65 2051 85 2120 (l
109 2050 182 2115 Con,
199 2049 238 2122 ι);
258 2067 313 2107 non
336 2054 406 2107 enim
427 2055 475 2122 qui
496 2056 614 2124 seipsam
636 2055 813 2117 commendat,
838 2055 885 2109 ille
935 2058 1097 2125 clementia,
1114 2057 1272 2112 residentes
1286 2056 1421 2111 fratribus
1440 2057 1545 2111 nostris
1558 2057 1706 2128 episcopis,
1721 2063 1750 2113 et

63 2145 197 2215 probatas
210 2150 260 2207 est,
274 2146 322 2201 sed
335 2162 413 2216 quem
430 2150 501 2203 Dens
516 2149 683 2203 commendat
696 2148 730 2220 (ll
749 2148 830 2211 Gor„
844 2147 882 2218 x).
934 2150 988 2205 illis
1008 2151 1160 2222 praecipue,
1181 2151 1229 2222 qui
1250 2155 1436 2205 sacrosancte
1460 2151 1598 2205 Romana
1618 2151 1750 2206 Ecclesiae

65 2237 173 2292 Dicitur
187 2241 294 2306 autern,
308 2240 386 2295 unde
400 2256 563 2312 quaeramus
576 2242 733 2313 plurimum
750 2247 778 2297 et
791 2241 884 2297 dolea-
935 2244 1081 2315 specialius
1109 2245 1256 2299 adhaerere
1283 2248 1450 2313 noscuntur,
1474 2260 1525 2298 nos
1547 2245 1680 2299 convenit
1699 2262 1748 2300 sua

64 2348 141 2397 mus,
157 2332 232 2404 quod
246 2333 322 2388 inter
335 2350 383 2388 ros
403 2351 544 2403 murmur,
559 2334 635 2406 quod
656 2340 698 2390 est
715 2334 879 2390 detestabile

63 2424 179 2493 vitiam,
193 2426 343 2495 habeatur,
360 2431 388 2482 et
406 2428 484 2499 quod
506 2428 675 2484 alterutnrm
697 2429 770 2484 ultra
793 2446 878 2501 quam

64 2518 203 2583 debeatis,
219 2521 413 2590 murmuretis,
422 2522 498 2593 quod
508 2522 709 2594 vitiumipsum
722 2523 752 2577 ia
765 2525 878 2578 tautum

59 2612 123 2684 jam
137 2612 171 2668 de
187 2614 265 2668 vohis
278 2614 412 2681 insonuit,
429 2615 505 2687 quod
527 2616 668 2688 plerisque
690 2617 879 2672 referentibus

63 2707 101 2761 ad
125 2708 284 2779 apostoIIcae
309 2708 383 2762 sedis
411 2709 590 2764 audientiam
619 2726 709 2782 nsque
735 2711 876 2782 pervenit.

62 2799 145 2855 Unde
162 2817 311 2856 monemus
325 2819 374 2857 ros
388 2808 415 2858 et
431 2803 617 2858 exhortamur
637 2804 782 2872 attentius,
798 2809 829 2859 ut
845 2821 880 2859 ea

931 2337 997 2408 jura
1012 2337 1118 2392 illibata
1135 2353 1259 2402 servare,
1276 2340 1304 2391 et
1318 2336 1357 2392 ita
1371 2354 1403 2391 ea
1420 2336 1669 2408 sedisapostolicae
1685 2355 1749 2393 mu·

933 2431 1041 2486 nimine
1063 2431 1198 2497 stabilire,
1215 2431 1290 2503 quod
1313 2431 1392 2485 nulla
1413 2431 1524 2502 possint
1546 2431 1707 2487 temeritate
1731 2448 1747 2486 a

933 2530 1008 2581 statu
1029 2524 1190 2579 rationabili
1209 2524 1342 2579 amoveri.
1357 2525 1401 2591 Et,
1415 2524 1552 2595 quoniam
1575 2529 1613 2592 te,
1627 2541 1748 2579 renere-

933 2618 996 2673 bilis
1010 2617 1038 2672 in
1052 2618 1163 2676 Christo
1178 2618 1269 2672 irater
1289 2619 1370 2689 lingo
1391 2617 1529 2690 episcope,
1546 2634 1598 2689 pro
1621 2621 1669 2673 tua
1695 2619 1746 2673 ho·

933 2715 1042 2767 nestate
1063 2710 1178 2783 speciali
1203 2711 1393 2783 praerogativa
1411 2710 1566 2782 dihgimus,
1589 2711 1748 2767 rationabi-

933 2805 1006 2860 libus
1027 2804 1213 2877 petitionibus
1226 2805 1283 2861 trris
1297 2810 1379 2876 grato
1399 2808 1602 2860 concurrentes
1619 2822 1747 2875 assensu,

64 2899 124 2948 tam
141 2895 287 2951 mortifera
306 2899 385 2968 peste
405 2898 520 2952 cessetis
524 2936 576 2952 .....
592 2914 607 2952 a
628 2914 881 2970 murmure,paca·
933 2898 1751 2971 aderemplurpradecessoromnostrornmlelicismemo·

62 2991 125 3042 tarn
139 2988 278 3043 habentes
290 2996 415 3046 mentem
427 2991 461 3046 de
473 2995 588 3060 caetero,
599 2997 628 3046 et
640 2992 835 3063 tranquillam,
846 3008 881 3048 ne
932 2994 981 3048 riae
995 2993 1146 3062 Paschalis,
1163 2997 1192 3047 et
1208 2993 1362 3048 innocentii
1373 2994 1566 3047 Romanorum
1581 2992 1748 3064 pontificum
1807 3008 1809 3013 ’

62 3080 208 3151 ιιιζιιιοιιιι
229 3083 387 3139 conditoris
409 3088 525 3156 aspectu
549 3091 578 3140 et
601 3085 705 3140 diriora
727 3086 881 3157 majestatis
933 3088 1094 3156 statuimus,
1113 3090 1142 3141 at
1157 3087 1292 3159 prasenti
1311 3087 1425 3141 decreto
1446 3087 1589 3141 sancimus
1608 3085 1748 3141 utclerici

62 3175 155 3230 oculis
171 3192 222 3247 pro
239 3182 319 3232 tanto
339 3178 467 3234 debeatis
480 3179 597 3233 crimine
617 3179 785 3250 displicere,
806 3180 881 3234 scitis
932 3183 1008 3237 intra
1032 3181 1187 3249 civitatem,
1215 3197 1264 3235 seu
1293 3180 1458 3251 parochiam
1481 3179 1679 3234 placentinam
1705 3178 1744 3234 ad

62 3269 154 3339 eninr,
177 3275 210 3325 nt
230 3271 384 3340 credimus,
401 3275 429 3326 et
445 3289 496 3343 pro
516 3277 593 3327 certo
612 3273 793 3344 cognoscitis,
810 3290 879 3344 qua·
932 3277 960 3330 B.
987 3274 1054 3329 liisti
1081 3273 1286 3328 monasterium
1312 3273 1509 3344 pertinentes,
1534 3272 1605 3339 tibi,
1632 3272 1746 3343 tuisque

60 3364 130 3420 liter
155 3364 250 3430 hieria,
279 3381 360 3420 soror
387 3367 489 3433 Aaron,
510 3383 562 3438 pro
583 3383 617 3421 co
645 3365 720 3438 qnod
743 3366 881 3421 adversus
930 3366 1138 3424 successoribus
1151 3365 1318 3437 episcopalis
1336 3365 1410 3435 Juris
1423 3365 1540 3420 obnoxii
1561 3364 1745 3432 habeantar;

59 3458 176 3528 Moysen
199 3458 395 3513 murmurabat
415 3459 491 3531 apud
513 3459 677 3526 homiuum,
702 3458 879 3531 contempti·
930 3461 1070 3528 videlicet,
1094 3464 1126 3514 ut
1144 3476 1161 3513 a
1182 3459 1260 3513 robis
1282 3458 1489 3513 ordinationem
1510 3457 1673 3529 suscipiant,
1696 3473 1744 3512 ro·

61 3550 128 3605 bilis
150 3552 186 3605 sit
205 3551 354 3621 ellecta,et
375 3569 462 3624 qnam
484 3554 577 3624 gravis
598 3554 685 3624 lepra
708 3552 744 3607 sit
768 3553 881 3609 macula
930 3554 984 3610 cati
1009 3554 1044 3609 ad
1065 3553 1215 3608 consilium
1235 3551 1359 3619 veniant,
1375 3555 1404 3605 et
1427 3550 1462 3605 de
1484 3550 1625 3621 regimina
1645 3550 1745 3623 populi

61 3650 91 3699 et
116 3644 241 3700 foeditate
264 3663 406 3718 percussa,
422 3663 486 3718 qum
501 3663 529 3703 se
551 3664 567 3702 a
589 3663 738 3703 murmure
762 3647 880 3703 minime

62 3738 239 3794 continebat.
261 3740 340 3794 Unde
357 3745 385 3794 et
407 3740 505 3794 tandin
531 3744 610 3796 extra
629 3746 721 3796 castra
743 3743 785 3796 est
811 3758 877 3796 con-

62 3836 186 3902 versata,
203 3848 351 3904 quousque
372 3850 438 3888 caro
459 3833 519 3904 ejus
540 3833 666 3905 pristinae
689 3833 744 3888 luit
766 3834 880 3891 reddita

62 3928 189 3982 sanitati.
206 3929 244 3982 Ne
260 3927 348 3998 igitur
361 3927 549 3983 invalescente
563 3928 662 3983 eodem
677 3928 746 3984 vitio
764 3928 793 3982 in
808 3945 878 3984 ron-

62 4025 162 4094 spectu
186 4021 317 4076 altissimi
336 4022 574 4094 contemptibiles,
590 4027 619 4077 et
633 4023 661 4076 in
678 4023 765 4077 oculis
783 4023 876 4078 horni-

60 4132 133 4170 num
147 4116 276 4170 debentis
288 4116 493 4170 abominabiles
506 4133 656 4188 apparere,
673 4116 876 4185 corda—restra,

62 4225 119 4280 qna
132 4210 264 4264 convenit
277 4209 433 4281 vigilantia,
449 4210 614 4277 observetis,
629 4226 666 4264 ne
685 4210 737 4264 hac
751 4210 877 4266 foeditate

60 4303 176 4358 valeant
196 4304 313 4359 ulterius
339 4304 496 4376 deturpari.
516 4303 550 4358 Ut
571 4306 667 4358 autern
688 4304 875 4372 haecomnia,

61 4415 127 4470 quae
148 4398 279 4470 superins
299 4398 371 4452 dicta
393 4401 469 4466 sunt,
485 4397 598 4452 facilins
623 4398 746 4467 valeatis,
761 4403 876 4454 auctore

930 3647 1129 3720 dispositiones
1153 3651 1261 3701 vestras
1285 3645 1455 3708 custodiant,
1485 3644 1621 3712 chrisma,
1650 3644 1745 3700 oleum

929 3747 1070 3811 sanctum,
1083 3739 1310 3797 consecrationes
1325 3739 1471 3807 altarium,
1486 3737 1543 3794 sire
1560 3737 1744 3794 basilicarum

929 3838 1003 3892 intra
1018 3835 1183 3907 parochiam
1196 3834 1390 3889 Placentinam
1410 3850 1427 3888 a
1449 3835 1487 3901 te,
1502 3832 1545 3887 rel
1567 3831 1625 3887 tuis
1646 3832 1745 3888 catho-

929 3929 988 3985 licis
1015 3929 1224 3985 successoribus
1249 3934 1378 4000 tempore
1401 3932 1561 3998 opportuno
1591 3925 1744 4000 recipiant,

928 4024 1069 4095 siqnidem
1085 4022 1241 4094 gratiamet
1251 4020 1485 4077 communionem
1496 4020 1660 4092 apostolicae
1670 4019 1745 4076 sadis

928 4118 1091 4185 habuerint,
1106 4121 1136 4171 et
1148 4134 1182 4171 ea
1196 4116 1292 4187 gratis,
1307 4133 1339 4170 ac
1354 4117 1415 4170 sine
1434 4116 1576 4186 pravitate
1597 4114 1743 4170 voluerint

928 4212 1072 4267 exhihere.
1090 4209 1308 4265 predecessoris
1324 4210 1411 4264 etiarn
1424 4209 1517 4265 nostri
1536 4209 1618 4264 honre
1633 4223 1742 4264 memo·

928 4307 977 4360 rire
1008 4305 1147 4359 Paschalis
1169 4321 1251 4376 papa.
1273 4304 1393 4375 vestigia
1417 4303 1573 4369 imitantes,
1601 4306 1745 4357 monasta-

927 4400 1003 4453 rium
1018 4400 1047 4453 B.
1065 4399 1144 4452 Pauli
1165 4398 1200 4453 de
1215 4398 1328 4453 blazone
1351 4412 1418 4451 curn
1441 4396 1529 4463 cellis,
1547 4395 1589 4450 rel
1605 4394 1742 4465 ecclesiis,

60 4492 194 4559 Domino,
217 4491 384 4561 adimplere,
402 4497 442 4558 tu,
457 4491 558 4546 dilecta
572 4491 614 4546 nti
633 4491 722 4563 prior,
743 4490 916 4563 iratribusl)
929 4509 998 4565 quas
1020 4493 1049 4547 in
1073 4492 1204 4563 parochia
1225 4491 1389 4546 Placentina
1408 4489 1545 4562 possidet,
1557 4488 1608 4543 tibi
1629 4489 1743 4559 tuisque

61 4585 118 4640 tuis
135 4587 316 4638 mansuetum
331 4586 442 4640 Patrem
458 4588 543 4657 atque
558 4584 738 4640 tractabilem
752 4591 779 4640 te
793 4586 875 4640 exhi-

61 4678 142 4747 beas,
166 4683 195 4732 et
222 4677 343 4731 salubria
371 4678 412 4732 eis
437 4679 609 4733 documenta
632 4695 787 4751 proponas,
814 4679 877 4750 plns

62 4788 179 4843 semper
192 4771 280 4825 amari
294 4775 439 4842 appetens,
455 4789 541 4843 quarn
554 4773 649 4827 timeri
661 4791 668 4841 3
680 4773 797 4844 negotia
809 4790 878 4845 quo·

61 4882 118 4939 equs
144 4865 306 4919 monasterii
326 4870 382 4920 tnae
406 4865 609 4936 gubernationi
631 4868 777 4922 commissi
792 4869 876 4938 justa

61 4960 213 5017 consilium
253 4958 373 5014 fratrum
413 4959 608 5031 religiosorum
643 4963 672 5014 et
712 4961 876 5016 timentium

61 5056 165 5118 Deum,
180 5052 337 5108 secundum
352 5052 430 5124 qnod
454 5053 482 5107 in
507 5054 582 5107 beati
605 5053 748 5110 benedicti
768 5056 875 5125 Regula

60 5148 234 5214 continetur,
252 5147 402 5218 disponere
417 5147 532 5201 studeas
546 5152 574 5202 et
590 5152 720 5202 tractare.
733 5149 786 5203 Vos
798 5165 874 5217 raro,

60 5242 156 5300 dilecti
171 5241 221 5296 filii
237 5240 379 5308 monachi,
397 5241 485 5312 priori
499 5247 591 5296 restro
604 5245 744 5313 tanquam
757 5245 875 5314 proprio

59 5337 164 5411 pastori
178 5340 207 5390 et
223 5335 325 5390 rectori
343 5335 504 5389 ammarum
523 5339 680 5391 vestrarum
702 5335 830 5391 debitam
845 5337 874 5392 in

60 5430 196 5488 omnibus
212 5429 417 5500 subjectionem
435 5431 520 5501 atqne
544 5428 739 5484 obedientiam
760 5430 872 5502 Impen-

58 5526 143 5591 datis,
161 5531 188 5578 et
203 5539 295 5595 nequa
309 5523 337 5577 ιιι
360 5521 566 5578 reformatione
591 5521 698 5578 ordinis
717 5524 873 5579 secuudum

10 5612 12 5627 '
57 5618 206 5690 anitquam
223 5621 252 5671 et
264 5615 460 5671 rationabilem
477 5615 741 5672 camaldulensium
754 5633 874 5673 consue·

13 5700 17 5730 ²
59 5712 198 5779 tudinem,
213 5728 266 5766 nec
281 5712 309 5766 in
326 5711 455 5783 quolibet
475 5709 543 5779 allo,
561 5711 637 5783 quod
649 5710 684 5766 ad
707 5711 796 5784 ipsius
810 5729 872 5767 mo·

10 5796 18 5831 '³
58 5804 178 5871 nestorii
191 5808 220 5861 et
233 5806 357 5861 vestram
376 5804 529 5861 utilitatem
545 5805 697 5878 pertineat,
712 5805 833 5863 rebellas
846 5808 874 5867 ei

220 5903 359 5971 Parnon.
375 5902 584 5971 CLXXXVIII.

928 4586 1138 4642 successoribus
1165 4584 1317 4657 episcopali
1342 4585 1408 4657 jure
1433 4583 1578 4638 subditum
1602 4584 1743 4654 perpetuo

929 4697 1046 4736 manere
1073 4679 1234 4749 sancirnus3
1263 4682 1292 4733 et
1310 4678 1439 4750 ejusdem
1468 4676 1634 4732 monasterii
1655 4673 1743 4730 abbas

927 4775 1091 4847 quicunque
1113 4772 1287 4841 successerit,
1303 4789 1355 4843 per
1373 4787 1422 4826 vos
1444 4770 1547 4826 futuris
1565 4768 1742 4841 temporibus

927 4868 1158 4923 benedictionem
1173 4865 1359 4922 ordinationis
1380 4863 1518 4936 accipiat;
1537 4868 1566 4919 et
1588 4868 1645 4917 tam
1671 4863 1740 4935 ipse,

926 4978 1015 5033 qnam
1030 4962 1077 5032 qui
1091 4960 1190 5015 subeo
1207 4963 1273 5014 srrrrt
1286 4958 1390 5026 clerici,
1406 4958 1441 5013 ad
1459 4957 1600 5029 synodum
1616 4963 1741 5012 vestram

925 5056 1021 5109 venire
1038 5071 1096 5109 non
1109 5059 1232 5109 renuant
1248 5070 1254 5108 :
1271 5052 1400 5124 ejusdem
1418 5067 1532 5123 quoque
1551 5051 1602 5105 loci
1622 5048 1742 5122 quilibet

926 5148 1030 5211 clerici,
1044 5148 1088 5203 rel
1109 5146 1242 5202 monachi
1265 5163 1318 5219 per
1339 5149 1466 5200 restrum
1490 5144 1683 5199 ministerium
1705 5143 1740 5200 ad

925 5259 1020 5297 sacros
1033 5243 1148 5297 ordiues
1162 5243 1394 5313 promoveantur,
1407 5238 1543 5308 chrisma,
1555 5238 1652 5293 oleum
1664 5255 1742 5294 sanc-

924 5339 998 5406 tum,
1014 5336 1241 5391 consecrationes
1260 5334 1392 5389 altarium
1417 5334 1475 5387 sire
1497 5332 1678 5388 basilicarum
1698 5335 1741 5389 rel

925 5432 1028 5503 inipso
1043 5429 1227 5496 monasterio,
1244 5428 1301 5483 sive
1314 5428 1344 5483 In
1360 5427 1439 5482 cellis
1459 5427 1531 5498 ejus,
1546 5430 1596 5481 aut
1616 5428 1742 5483 ecclesiis

924 5526 954 5580 ιιι
979 5532 1071 5580 restra
1095 5522 1230 5596 parochia
1256 5520 1417 5578 constitutis
1438 5537 1454 5574 a
1477 5520 1557 5576 robis
1576 5521 1739 5593 suscipiant,

925 5620 1066 5692 siquidem
1078 5618 1207 5691 gratiam,
1225 5622 1311 5689 atqua
1329 5615 1563 5671 cummrrnIonem
1577 5614 1741 5687 apostolica

924 5714 1000 5770 sedis
1012 5712 1180 5781 habueritis,
1197 5715 1226 5767 et
1236 5729 1270 5768 ea
1283 5711 1372 5783 gratis
1393 5727 1425 5766 ac
1449 5710 1509 5767 siha
1531 5709 1670 5782 pravitate
1693 5723 1739 5761 ro·

923 5808 1033 5866 lueritis
1049 5807 1194 5865 exhibere

1567 5899 1619 5953 'ih
