3750 6046
93 183 123 234 aa
537 180 689 237 ursrouu
711 167 975 236 retrursusrlca.
995 205 1028 215 -
1046 172 1131 230 ruas
1154 176 1173 230 r.
1190 206 1223 215 -
1240 174 1303 232 ua
1325 177 1344 230 ι.
1749 184 1783 237 ee

93 323 144 375 quc
167 309 260 361 sortes
273 305 426 361 dederuut.
448 307 580 362 Oratione
605 313 730 362 aeterua
747 310 829 363 Petro
842 307 915 361 lacta
927 318 954 388 Α
967 301 1036 356 aulis
1052 302 1116 357 vitre
1136 302 1330 375 relinquentes
1351 304 1378 358 iu
1402 320 1506 359 norrun
1524 305 1672 362 homiuem
1696 324 1779 363 reuo-

94 405 119 451 et
133 399 170 454 ab
183 400 248 454 aliis
265 399 444 467 confirmata,
458 417 517 455 sors
535 417 621 472 super
638 401 773 457 blathiam
796 400 911 460 cecidit.
966 395 1041 451 varia
1058 397 1148 467 (ibide
1163 397 1218 465 4¹)-

94 500 118 548 et
131 498 359 548 connumeratus
369 499 412 549 est
424 511 489 549 cum
501 511 526 551 ru
535 495 669 566 apostolis
680 496 765 566 (liet,
779 512 798 564 r,
809 497 909 562 ta-atti.
1000 490 1082 556 Ecce,
1105 490 1220 560 juvante
1248 492 1313 558 lieo,
1335 492 1503 563 simpliciter
1527 502 1696 564 prosecutus
1715 514 1779 553 sum

125 587 157 640 lli
177 593 247 642 sunt
261 603 296 641 ru
318 589 396 643 horre
411 587 469 643 diei
483 594 512 643 et
526 588 644 659 perlecti
655 605 690 643 su
705 604 816 643 menses
831 587 910 650 anui,
963 583 1210 639 continuationem
1227 585 1382 655 quamdam
1400 601 1417 640 a
1435 586 1581 643 nativitate
1606 589 1711 645 Christi
1732 607 1780 646 us·
1819 636 1822 647 .

94 692 182 752 atque
205 682 305 736 multis
325 681 562 754 [enigmatibusa
586 682 732 753 prophetis
751 683 912 754 etpatriar·
962 693 1018 748 que
1043 677 1078 732 ad
1108 677 1261 734 adrentum
1289 679 1411 751 Spiritus
1434 682 1586 750 paracleti,
1614 687 1644 738 et
1666 683 1781 756 singula

93 775 151 829 rhis
166 775 342 847 jamdudum
362 776 503 847 designati
517 776 646 848 apostoli.
662 777 716 832 llos
738 782 912 831 venerantur·
963 769 1115 826 Salvatoris
1135 772 1274 827 miracula
1288 789 1320 829 ex
1336 775 1508 846 euangelicis
1526 775 1673 832 codicibus
1689 777 1779 834 seria-

94 869 492 938 omneslideliumnationes,
516 870 911 942 meritoquecensenturcoeli
962 865 1014 920 tim
1041 864 1224 937 breviterque
1246 868 1386 938 congessi,
1416 876 1499 940 prout
1530 870 1590 942 ipse
1623 871 1781 927 secundum

94 967 255 1031 senatores,
287 969 315 1017 et
349 964 480 1020 Ecclesia
508 963 625 1035 gloriosi
654 963 817 1035 principes;
843 963 911 1035 quia
962 958 1170 1014 intellectulum
1191 976 1289 1015 meum
1306 961 1443 1034 indagare
1463 964 1626 1034 potui,slre
1650 965 1778 1022 dicacem

94 1073 167 1110 rerae
193 1057 245 1111 viti
268 1057 383 1113 Christo
402 1058 578 1113 inheserunt
603 1057 739 1112 fructuosi
767 1057 909 1128 palmites.
961 1052 1164 1122 augustinum,
1187 1053 1314 1126 aliosque
1340 1054 1469 1113 doctores
1491 1061 1615 1114 sectatus
1638 1061 1790 1122 carauaui.⁴

94 1152 157 1221 Ejus
184 1150 264 1206 enim
279 1152 397 1206 inarvis
411 1151 528 1224 uestigia
552 1151 713 1223 specialiter
731 1151 832 1206 imitati
846 1154 912 1206 suut
964 1148 994 1201 ln
1021 1147 1075 1201 hoc
1099 1163 1203 1218 nempe
1225 1148 1366 1203 sedimine
1392 1150 1461 1205 mihi
1486 1151 1613 1223 meisque
1637 1153 1779 1210 similibus

92 1247 252 1315 spontanea
266 1252 431 1317 paupertate
454 1246 529 1300 inter
549 1245 693 1313 homiues,
709 1245 845 1316 mirisque
859 1245 911 1300 vir·
963 1240 1099 1311 prodesse
1121 1242 1217 1295 curari
1234 1259 1240 1296 z
1256 1241 1296 1296 eis
1314 1242 1430 1312 scilicet,
1449 1244 1495 1315 qui
1519 1245 1663 1316 protunda
1686 1247 1781 1303 docto-

94 1338 200 1393 iutihus
223 1338 365 1395 fulserunt
393 1340 519 1411 insigues
546 1339 612 1394 socii
635 1345 665 1393 ei
687 1339 909 1403 consecretales,
963 1350 1028 1388 rum
1052 1335 1219 1407 prolixaque
1238 1335 1334 1390 rimari
1355 1337 1513 1406 fastidiunt,
1534 1341 1664 1395 conterre
1684 1342 1780 1398 voleus

95 1449 167 1486 uarie
193 1449 265 1487 sero
293 1433 321 1487 in
346 1433 504 1488 caelestibus
527 1433 638 1488 thronis
658 1449 860 1500 consessores,
884 1438 912 1487 et
963 1428 1069 1500 aliquid
1092 1430 1299 1495 emolumenti;
1316 1431 1384 1485 dum
1408 1432 1555 1488 [lominica
1575 1435 1710 1490 miracula
1729 1452 1780 1507 per

95 1544 130 1580 ru
147 1527 279 1581 tribuum
294 1527 489 1583 israelitarum
507 1527 576 1597 justi
593 1544 734 1582 censores.
751 1528 783 1582 Et
796 1527 868 1582 sicut
882 1527 911 1582 iu
963 1526 1088 1593 qllatuor
1119 1521 1205 1577 libros
1229 1523 1331 1578 diffusa
1359 1525 1570 1598 compaginari,
1596 1530 1625 1583 el
1649 1528 1677 1584 in
1703 1529 1781 1586 brari

96 1620 177 1673 terris
189 1621 303 1675 assidue
324 1623 512 1676 cucurrerunt
533 1621 567 1676 ad
588 1620 717 1676 bravium
734 1622 797 1675 ritae
809 1620 913 1675 Christi
963 1621 1040 1671 tomo
1062 1617 1234 1672 examussim
1256 1619 1372 1673 collecta
1399 1619 1544 1676 adnotavi.
1573 1623 1678 1690 Porro,
1707 1641 1777 1680 non·
1857 1656 1861 1663 =

98 1729 239 1784 sequaces,
264 1718 295 1768 et
313 1715 342 1768 in
360 1714 480 1769 Ecclesia
495 1713 636 1770 laboriose
654 1714 831 1769 desudarunt
853 1715 913 1784 eJ'us
926 1689 951 1761 Β
964 1726 1110 1782 uunquam
1135 1711 1235 1765 eadem
1258 1712 1354 1781 verba,
1375 1729 1439 1785 qum
1459 1713 1487 1769 iu
1511 1714 1591 1770 libris
1611 1717 1781 1774 authenticis

96 1807 232 1862 rimriiac
249 1811 345 1874 testes,
360 1808 398 1862 sic
415 1824 488 1862 nuuc
511 1807 587 1863 illius
608 1807 682 1862 beati
710 1811 860 1864 corrrscant
884 1808 911 1862 in
964 1802 1105 1874 ridebam,
1131 1805 1230 1860 avidus
1252 1806 1335 1861 hausi
1358 1808 1528 1881 plerumque
1551 1826 1618 1865 vero
1638 1811 1782 1868 brevitatis

94 1901 167 1955 ruiis
180 1901 356 1957 cohaeredes.
963 1913 1048 1952 causa
1076 1897 1212 1952 dictatum
1243 1901 1365 1969 mutavi,
1393 1901 1443 1955 sed
1469 1901 1601 1959 invictam
1631 1906 1781 1963 veritatem

142 1995 220 2050 xvii.
240 1997 360 2065 spineus
378 2001 486 2051 saneim
506 1999 536 2051 in
554 1997 690 2066 apostolos
709 1996 857 2051 ascendia,
963 1990 1068 2062 ubique
1083 1993 1183 2047 sectari
1197 2009 1381 2064 summopere
1396 1995 1532 2065 laborari,
1548 2014 1600 2053 nee
1613 1999 1779 2056 abautheu·

127 2092 193 2147 Cum
215 2090 416 2159 conplerentur
441 2091 500 2144 dies
523 2092 697 2152 Pentecoste,
724 2088 912 2161 discipulique
961 2085 1017 2138 tica
1031 2101 1158 2157 unquam
1172 2092 1272 2158 sponte
1286 2089 1428 2145 sententia
1441 2090 1608 2146 exorbitavi.

94 2184 160 2237 hora
187 2183 293 2250 tertia,
318 2183 345 2237 iu
374 2199 463 2237 unum
489 2183 658 2254 cougregati
683 2185 780 2237 essent
805 2181 911 2247 fideles,
1056 2179 1144 2235 lllllll.
1165 2183 1257 2250 licque
1276 2184 1468 2253 imperatarum
1489 2187 1679 2243 Rornanorum.

92 2276 667 2348 (mimestrepeutedccoelosoaus,etin
693 2276 787 2349 igneis
805 2276 912 2348 linguis
999 2272 1094 2338 Nunc,
1121 2273 1187 2344 quia
1215 2279 1321 2330 certam
1351 2278 1486 2348 proposui
1518 2279 1779 2353 chronographiam

94 2371 328 2442 supersedentes
347 2370 493 2426 descendit
515 2370 638 2443 Spiritus
659 2373 783 2438 sanctus,
799 2371 912 2442 replens
962 2365 1066 2436 scripio
1098 2368 1249 2437 protelare,
1276 2371 1307 2422 ul
1331 2368 1428 2425 lectori
1460 2370 1563 2426 clarius
1586 2377 1692 2444 pateat,
1708 2377 1779 2431 ordo

96 2481 142 2519 eos
158 2466 241 2520 omni
266 2464 560 2537 scientiadivinisque
582 2464 802 2521 charismatibus
826 2464 911 2526 (Act,
962 2465 1125 2530 temporum
1149 2461 1282 2532 quaedam
1307 2461 1377 2518 libet
1407 2465 1549 2532 inserere,
1578 2482 1643 2538 quaa
1668 2469 1779 2541 antiqui

95 2577 120 2625 n,
136 2562 210 2629 Μ),
964 2557 1057 2623 patres
1073 2553 1102 2609 iu
1116 2554 1261 2626 opusculis
1276 2555 1332 2610 suis
1346 2556 1498 2613 ediderunt
1512 2558 1548 2613 dc
1562 2559 1662 2615 eadem
1679 2578 1720 2617 re.

127 2653 251 2725 Oquam
278 2653 355 2708 velox
373 2660 401 2708 et
422 2652 520 2708 ellicax
535 2658 578 2707 est
592 2652 769 2720 isteartilex,
792 2658 821 2708 et
842 2653 913 2708 desi·
1000 2646 1138 2702 Eusebius
1159 2648 1236 2703 euim
1258 2649 1447 2719 Caesariensis,
1470 2656 1499 2706 et
1515 2651 1660 2724 trilinguis
1679 2654 1780 2711 lliaro·

92 2748 255 2802 derantium
271 2747 433 2802 unctionem
448 2747 509 2818 ejus
524 2746 687 2801 animarum
701 2746 790 2801 dulcis
804 2751 833 2802 et
846 2746 912 2801 riri·
963 2757 1073 2811 rrimus,
1100 2741 1173 2798 lberi
1197 2758 1311 2815 quoque
1336 2745 1481 2816 sophista.
1503 2745 1618 2802 Orosius
1638 2754 1667 2804 et
1684 2749 1783 2823 Hispa·

91 2841 161 2896 deus
187 2840 299 2912 opifer!
327 2840 404 2911 lgais
428 2840 539 2896 divinus
564 2857 620 2895 non
647 2839 835 2906 comburens,
863 2840 911 2896 sed
963 2834 1048 2890 laneis
1068 2836 1201 2904 isidorus,
1217 2837 1322 2909 aliique
1336 2837 1431 2910 plures
1450 2841 1537 2896 mulla
1556 2841 1732 2914 scripserunt
1743 2844 1778 2900 de
1848 2884 1852 2891 -

90 2935 267 3002 illuminans,
294 2934 418 3002 advenit,
445 2933 531 2990 corda
556 2934 759 3005 discipulorum
785 2934 910 2989 ubertim
962 2930 1057 2984 saculi
1083 2931 1264 3000 excursibus3
1294 2933 1493 3005 precipueque
1520 2936 1596 3007 apud
1623 2954 1674 2992 nos
1706 2939 1780 2995 Beda

91 3029 291 3091 inflammarit,
306 3028 466 3084 carnalium
481 3027 669 3083 delectatione
689 3028 864 3099 voluptatum
884 3032 912 3083 et
963 3023 1110 3096 presbyter
1135 3025 1164 3080 iu
1194 3025 1264 3080 libro
1290 3028 1327 3081 Dc
1351 3030 1524 3098 tenporibus,
1548 3030 1595 3102 qui
1620 3037 1781 3103 postremas

91 3123 245 3178 formidine
265 3122 473 3194 suppliciorum
496 3122 653 3177 eracrrarit.
679 3123 733 3177 Eos
756 3120 913 3194 increper
965 3117 1096 3172 omnium
1116 3119 1244 3191 Anglicae
1259 3120 1337 3191 genti
1358 3121 1479 3193 scripsit,
1493 3124 1656 3197 stylumque
1671 3127 1779 3197 priseo·

91 3216 286 3272 diversitatem
315 3217 479 3288 linguarum
503 3215 597 3271 subito
626 3215 732 3285 docuit,
761 3215 790 3270 in
818 3221 914 3271 mente
965 3228 1028 3266 rum
1041 3212 1176 3268 ueraciter
1191 3214 1324 3286 prosequi
1338 3214 1456 3271 studuit.
1853 3193 1857 3213 ⁸

88 3319 187 3366 autem
204 3327 240 3366 ex
251 3311 417 3366 auctoritate
439 3309 590 3379 roboravit,
606 3317 633 3365 et
659 3310 688 3365 iu
714 3309 839 3367 culmine
860 3311 914 3365 rir—
999 3305 1125 3383 Tiberius
1138 3307 1282 3363 Octaviani
1297 3310 1414 3380 augusti
1429 3308 1588 3383 privignus,
1611 3313 1695 3370 Liviae
1708 3334 1778 3374 uxo·

90 3413 184 3461 tutum
201 3412 416 3461 contraomnes
436 3410 512 3459 astus
530 3404 638 3460 inimici
655 3404 767 3460 extulit.
784 3404 914 3459 lareriis
965 3401 1003 3455 rls
1028 3400 1089 3473 ejus
1115 3417 1149 3456 er
1178 3402 1273 3475 priore
1302 3402 1405 3458 marito
1428 3404 1515 3472 filius,
1544 3410 1780 3479 regnavitannis

90 3499 212 3571 apostoli
232 3499 339 3570 linguis
358 3498 502 3570 magnalia
524 3498 572 3553 Dei
593 3498 795 3570 loquebantur,
818 3499 858 3554 ita
882 3503 915 3554 ut
965 3510 1040 3550 ram.
1058 3495 1146 3567 liujus
1160 3512 1236 3552 anno
1257 3513 1297 3551 xu
1317 3497 1422 3553 Pilatus
1440 3500 1545 3555 iudaeae
1558 3508 1726 3572 procurator
1743 3508 1779 3563 ab
1859 3490 1865 3511 ’

90 3593 224 3647 omnium
234 3592 365 3663 gentium
376 3592 492 3647 adrenae
501 3591 756 3664 mirarenturquod
768 3591 913 3664 indigena
965 3588 1066 3644 eodem
1081 3589 1222 3662 dirigitur.
1240 3591 1363 3647 Herodes
1378 3592 1519 3648 tetrarcha
1536 3610 1602 3649 cum
1615 3598 1779 3657 ludaeorum
1850 3598 1854 3603 ’

92 3687 199 3742 tialilari
223 3686 360 3742 omnihus
375 3685 482 3758 linguis
495 3685 600 3741 diserte
619 3689 779 3741 uterentur.
806 3687 862 3741 Hoc
884 3692 915 3742 ut
964 3682 1158 3754 principatum
1174 3688 1284 3739 teneret
1300 3686 1382 3739 anuis
1399 3702 1471 3753 xxiv,
1492 3688 1520 3741 iu
1541 3688 1682 3746 honorem
1695 3693 1777 3751 Tibe-

93 3781 178 3836 inridi
201 3780 291 3835 iudai
316 3779 484 3836 contusione
511 3779 591 3852 digni
616 3786 836 3852 compererunt,
863 3781 912 3852 qui
965 3776 997 3830 rii
1020 3782 1048 3832 et
1070 3777 1153 3831 livia
1176 3778 1274 3833 matris
1297 3779 1358 3849 ejus
1373 3779 1553 3837 Tiberiadem
1577 3785 1708 3841 condidit
1731 3789 1778 3844 lii-

94 3891 182 3946 opera
210 3875 314 3932 Christi
351 3881 379 3929 et
415 3874 499 3929 rerba
529 3874 643 3930 sinislra
680 3874 913 3946 interpretatione
964 3870 1088 3925 ltindem.
1692 3921 1696 3927 ,

92 3985 207 4041 semper
226 3969 384 4040 depravare
402 3969 474 4024 soliti
489 3973 566 4038 sunt,
587 3968 733 4040 magnalia
756 3969 804 4024 Dei
822 3969 913 4024 lantes
999 3968 1080 4020 drino
1096 3966 1197 4037 quinto
1212 3966 1325 4022 decimo
1340 3968 1452 4039 imperii
1462 3969 1566 4026 Tiberii
1579 3972 1709 4046 Caesaris,
1724 3978 1776 4034 llo·
1856 3976 1859 3981 ’

95 4070 189 4118 musto
222 4063 327 4136 plenos
352 4062 554 4118 debacchando
586 4068 780 4118 asseruerunt.
810 4064 912 4118 Verum
965 4059 1059 4113 minus
1077 4061 1157 4115 lesus
1181 4064 1243 4131 post
1261 4060 1444 4133 baptismum,
1464 4080 1551 4135 quem
1571 4067 1691 4124 loannes
1707 4086 1780 4144 prse-

92 4160 192 4213 l'etrus
205 4156 347 4229 spirihrali
372 4163 440 4228 potu
452 4157 559 4212 aliatim
581 4156 725 4212 debriatus
739 4157 768 4211 iu
789 4156 913 4227 perlldos
963 4153 1065 4209 dicavit
1083 4154 1190 4209 mundo
1211 4170 1332 4227 regnum
1345 4157 1482 4212 coelorum
1500 4161 1680 4219 aununtiavit
1691 4182 1699 4234 3
1710 4182 1777 4237 per·
1864 4159 1867 4167 ’

92 4251 228 4315 surrexit,
256 4251 344 4306 rerba
365 4250 513 4323 sapientiae
536 4250 667 4306 salutaris
691 4251 844 4316 eructarit,
878 4251 913 4306 de
963 4248 1032 4302 actis
1051 4265 1068 4302 a
1089 4248 1187 4303 mundi
1208 4249 1347 4321 principio
1368 4252 1522 4308 secuudum
1542 4254 1779 4332 llebroeosaanis,

92 4343 291 4401 incarnatione
311 4350 339 4399 et
364 4344 494 4415 passione
517 4361 550 4399 ac
577 4344 785 4399 resurrectione
806 4345 911 4402 Christi
964 4347 994 4396 ut
1013 4341 1152 4399 Errsebius
1169 4345 1200 4397 iu
1220 4343 1358 4402 Chronicis
1378 4348 1433 4400 sats
1461 4347 1565 4418 signat,
1592 4365 1617 4404 ur
1644 4352 1778 4423 millibus,

91 4440 262 4512 eloquenter
272 4439 412 4505 tractavit,
422 4442 451 4493 et
460 4438 672 4493 multitudinem
688 4434 949 4509 malignantiuml)
960 4435 1123 4491 adnotando
1139 4438 1213 4508 quod
1228 4453 1271 4493 rvr
1294 4454 1370 4494 anno
1385 4440 1488 4494 'liberii
1506 4441 1680 4517 principium
1694 4449 1780 4504 luerit

92 4537 266 4605 cooperante
284 4531 389 4603 Spiritu
408 4537 506 4587 sancto
529 4532 675 4587 confusam
698 4533 855 4604 superarit.
869 4533 913 4589 Sic
963 4545 1033 4584 cxxx
1049 4529 1160 4600 jubilat
1183 4533 1340 4586 secundum
1363 4531 1495 4588 liebraeos
1503 4551 1513 4602 3
1533 4536 1617 4606 juxta
1635 4538 1779 4598 Chronica

93 4633 124 4681 nt
149 4626 303 4695 llalchum,
331 4626 382 4698 qui
409 4643 507 4681 seruus
532 4626 637 4681 summi
664 4626 816 4682 sacerdotis
840 4630 913 4695 erat,
964 4622 1075 4691 tradem,
1091 4623 1229 4695 quoeipse
1252 4625 1386 4680 Euseliius
1411 4626 1446 4680 de
1463 4632 1580 4700 utraque
1593 4629 1729 4701 editione,
1746 4641 1779 4691 ut

94 4722 190 4789 gladio
203 4719 352 4793 quondam
372 4719 519 4792 percussit,
530 4726 558 4776 et
576 4737 676 4776 aurem
699 4719 761 4791 ejus
780 4725 912 4793 amputa·
963 4716 1017 4771 sibi
1030 4717 1189 4787 ridebatur,
1200 4719 1369 4791 composuit,
1386 4720 1453 4773 anni
1465 4726 1531 4776 aurit
1545 4723 1673 4797 quinque
1687 4728 1778 4787 millia

96 4815 206 4896 ril,·sic
227 4814 382 4869 carnaliter
403 4815 558 4870 lamulante
580 4814 632 4870 soli
657 4815 759 4870 litterae.
788 4815 914 4870 Mosairae
964 4810 1081 4866 ducenti
1096 4811 1198 4884 viginti
1213 4815 1287 4867 octo.

95 4911 168 4982 legis
186 4909 305 4982 mystico
326 4909 372 4964 Dei
393 4908 478 4964 verbe
496 4908 619 4981 pupugit
641 4912 807 4981 ueteresque
829 4926 915 4965 coere·
1000 4909 1082 4962 Anno
1098 4906 1284 4978 arurimperii
1301 4906 1417 4975 Tiberii,
1430 4909 1566 4966 Dominus
1579 4929 1630 4968 sus
1647 4919 1779 4987 passione

95 5005 207 5060 monias
222 5007 251 5059 et
264 5003 478 5059 observationes
491 5001 527 5057 ab
541 5003 686 5058 intellectu
701 5004 913 5075 neophytorum
967 5000 1106 5055 muudum
1128 5000 1259 5067 redemit,
1282 5003 1310 5054 et
1334 5001 1421 5056 victor
1448 5021 1465 5057 a
1486 5006 1606 5061 mortuis
1631 5011 1716 5066 tertia
1733 5014 1780 5071 die

97 5099 244 5153 remearit.
268 5098 381 5153 ludaeos
402 5097 510 5168 itaque,
529 5114 600 5168 quos
622 5096 658 5152 ad
685 5113 783 5152 necem
809 5098 914 5152 ilcssiae
966 5110 1117 5166 resurgens
1137 5094 1340 5149 lidelibussuis
1360 5097 1527 5154 rrrauilestus
1548 5104 1681 5173 apparuit
1700 5113 1729 5161 et
1747 5124 1780 5164 xa

98 5194 216 5265 perfidia
245 5192 343 5247 sarire
372 5192 456 5263 paulo
480 5198 546 5246 ante
573 5192 681 5263 coegit,
710 5192 819 5246 terrens
839 5192 912 5246 Petri
965 5186 1012 5242 dic
1034 5187 1193 5243 ridentibus
1216 5187 1269 5242 illis
1295 5189 1323 5243 iu
1348 5191 1450 5245 coelruu
1477 5195 1614 5249 ascendit.
1640 5199 1780 5272 agrippa,

98 5288 266 5359 pradicatio
275 5286 309 5341 ad
326 5286 521 5358 poenitentiam
537 5292 565 5340 et
578 5285 662 5341 iidem
675 5288 760 5357 atque
773 5285 916 5358 baptisma
965 5287 1156 5354 cognomento
1179 5282 1310 5348 llermles,
1326 5283 1400 5337 lilius
1420 5284 1572 5340 aristobuli
1594 5289 1634 5343 lili
1661 5291 1780 5349 llerodis

98 5381 239 5436 inritavit.
262 5381 295 5435 Et
308 5384 445 5452 tanquam
461 5379 553 5451 pisces
571 5380 606 5435 de
628 5380 729 5451 pelago
744 5379 842 5434 solitus
856 5378 915 5433 lue·
966 5376 1050 5447 regis,
1065 5383 1210 5431 accusator
1223 5375 1341 5432 Herodis
1356 5378 1515 5446 tetrarchas,
1531 5381 1651 5438 Romam
1670 5387 1779 5458 protae.

98 5482 142 5531 rat
154 5468 306 5531 axuaherc
321 5473 390 5529 retis
406 5472 577 5543 ministerio,
592 5473 632 5529 sie
645 5477 775 5529 errantes
787 5473 822 5528 de
836 5473 915 5544 iguo
965 5477 1010 5524 ius
1032 5487 1048 5524 a
1066 5469 1177 5526 Tiberio
1196 5471 1227 5524 in
1252 5471 1365 5526 vincula
1385 5471 1550 5543 conjicitur-3
1575 5477 1622 5533 uhi
1642 5479 1780 5551 plurimos
1819 5506 1823 5511 ·
1855 5518 1858 5523 ·

97 5569 198 5625 cantiae
226 5573 314 5640 puteo
334 5567 371 5622 ad
390 5583 467 5623 vera.
491 5566 559 5623 lidei
582 5559 756 5622 soliditatem
777 5566 917 5638 pertraxit
964 5564 1019 5620 sibi
1033 5563 1070 5620 ad
1083 5563 1236 5619 amicitiam
1250 5564 1356 5631 ascivit,
1371 5571 1398 5620 et
1413 5566 1536 5622 maxime
1550 5570 1650 5628 Caium
1664 5574 1781 5635 Germa·

97 5666 205 5719 sauctar
228 5660 437 5736 predicationis
464 5660 577 5717 allicio.
605 5660 684 5717 Unde
711 5675 914 5716 conversorum
966 5658 1021 5713 uici
1038 5657 1138 5712 lilium.

98 5760 161 5835 ipso
182 5756 229 5813 die
247 5756 303 5813 tria
324 5755 415 5813 millia
435 5755 597 5830 baptizarit,
617 5741 652 5813 et*
664 5758 835 5811 vetustatem
858 5771 914 5810 car·
1000 5751 1093 5821 Caius,
1116 5758 1308 5827 cognomento
1325 5754 1469 5829 Caligula,
1479 5759 1618 5833 regnauit
1635 5776 1734 5825 annm
1745 5780 1799 5839 ux,

1837 5900 1867 6003 ..i
